1970 3203
225 206 305 245 31ss
601 215 666 241 lUS
695 213 897 240 NATURAE
919 222 939 227 -
957 211 1065 238 PARS
1095 212 1131 237 11.
1160 210 1227 237 ius
1256 209 1430 236 sociALe

226 290 317 342 ipsa
349 289 544 336 societas,
576 288 692 327 iuxta
721 287 838 336 leges
867 283 1059 337 propriae
1089 288 1265 321 naturae
1294 287 1334 322 et
1363 280 1550 334 originis,
1581 279 1645 319 ius
1675 278 1802 319 habet

225 366 270 392 se
301 351 582 392 conservandi
617 358 658 390 et
686 348 910 389 adhibendi
940 348 1076 387 media
1097 379 1105 395 ,
1137 346 1227 386 sine
1256 345 1405 398 quibus
1443 343 1686 384 conservari
1716 355 1800 382 non

223 423 378 470 posset.
411 417 532 464 Quod
562 416 596 456 si
625 415 665 454 id
695 429 768 468 pro
799 415 947 468 quavis
964 413 1165 453 societate
1186 411 1346 459 militat,
1367 410 1523 450 fortiori
1544 410 1632 449 iure
1655 408 1808 448 militat

224 497 298 537 pro
319 483 525 532 Ecclesia;
550 482 668 522 cuius
690 481 938 522 exsistentia
959 486 999 520 et
1020 478 1285 519 conservatio
1308 477 1546 517 immediata
1576 476 1651 516 Dei
1682 474 1797 515 ordi-

222 550 393 591 natione
410 550 563 597 nititur,
586 555 626 588 et
647 548 765 588 cuius
786 560 938 600 scopus
960 546 1097 598 magis
1112 545 1296 591 interest,
1313 557 1439 596 quam
1455 557 1607 596 scopus
1623 541 1796 582 alterius

223 615 441 655 cuiuslibet
462 614 688 655 societatis.
706 616 761 654 At
782 627 880 654 vero
898 612 1092 653 Ecclesia
1111 611 1201 651 sine
1218 610 1470 663 proprietate
1492 623 1570 650 nec
1587 622 1688 650 suae
1706 620 1806 648 con—

223 679 451 719 servationi
473 687 513 719 et
532 678 820 727 incolumitati,
843 691 919 718 nec
947 677 1031 725 fini,
1054 689 1176 729 quem
1205 674 1393 722 intendit,
1423 673 1528 713 satis
1557 672 1800 725 prospicere

224 752 377 798 posset.
400 746 610 786 Plurimae
632 746 740 786 enim
767 756 978 797 expensae
1006 741 1273 783 necessariae
1302 740 1382 793 ipsi
1411 745 1519 788 sunt,
1551 745 1636 779 tum
1665 739 1719 779 ad
1751 738 1807 778 di-

223 809 308 848 vini
339 810 487 858 cultus,
508 809 577 862 qui
608 816 810 849 externus
840 815 902 848 est
931 816 970 846 et
1001 806 1195 854 visibilis,
1227 812 1419 845 ornatum
1451 811 1491 844 et
1521 804 1802 856 magnificen-

223 876 335 924 tiam,
359 882 443 915 tum
465 876 518 915 ad
539 875 764 923 ministros,
785 874 933 927 quibus
957 873 1096 921 utitur,
1126 872 1426 912 convenienter
1455 871 1629 911 alendos
1649 901 1658 918 ‚
1687 869 1806 910 iuxta

225 940 488 992 singulorum
510 952 729 979 munerum
750 938 1008 989 exigentiam
1030 944 1069 977 et
1090 937 1347 988 dignitatem,
1369 943 1412 975 ut
1431 936 1493 975 sic
1515 949 1561 976 se
1589 934 1801 974 immunes

224 1014 393 1046 servent
410 1006 462 1045 ab
478 1005 590 1045 omni
607 1011 773 1045 terreno
795 1004 963 1057 negotio
985 1011 1024 1044 et
1046 1003 1184 1043 divino
1205 1003 1331 1043 cultui
1349 1017 1400 1043 ac
1417 1002 1544 1043 saluti
1560 1002 1801 1041 animarum

223 1073 345 1112 unice
376 1077 540 1119 vacent;
562 1077 648 1110 tum
678 1071 719 1109 al
741 1071 1062 1110 beneficentiam
1084 1070 1364 1110 exercendam
1385 1082 1486 1121 erga
1506 1081 1713 1120 pauperes
1735 1067 1805 1106 vel

223 1138 427 1184 infirmos,
459 1149 566 1188 quae
588 1149 686 1188 pars
715 1142 780 1174 est
807 1134 1035 1186 religionis,
1068 1139 1154 1173 tum
1185 1133 1362 1185 denique
1391 1133 1445 1172 ad
1465 1130 1805 1172 subveniendum

222 1203 301 1255 piis
330 1202 659 1242 institutionibus
688 1207 728 1241 et
749 1200 985 1241 educationi
1015 1200 1277 1240 clericorum.
1299 1200 1417 1238 Haec
1449 1204 1587 1238 autem
1609 1196 1803 1250 proprie-

224 1275 288 1306 tas
319 1266 480 1306 stabilis
510 1279 605 1306 esse
635 1265 755 1305 debet
785 1272 824 1304 et
853 1265 905 1304 ab
936 1264 1048 1303 omni
1076 1263 1373 1316 impedimento
1401 1263 1544 1311 libera,
1563 1274 1688 1302 secus
1709 1273 1802 1300 me—

224 1330 304 1378 dia,
335 1330 384 1369 de
415 1330 566 1382 quibus
597 1329 814 1381 loquimur,
845 1328 1007 1368 incerta
1036 1335 1190 1375 essent,
1221 1326 1425 1379 precaria,
1457 1333 1582 1378 atque
1613 1325 1665 1364 ab
1695 1325 1805 1364 alio-

224 1409 315 1434 rum
355 1397 570 1436 voluntate
612 1395 861 1447 pendentia,
907 1394 1016 1446 quod
1050 1392 1265 1433 securitati
1301 1406 1327 1432 a
1364 1392 1544 1433 libertati
1585 1391 1805 1432 Ecclesiae

223 1472 476 1512 magnopere
505 1459 765 1499 adversatur.

276 1528 411 1579 Atque
443 1526 542 1566 hinc
576 1527 761 1579 sequitur
790 1526 991 1566 eiusmodi
1021 1525 1085 1564 ius
1114 1531 1199 1563 tam
1217 1537 1384 1563 sacrum
1406 1536 1501 1563 esse
1523 1529 1644 1575 atque
1666 1520 1804 1561 invio-

224 1593 362 1642 labile,
392 1607 517 1646 quam
544 1606 714 1632 sacrum
746 1601 785 1633 et
801 1592 1040 1633 inviolabile
1070 1591 1212 1632 estius
1229 1591 1439 1643 propriam
1470 1590 1666 1630 servandi
1686 1588 1800 1628 exsi-

224 1658 419 1697 stentiam
454 1672 506 1698 ac
537 1664 667 1697 tutam
697 1658 934 1707 efficiendi3
965 1656 1074 1709 quod
1102 1655 1167 1695 ius
1196 1656 1238 1694 in
1269 1654 1463 1695 Ecclesia
1484 1687 1492 1703 ,
1524 1662 1567 1694 ut
1597 1654 1777 1693 diximus
1797 1685 1806 1701 ,

227 1722 410 1761 divinum
441 1729 516 1762 est.
549 1722 824 1763 Confunditur
854 1722 963 1761 enim
995 1735 1089 1761 cum
1121 1721 1212 1772 ipso
1241 1719 1330 1759 iure
1360 1719 1539 1766 Christi,
1571 1718 1689 1758 cuius
1721 1719 1807 1757 Ec·-

226 1789 356 1828 clesia
386 1803 539 1841 corpus
569 1796 632 1830 est
662 1794 701 1829 et
730 1802 920 1840 regnum.

276 1854 365 1893 130.
394 1854 651 1892 szoposmo
681 1853 741 1892 ef*
785 1851 1001 1893 Ecclesiae
1031 1852 1230 1904 competit
1257 1854 1323 1890 ius
1360 1850 1619 1891 instituendi
1661 1852 1806 1889 coetus

223 1929 372 1957 sacros
400 1931 474 1956 scit,
505 1918 693 1957 minores
715 1918 1065 1965 consociationes,
1089 1914 1508 1968 viquarumfidetes,
1531 1913 1805 1967 quicttpittnt

224 1984 520 2024 determinatis
551 1984 711 2036 legibus
740 1984 815 2024 sub
848 1984 1054 2036 regimine
1074 1981 1311 2035 peculiaris
1332 1980 1619 2028 auctoritatis,
1643 1979 1693 2018 ab
1715 1978 1802 2018 Ec—

226 2051 355 2091 clesia
385 2051 672 2103 dependentis,
696 2050 974 2103 JJezsectior‘t's
1006 2050 1116 2088 vitae
1142 2061 1278 2101 yemis
1302 2047 1607 2100 profiteantur.

282 2115 403 2155 Prob.
424 2117 516 2155 Hoc
536 2115 600 2155 ius
622 2115 835 2155 evidenter
852 2114 1120 2166 consequitur
1137 2126 1190 2152 ex
1206 2113 1308 2160 iure,
1325 2111 1435 2164 quod
1451 2110 1579 2151 habet
1595 2110 1805 2158 Ecclesia,

227 2193 272 2219 se
290 2179 417 2219 libere
435 2179 673 2231 explicandi
689 2181 797 2218 intra
812 2178 963 2218 limites
981 2177 1174 2230 propriae
1190 2176 1418 2216 activitatis
1435 2187 1475 2215 et
1492 2175 1599 2215 finis.
1619 2176 1670 2214 Et
1688 2187 1805 2223 sane,

227 2245 464 2285 huiusmodi
485 2252 642 2293 coetus,
664 2245 733 2298 qui
749 2245 974 2297 religiosae
991 2243 1172 2283 familiae
1193 2243 1474 2290 nominantur,
1501 2248 1599 2281 sunt
1620 2242 1733 2282 velut
1750 2241 1807 2280 in-

227 2319 458 2352 strumenta
479 2312 697 2364 quaedam,
720 2311 868 2364 quibus
889 2312 948 2350 Ec
958 2309 1088 2350 clesia
1109 2310 1161 2348 ad
1182 2308 1365 2348 divinum
1388 2309 1544 2348 cultum
1568 2315 1607 2348 et
1628 2309 1808 2348 salutem

229 2378 465 2417 animarum
487 2377 675 2417 securius
698 2384 738 2417 et
761 2376 984 2428 perfectius
1006 2374 1336 2428 promovendam
1367 2374 1506 2423 utitur,
1538 2373 1646 2414 sicut
1677 2386 1809 2427 pecu-

229 2444 355 2484 liares
374 2443 714 2484 consociationes
735 2443 894 2491 civiles,
916 2449 1014 2495 puta
1034 2454 1141 2494 quae
1161 2441 1215 2480 ad
1238 2440 1499 2489 industriam,
1519 2441 1582 2480 vel
1598 2445 1722 2487 artes,
1743 2439 1813 2478 vel

228 2509 527 2548 commercium
559 2508 766 2561 pertinent
786 2507 1065 2546 instrumenta
1094 2510 1192 2544 sunt
1213 2505 1357 2544 Status
1387 2504 1557 2556 politici,
1579 2503 1727 2556 quibus
1745 2503 1807 2542 ci—

226 2577 351 2617 vilem
373 2590 494 2616 suum
525 2576 648 2615 finem
689 2574 860 2626 assequi
891 2573 1043 2612 nititur.
1076 2573 1183 2610 Tum
1213 2570 1338 2611 etiam
1369 2570 1556 2610 militiam
1585 2569 1810 2622 quamdam

228 2655 395 2682 sacram
426 2641 695 2689 constituunt,
726 2654 832 2693 quae
863 2639 978 2679 Fidei
1010 2638 1141 2678 armis
1172 2637 1409 2677 Ecclesiam
1440 2632 1635 2676 defendat
1659 2642 1697 2677 et
1720 2649 1815 2675 am-

226 2708 398 2761 plificet,
429 2720 479 2746 ac
509 2706 634 2745 veluti
666 2704 922 2745 exercitibus
951 2702 1292 2756 permanentibus
1322 2700 1624 2741 assimilantur.
1646 2701 1704 2740 Ut
1723 2699 1810 2752 igi-

230 2781 297 2814 tur
327 2774 470 2813 Status
500 2770 691 2823 politicus
721 2768 956 2821 praepediri
996 2768 1137 2820 nequit
1171 2766 1395 2819 quominus
1441 2778 1543 2805 suas
1584 2764 1813 2805 societates

232 2838 434 2885 efformet,
466 2842 505 2876 et
534 2836 587 2874 ad
608 2848 654 2874 se
686 2834 901 2874 tutandum
923 2833 1067 2885 copias
1089 2830 1264 2869 militum
1284 2829 1476 2878 instruat;
1508 2828 1569 2869 sic
1601 2828 1728 2868 etiam
1761 2828 1810 2868 de

233 2904 428 2946 Ecclesia
445 2903 665 2942 dicendum
676 2908 751 2942 est.
774 2902 825 2940 Et
845 2896 1193 2952 quemadmodum
1210 2896 1251 2935 in
1269 2908 1319 2935 ea
1339 2909 1383 2936 re
1405 2896 1540 2937 civilis
1558 2897 1741 2938 societas
1757 2894 1813 2935 li-
