1970 3203
489 201 625 227 CAPUT
654 200 705 226 iv.
735 200 788 226 DE
818 201 989 228 OFFICns
1018 201 1187 227 HOMles
1218 199 1329 227 ERGA
1359 199 1478 226 ALIOS
1694 189 1770 228 167

206 276 313 315 idest
341 262 600 326 loquutiones
629 286 736 325 quae
766 274 925 313 ratione
955 274 1017 314 sui
1040 279 1079 313 et
1103 274 1406 321 adiunctorum,
1427 273 1469 312 in
1500 273 1647 326 quibus
1669 289 1769 327 pro—

204 341 406 385 feruntur,
437 351 563 377 unum
595 338 812 377 dumtaxat
841 351 1008 378 sensum
1040 338 1286 389 exprimant,
1316 337 1383 390 qui
1404 337 1537 377 salsus
1567 338 1643 387 sit;
1675 339 1769 379 licet

206 419 280 457 per
310 410 467 456 partem
498 403 634 451 aliam,
662 416 768 455 quae
797 404 888 443 sola
918 409 1053 442 mente
1080 403 1290 451 retinetur,
1322 402 1429 442 effici
1467 404 1598 455 possit
1627 418 1763 444 verus.

208 463 286 514 Q'ui
315 467 424 507 enim
453 467 514 506 sic
542 466 731 519 loquitur,
762 466 889 506 verba
917 465 1071 519 profert
1091 467 1360 518 conceptibus
1389 467 1511 518 plane
1541 466 1760 515 difformia,

204 544 254 570 ac
284 530 454 582 proinde
485 543 633 582 reapse
663 529 868 569 mentitur.

253 597 315 636 66.
347 597 604 635 PRoposmo
636 595 691 635 3³.
714 595 779 634 Eoe
801 608 957 643 amore,
980 594 1080 634 aliis
1103 594 1238 633 debito
1263 596 1446 635 resultat
1464 596 1596 635 etiam
1616 599 1773 648 utpr‘o-

195 659 313 698 ximo
345 659 659 706 benefaciamus
681 691 689 706 ,
723 658 846 710 idque
868 659 1127 710 pleramque
1156 671 1206 697 θῦε
1236 658 1375 710 officio
1422 659 1664 711 imperfecto
1693 672 1769 698 seu

195 739 306 778 pure
337 725 508 764 morali.

259 791 381 830 Prob.
412 793 499 830 Nos
529 804 613 830 non
645 791 765 830 modo
795 790 988 829 iniuriam
1018 790 1101 841 pati
1143 790 1359 838 nolumus,
1391 790 1464 829 sed
1493 791 1614 830 etiam
1647 792 1767 831 bonis

200 855 345 908 augeri
378 855 583 907 cupimus,
613 868 720 907 quae
756 860 928 894 naturae
959 854 1039 893 sint
1069 861 1366 893 consentanea.
1398 854 1440 893 Si
1470 854 1593 906 igitur
1622 856 1767 906 proxi-

208 935 318 960 mum
352 927 563 973 tamquam
594 934 670 960 nos
700 920 813 972 ipsos
844 920 1014 972 diligere
1044 927 1242 966 tenemur,
1272 933 1535 972 consequens
1565 925 1626 958 est
1656 930 1697 960 ut
1718 921 1772 959 ad

201 984 355 1023 bonum
385 984 462 1036 ipsi
493 984 668 1036 positive
698 984 1006 1034 procurandum
1028 990 1150 1035 atque
1181 983 1233 1022 ad
1260 983 1347 1023 eius
1378 981 1703 1022 incolumitatem
1727 992 1768 1022 et

202 1050 495 1102 perfectionem
527 1050 735 1096 tuendam,
767 1062 935 1100 operam
965 1056 1163 1097 nostram,
1195 1056 1314 1100 prout
1344 1062 1564 1100 possumus
1583 1080 1591 1095 ,
1621 1048 1767 1089 confe-

201 1128 355 1154 ramus.
373 1115 622 1158 Huiusmodi
640 1114 791 1160 officia,
813 1127 918 1166 quae
940 1114 1116 1166 positiva
1137 1121 1244 1161 sunt,
1261 1114 1667 1166 comprehenduntur
1689 1114 1769 1152 hac

200 1179 405 1220 formula:
439 1180 564 1224 Quod
594 1180 668 1218 tibi
698 1180 756 1219 vis
773 1179 892 1231 fier-i,
924 1179 1243 1231 alterisacc‘as.

258 1244 304 1282 In
335 1243 539 1295 duplicem
562 1249 700 1282 autem
722 1243 899 1282 classem
922 1243 1127 1295 dispartiri
1148 1244 1308 1284 solent:
1338 1244 1377 1282 in
1401 1243 1600 1295 obsequia
1621 1245 1764 1281 Imma-

206 1309 353 1348 nitatis
382 1309 479 1359 (vel,
520 1315 561 1349 ut
595 1308 663 1347 alii
705 1314 866 1356 vocant,
896 1309 1095 1347 z'nnooea'ae
1127 1309 1354 1359 utilitatis),
1385 1316 1425 1348 et
1453 1309 1763 1361 beneficentiae.

204 1372 347 1411 Prima
376 1379 496 1419 sunt,
526 1385 632 1424 quae
661 1372 751 1411 sine
781 1372 945 1424 proprio
991 1372 1253 1411 incommodo
1292 1379 1363 1411 aut
1392 1373 1637 1412 detrimento
1667 1372 1760 1410 aliis

197 1437 463 1485 exhibentur,
494 1445 536 1475 ut
565 1450 630 1475 ex.
662 1450 722 1487 gr.
755 1437 909 1475 erranti
939 1436 1049 1475 viam
1080 1438 1329 1485 ostendere,
1361 1437 1514 1489 petenti
1544 1437 1763 1476 consilium

203 1503 314 1550 dare,
329 1503 449 1542 nobis
471 1502 630 1541 inutilia
650 1502 804 1553 largiri,
823 1508 862 1542 et
882 1503 943 1542 sic
962 1503 1011 1542 de
1032 1502 1210 1554 reliquis.
1231 1503 1425 1542 Secunda
1442 1516 1540 1542 vero
1563 1503 1766 1549 dicuntur,

204 1581 309 1619 quae
328 1581 354 1606 a
375 1567 493 1606 nobis
515 1573 780 1619 praestantur
809 1581 901 1606 cum
924 1568 1060 1620 aliquo
1081 1568 1344 1607 incommodo
1364 1569 1427 1608 vel
1458 1582 1593 1608 rerum
1612 1574 1768 1607 nostra-

209 1646 300 1671 rum
332 1633 577 1672 detrimento
596 1665 605 1680 ,
636 1638 678 1670 ut
712 1633 746 1671 si
778 1633 953 1684 pecunia
982 1643 1052 1672 aut
1082 1646 1209 1684 opera
1238 1634 1329 1672 aliis
1360 1634 1616 1686 opitulemur.
1656 1634 1773 1673 Haec

210 1699 335 1750 longe
364 1698 568 1738 nobiliora
598 1704 693 1736 sunt
724 1702 764 1737 et
793 1699 982 1738 altiorem
1014 1698 1180 1750 pariunt
1210 1699 1386 1739 laudem.
1418 1701 1473 1739 Ut
1502 1706 1640 1738 autem
1673 1712 1769 1751 pru-

169 1777 175 1781 ·
201 1762 367 1801 dentiae
397 1762 542 1814 regula
571 1762 868 1813 gubernentur,
899 1762 1053 1801 attendi
1085 1762 1204 1801 debet
1240 1762 1421 1801 conditio
1454 1771 1537 1801 tum
1569 1763 1670 1810 eius,
1702 1761 1769 1813 qui

204 1825 376 1873 confert,
399 1832 483 1864 tum
506 1825 595 1865 eius
615 1826 682 1878 qui
706 1826 853 1877 recipit
873 1826 1132 1866 beneficium.
1157 1826 1424 1865 Potissimum
1455 1827 1687 1866 cavendum
1710 1832 1773 1865 est

209 1903 261 1930 ne
291 1890 385 1928 dum
416 1889 484 1928 uni
514 1903 747 1942 prosumus,
777 1890 895 1930 alteri
915 1903 1167 1938 noceamus,
1193 1901 1313 1943 atque
1336 1890 1439 1929 utin
1469 1890 1768 1931 benefaciendo

205 1953 305 1993 ordo
337 1959 539 2000 servetur,
571 1960 775 2006 quatenus
805 1954 871 2006 qui
901 1954 1210 1994 cuniunctiores
1239 1962 1334 1994 sunt
1363 1954 1495 2002 nobis,
1527 1962 1597 1993 aut
1627 1967 1772 1993 mora-

208 2019 347 2067 tiores,
378 2026 449 2058 aut
479 2019 625 2058 maiori
656 2020 906 2059 necessitate
936 2020 1186 2068 laborantes,
1219 2020 1366 2060 ceteris
1396 2019 1696 2072 praeferantur.

259 2083 337 2128 Qui
366 2083 604 2123 huiusmodi
634 2083 813 2134 positiva
833 2083 972 2122 officia
993 2083 1109 2122 alteri
1132 2084 1323 2135 denegat,
1346 2084 1421 2122 etsi
1453 2083 1613 2122 dicatur
1636 2083 1764 2122 inlut-

208 2162 361 2188 manas
393 2149 711 2200 (humanitatem
734 2148 855 2196 enim,
877 2162 982 2200 quae
1003 2149 1194 2189 homines
1217 2158 1359 2188 mutua
1379 2149 1554 2189 caritate
1575 2148 1766 2196 devincit,

205 2228 230 2254 a
259 2228 304 2254 se
334 2215 523 2266 repellit),
554 2223 693 2254 tamen
724 2215 866 2254 stricto
897 2228 1025 2253 sensu
1056 2215 1133 2254 dici
1167 2215 1305 2267 nequit
1337 2215 1531 2262 iniustus,
1563 2227 1694 2266 neque
1715 2214 1769 2252 ad

205 2293 256 2319 ea
273 2281 525 2331 praestanda
546 2280 638 2332 cogi
656 2287 789 2332 potest
811 2280 849 2319 vi
870 2288 1056 2319 externa.
1078 2281 1169 2319 Non
1191 2281 1300 2320 enim
1322 2287 1417 2320 sunt
1441 2280 1640 2327 z'uridz'ca,
1665 2293 1772 2332 quae

205 2357 352 2396 nempe
382 2343 561 2383 iustitiae
582 2344 862 2395 respondeant
882 2358 890 2392 3
913 2344 987 2383 sed
1007 2351 1102 2384 sunt
1125 2358 1222 2396 pure
1254 2344 1451 2391 moralia,
1474 2342 1769 2395 respondentia

206 2407 346 2446 virtuti
376 2407 562 2446 caritatis
592 2409 657 2447 vel
688 2407 1033 2455 benevolentiae;
1065 2421 1235 2459 quarum
1267 2406 1509 2446 exercitium
1540 2406 1660 2445 nobis
1688 2405 1769 2444 im-

205 2478 372 2524 peratur
401 2471 563 2523 quidem
584 2485 610 2510 a
639 2473 740 2518 Deo,
770 2472 855 2519 sed,
886 2485 980 2510 cum
1002 2485 1084 2511 non
1105 2474 1158 2511 ad
1178 2485 1324 2511 omnes
1351 2471 1518 2511 extendi
1547 2470 1679 2523 possit
1708 2471 1765 2521 (id

205 2538 314 2577 enim
345 2537 454 2577 vires
485 2540 670 2589 superat)
699 2550 801 2589 erga
830 2550 949 2589 quem
981 2537 1289 2589 particulatim,
1321 2543 1361 2576 et
1404 2550 1483 2589 quo
1514 2541 1696 2588 tempore
1726 2544 1765 2574 et

207 2614 288 2653 qua
305 2614 516 2648 mensura,
535 2608 574 2640 et
595 2601 635 2639 in
657 2600 804 2653 quibus
825 2600 1150 2640 circumstantiis
1171 2606 1266 2639 actu
1286 2600 1531 2651 adstringat,
1561 2599 1601 2638 id
1621 2604 1761 2638 nostro

204 2664 356 2705 iudicio
377 2665 565 2705 relictum
583 2673 656 2705 est.
679 2664 801 2705 Unde
822 2678 848 2703 a
868 2665 981 2703 nulla
1001 2665 1201 2716 peculiari
1229 2677 1408 2715 persona
1437 2664 1551 2715 exigi
1583 2677 1658 2703 suo
1681 2664 1766 2702 iure

205 2735 352 2779 potest.
380 2728 536 2780 Excipe
567 2741 710 2767 casum
733 2734 946 2768 extremae
968 2728 1257 2776 necessitatis,
1288 2728 1330 2766 in
1351 2741 1432 2780 qua
1460 2728 1671 2767 evidenter
1692 2741 1769 2778 ap-

200 2800 358 2843 pareat,
388 2794 440 2833 ab
471 2807 521 2832 ea
549 2794 783 2845 proximum
813 2793 979 2833 nonnisi
1010 2806 1086 2845 ope
1115 2801 1261 2833 nostra
1290 2793 1454 2832 liberari
1485 2806 1619 2845 posse.
1653 2794 1769 2831 Tunc

203 2853 374 2894 evidens
394 2857 440 2894 fit
459 2856 755 2907 obligationem
785 2863 961 2897 naturae
986 2857 1252 2896 determinari
1281 2857 1334 2896 ad
1364 2857 1431 2895 hic
1459 2860 1500 2896 et
1535 2869 1672 2905 nunc,
1718 2868 1768 2894 ac
