1970 3203
283 233 419 287 CAPEJT
446 232 474 259 11
501 231 554 259 DE
582 232 885 260 RELATIONIBUS
914 233 1135 260 NATIONUM
1164 233 1205 260 IN
1236 233 1374 260 STATU
1403 232 1519 261 BELLI
1615 221 1694 261 353

182 313 350 360 Quarto,
371 309 595 362 requiritur
625 310 800 350 intentio
827 311 958 365 pacis.
988 311 1147 352 Rectus
1167 310 1277 351 enim
1307 311 1406 351 ordo
1437 312 1617 364 postulat
1647 318 1692 352 ut

133 380 258 419 homo
279 390 324 418 se
346 375 576 416 conformet
595 376 812 417 intentioni
832 380 1021 423 naturae,·
1041 382 1192 417 natura
1211 383 1348 418 autem
1366 391 1450 417 non
1470 379 1523 418 ad
1543 378 1696 418 bellurn

127 444 202 485 sed
231 443 285 483 ad
312 455 460 496 pacem
481 446 627 482 mutuo
646 442 896 482 servandam
918 441 1107 482 homines
1136 442 1289 495 genuit,
1321 448 1361 482 et
1390 442 1431 482 in
1452 448 1610 483 tantum
1631 444 1696 484 fa-

122 511 320 551 cultatem
337 508 539 560 elargitur
567 508 833 561 confugiendi
843 508 896 547 ad
908 503 1288 560 bellum,⁴quatenus
1304 509 1482 549 medium
1493 510 1574 550 hoc
1590 511 1696 551 adeo

126 573 349 613 violentum
381 572 549 612 omnino
570 572 856 612 necessarium
877 572 929 612 sit
948 572 1001 611 ad
1023 572 1202 613 debitam
1219 573 1403 625 gentium
1425 574 1694 614 concordiam

129 635 438 677 restituendam.
461 636 554 682 Qua
581 636 623 674 in
654 649 698 675 re
727 636 938 688 sapienter
971 636 1009 674 S.
1031 637 1302 688 Augustinus:
1329 652 1348 675 ‹<
1369 638 1696 690 Pacem‚inquit‚

128 702 283 742 habere
314 701 433 741 debet
462 702 666 750 voluntas,
689 701 838 741 bellum
873 701 1117 751 necessitas;
1140 707 1182 741 ut
1203 702 1347 743 liberet
1367 705 1480 743 Deus
1510 718 1535 743 a
1555 717 1696 744 neces-

127 768 259 817 sitate,
291 773 331 808 et
359 772 580 807 conservet
609 767 650 806 in
679 781 794 819 pace.
826 769 919 808 Non
948 767 1058 807 enim
1088 781 1171 820 pax
1201 769 1433 821 quaeritur,
1465 775 1507 809 ut
1539 770 1689 810 bellum

122 838 315 885 geratur;
349 831 422 871 sed
451 831 601 871 bellum
632 831 799 884 geritur,
829 837 873 871 ut
901 845 985 884 pax
1014 834 1266 884 acquiratur.
1298 834 1397 873 Esto
1437 846 1536 885 ergo
1566 833 1691 873 etiam

124 899 314 939 bellando
335 897 553 949 pacificus;
586 903 630 937 ut
659 911 744 946 eos,
766 911 870 950 quos
890 910 1121 950 expugnas,
1151 898 1205 937 ad
1224 898 1340 951 pacis
1371 899 1568 939 unitatem
1599 900 1691 939 vin-

126 963 258 1005 cendo
281 961 487 1014 perducas
511 963 581 1013 (1).
600 976 620 1000 »
645 963 696 1001 Et
717 962 889 1010 Tullius,
911 975 1161 1014 quamquam
1183 962 1388 1011 ethnicus,
1410 962 1557 1003 aiebat:
1583 977 1603 1001 «
1623 963 1691 1002 Sic

127 1027 278 1068 bellum
308 1025 575 1078 suscipiatur,
606 1032 650 1065 ut
678 1025 779 1065 nihil
807 1025 918 1065 aliud
947 1039 1070 1078 quam
1101 1039 1184 1078 pax
1213 1026 1402 1078 quaesita
1434 1025 1635 1065 videatur.
1666 1042 1685 1064 »

177 1093 331 1139 Quinta
361 1091 542 1132 conditio
574 1097 637 1132 est
658 1092 834 1144 publica
864 1092 1144 1142 denuntiatam
1175 1092 1242 1144 qui
1271 1092 1381 1132 enirn
1402 1106 1454 1133 ex
1474 1092 1686 1145 inopinato

120 1164 292 1212 gentem
322 1158 503 1211 aliquam
525 1157 837 1211 aggrediuntur,
865 1157 1034 1196 nonnisi
1063 1159 1246 1198 latrones
1277 1172 1327 1198 ac
1357 1159 1589 1210 praedones
1609 1159 1689 1198 ha-

125 1224 248 1264 bendi
278 1228 410 1264 erunt.
442 1223 572 1272 Quod,
604 1228 647 1262 ut
676 1228 799 1275 patet,
830 1222 880 1262 de
908 1223 1015 1263 bello
1037 1223 1241 1263 offensivo
1271 1223 1446 1276 intelligi
1481 1223 1616 1272 debet;
1646 1224 1688 1263 in

123 1286 338 1327 defensivo
369 1286 478 1326 enim
510 1286 586 1326 etsi
615 1285 837 1326 laudabilis
866 1286 918 1326 sit
937 1285 1106 1326 indictio
1129 1294 1168 1326 et
1188 1287 1309 1327 valde
1334 1293 1578 1339 opportuna,
1599 1301 1688 1340 pro-

119 1360 210 1407 pter
239 1353 482 1405 dignitatern
503 1352 700 1405 principis
721 1359 760 1392 et
780 1352 1035 1393 subditorum
1056 1365 1258 1402 normam;
1280 1359 1418 1393 tamen
1443 1353 1685 1393 necessaria

122 1419 290 1461 omnino
307 1432 390 1459 non
413 1425 488 1467 est,
506 1432 600 1458 cum
620 1424 771 1458 natura
791 1431 868 1458 sua
889 1418 1171 1458 subaudiatur.
1194 1419 1341 1466 Quoad
1360 1419 1526 1459 modum
1549 1426 1687 1459 autem

123 1484 458 1533 denuntiationis,
486 1484 680 1524 standum
710 1489 772 1525 est
800 1484 983 1525 moribus
1004 1484 1204 1537 gentium,
1227 1498 1321 1525 cum
1342 1485 1442 1524 nihil
1476 1485 1557 1526 hac
1578 1485 1620 1525 in
1641 1498 1686 1525 re

121 1558 273 1593 natura
303 1550 597 1591 determinarit.

176 1616 363 1668 Denique
392 1620 606 1668 postrema
636 1615 816 1655 conditio
846 1620 919 1664 est,
951 1620 994 1654 ut
1015 1614 1164 1656 modus
1180 1615 1361 1668 yerendi
1379 1615 1532 1655 bellum
1548 1615 1607 1655 sit
1625 1616 1686 1655 le-

116 1683 319 1736 gitimus,
350 1688 437 1721 tum
466 1682 602 1734 quoad
632 1695 775 1731 arma,
805 1687 891 1721 tum
921 1681 1056 1734 quoad
1099 1681 1435 1721 circumstantias
1474 1688 1514 1721 et
1544 1686 1684 1721 cetera

117 1749 215 1789 belli
242 1746 464 1800 praesidia;
496 1761 668 1800 quorum
698 1747 800 1787 nihil
831 1761 992 1788 morum
1017 1747 1226 1788 honestati
1249 1753 1289 1788 et
1312 1747 1456 1788 usibus
1476 1749 1682 1789 cultarum

119 1813 304 1868 gentium
334 1826 575 1866 repugnans
606 1826 699 1854 esse
729 1813 850 1854 debet
880 1815 954 1865 (2).

171 1880 233 1919 26.
265 1879 367 1928 Quid
396 1879 447 1918 de
474 1879 583 1919 hello
611 1891 687 1932 pro
715 1880 929 1932 religione.
952 1879 1103 1926 Quaeri
1133 1880 1258 1920 etiam
1291 1880 1359 1920 hic
1388 1886 1524 1933 potest
1551 1895 1605 1922 an
1635 1881 1686 1921 li-

116 1943 244 1984 citum
274 1943 326 1982 sit
346 1943 497 1983 bellum
527 1957 599 1996 pro
619 1943 820 1996 religione
841 1949 1094 1995 susceptum.
1115 1944 1190 1982 Cui
1212 1944 1445 1996 quaestioni
1476 1945 1601 1986 breve
1622 1959 1681 1986 re-

119 2021 320 2060 sponsum
330 2007 519 2060 suppetit.
534 2008 698 2047 Etenim
715 2008 749 2047 si
766 2008 918 2047 bellurn
934 2008 1158 2060 suscipitur
1169 2022 1241 2060 pro
1252 2008 1454 2061 religione
1472 2010 1686 2051 dilatanda

118 2080 159 2114 et
180 2074 271 2114 aliis
291 2088 362 2127 per
384 2075 464 2114 vim
487 2074 748 2127 imponenda,
769 2075 967 2115 iniustum
997 2081 1071 2115 est.
1101 2075 1263 2128 Religio
1289 2076 1399 2116 enim
1428 2091 1513 2117 non
1545 2069 1684 2128 armis,

120 2140 193 2180 sed
215 2139 401 2181 veritatis
417 2141 510 2180 luce
531 2141 771 2180 diffunditur
786 2145 907 2193 atque
925 2146 1193 2193 propagatur,
1210 2153 1287 2182 nec
1309 2148 1470 2182 mentes
1486 2143 1685 2184 violentia

121 2205 272 2254 domat,
294 2206 366 2245 sed
387 2206 659 2258 persuasione
680 2212 719 2246 et
741 2206 914 2247 caritate
935 2207 1151 2260 pertrahit.
1169 2207 1241 2247 Sin
1261 2207 1503 2261 intelligitur
1523 2209 1573 2249 de
1593 2211 1682 2250 reli-

117 2273 242 2325 gione
262 2272 416 2313 tuenda
442 2273 494 2313 ab
513 2273 663 2326 iniquis
684 2273 1015 2327 aggressoribus,
1037 2274 1104 2326 qui
1129 2275 1262 2326 ipsam
1284 2275 1323 2314 vi
1344 2276 1575 2327 opprimere
1597 2281 1634 2316 et
1656 2291 1684 2317 a

119 2338 314 2378 cordibus
333 2339 576 2390 populorum
597 2340 770 2392 eripere,
788 2345 860 2379 aut
891 2339 980 2380 eius
1010 2339 1280 2380 incolumitati
1310 2341 1527 2382 detrahere
1555 2342 1680 2396 impio

119 2408 274 2443 conatu
294 2402 491 2452 nituntur;
512 2403 614 2444 nihil
634 2410 698 2444 est
713 2404 956 2453 evidentius,
977 2417 1099 2457 quam
1122 2418 1285 2445 summa
1315 2405 1470 2446 iustitia
1490 2407 1586 2446 belli
1606 2422 1681 2460 pro

117 2470 199 2510 hac
231 2483 362 2510 causa
391 2469 585 2523 suscepti.
617 2470 660 2510 Si
680 2471 788 2512 enim
808 2471 955 2524 religio
979 2470 1206 2512 maximum
1228 2478 1291 2513 est
1313 2472 1467 2513 bonum
1487 2473 1680 2524 hominis,

157 2600 206 2641 (1)
232 2600 402 2644 Eplstola
426 2602 447 2633 I
469 2601 521 2634 ad
543 2601 799 2643 Bomssscoeium.

158 2656 208 2696 (2)
232 2656 266 2688 S.
290 2655 447 2688 Thomas
472 2658 549 2688 tres
574 2656 792 2689 conditiones
807 2656 852 2688 ad
866 2656 948 2688 belli
962 2655 1132 2689 iustitiam
1146 2657 1339 2698 requisitas
1356 2661 1549 2696 enumerat,
1563 2658 1670 2690 aiens:

116 2720 131 2739 «
155 2710 211 2742 Ad
234 2710 304 2743 hoc
326 2711 423 2751 quod
436 2710 567 2742 bellum
582 2710 727 2751 aliquod
752 2711 798 2743 sit
819 2710 951 2742 iustum
971 2711 1041 2743 tria
1063 2711 1300 2752 requiruntur.
1324 2713 1454 2751 Primo,
1474 2712 1671 2745 auctoritas

113 2763 292 2805 principis,
308 2764 407 2796 cuius
424 2765 591 2796 mandato
608 2764 741 2796 bellum
759 2767 814 2797 est
833 2765 1059 2805 gerendum...
1075 2766 1252 2803 Secundo,
1268 2775 1378 2798 causa
1394 2765 1496 2802 iusta,
1523 2769 1560 2798 ut
1586 2765 1675 2797 scili-

116 2817 173 2847 cet
188 2814 245 2852 illi,
263 2814 320 2855 qui
342 2815 602 2856 impugnantur,
624 2818 775 2857 propter
798 2816 952 2857 aliquam
965 2816 1418 2858 culpamimpugnationem
1442 2820 1671 2849 mereantur...

115 2866 236 2899 Tertio
260 2869 298 2899 ut
322 2866 368 2899 sit
390 2866 532 2900 intentio
561 2868 765 2900 bellantium
788 2870 907 2906 recta,
931 2878 1001 2909 qua
1024 2868 1159 2901 scilicet
1180 2869 1369 2902 intenditur
1396 2869 1451 2901 vel
1475 2871 1513 2901 ut
1539 2868 1670 2901 bonum

118 2922 385 2962 promoveatur,
411 2920 466 2952 vel
490 2923 528 2953 ut
552 2921 683 2954 malum
706 2921 842 2954 vitetur.
868 2933 884 2951 >›
910 2922 1064 2954 Summa
1088 2922 1135 2954 th.
1159 2924 1204 2955 2st
1226 2924 1281 2956 ,2.ξω
1308 2932 1338 2964 q.
1364 2924 1436 2960 XL,
1459 2933 1488 2954 a.
1514 2923 1539 2954 1.

200 2984 431 3018 LIBERATORE
450 3003 491 3008 —
508 2985 642 3020 Ethica
665 2989 700 3019 et
721 2986 786 3019 Ias
808 2989 973 3020 naturae
1556 2987 1594 3019 23
