1970 3203
249 287 326 326 378
941 297 1140 324 INDEX

301 379 322 415 ξ
419 375 443 408 I.
472 375 523 408 De
552 374 784 408 subditorum
817 374 957 419 officiis.
991 374 1118 408 Officia
1151 375 1238 408 civis
1272 385 1358 419 erga
1391 374 1482 409 alios
1515 376 1607 410 cives
1627 395 1670 400 —
1690 375 1741 409 De

523 442 646 466 amore
674 432 795 478 patrio
809 451 852 456 ——
868 432 966 466 Vitia
993 432 1031 465 in
1051 432 1118 466 hoc
1137 443 1259 467 amore
1277 434 1436 468 cavenda
1451 451 1496 458 —
1509 433 1548 467 In
1575 445 1647 480 quo
1673 445 1737 468 ve-

522 501 586 524 rus
604 501 708 525 amor
726 491 866 535 patriae
883 490 1237 525 consistit—Officia
1264 491 1494 526 subditorum
1523 501 1609 535 erga
1627 492 1741 526 Prin-

520 551 637 594 cipem
658 570 700 574 —
720 550 853 584 Laesae
879 551 1080 584 maiestatis
1106 561 1200 584 noxa
1228 578 1233 585 .
1288 580 1293 590 ,
1348 578 1353 585 .
1409 579 1414 585 .
1467 579 1474 587 .
1528 579 1535 585 .
1587 578 1596 588 .
1644 551 1733 596 Pag.
1760 551 1830 585 294

298 614 320 649 ,ξ
411 608 452 642 II.
479 609 531 643 De
548 611 713 654 supremi
726 609 945 654 Imperantis
963 611 1102 655 officiis.
1119 609 1294 655 Princeps
1312 611 1381 644 rite
1398 610 1584 654 intelligat
1603 610 1739 645 limites

521 681 608 703 suae
635 670 824 715 potestatis
838 689 882 695 —
898 670 1093 715 Comparet
1119 670 1237 704 media
1255 669 1301 704 ad
1319 681 1454 705 munus
1472 670 1542 705 rite
1561 681 1736 706 exercen-

522 728 609 762 dum
625 729 769 763 —Iura
794 729 930 763 civium
955 734 1080 764 sancte
1105 733 1315 763 revereatur
1341 734 1376 764 et
1401 730 1570 764 defendat
1585 729 1742 763 —Feli-

517 789 620 823 citati
645 789 778 824 civium
796 790 1082 824 incumbendum
1097 810 1140 814 —
1156 790 1258 824 Bona
1277 781 1473 825 materalia
1487 810 1530 815 ——
1545 791 1646 825 Bona
1664 790 1742 835 spi—

518 849 671 883 ritualia
690 869 733 874 —
754 849 946 884 Frenanda
972 851 1195 896 scriptorum
1221 850 1371 885 licentia
1410 877 1657 886 .....
1719 863 1739 884 >>
1766 851 1835 886 299

250 906 351 940 CAP.
392 907 448 942 111.
476 908 530 942 DE
563 918 757 943 socmTATE
791 919 1002 952 mammosa,
1038 919 1196 943 NIMIRUM
1227 920 1409 944 ECCLESIA.
1447 910 1558 945 Ratio
1595 913 1738 944 tracta-

519 968 630 1002 tionis
688 994 1653 1005 .................
1715 981 1734 1002 »
1767 968 1836 1004 304

245 1028 337 1064 ΛΒΤ.
419 1028 443 1062 Ι.
471 1028 524 1062 De
549 1034 688 1062 natura
713 1029 888 1070 ecclesiae,
914 1031 1063 1074 eiusque
1093 1030 1453 1074 socialzs‘orgyanismo.
1482 1029 1597 1063 Homo
1615 1030 1659 1063 ad
1678 1041 1740 1064 so-

517 1088 684 1122 cietatem
710 1088 922 1133 religiosam
950 1089 1172 1123 naturaliter
1190 1089 1393 1123 inclinatur
1408 1109 1452 1114 —
1467 1088 1658 1124 Praedicta
1678 1090 1737 1123 in-

517 1148 669 1182 clinatio
694 1148 855 1182 nobilius
882 1147 1049 1193 expletur
1075 1148 1109 1182 vi
1126 1147 1309 1182 Ecclesiae
1323 1148 1479 1182 —Finis
1497 1148 1679 1182 Ecclesiae
1694 1168 1738 1174 —

517 1207 632 1242 Error
667 1207 933 1242 nonnullorum
953 1207 1069 1240 —Ex
1102 1208 1175 1242 fine
1208 1207 1390 1242 Ecclesiae
1425 1207 1582 1241 resultat
1616 1210 1657 1240 ut
1688 1207 1735 1241 sit

516 1279 591 1301 una
611 1288 653 1292 —-
675 1268 914 1312 Organismus
939 1267 1123 1302 Ecclesiae
1161 1292 1408 1301 .....
1464 1294 1470 1301 .
1524 1294 1530 1301 .
1583 1295 1589 1301 .
1646 1293 1653 1300 .
1716 1279 1735 1301 »
1762 1266 1832 1302 305

246 1325 462 1361 Pnoposmm
488 1333 609 1361 UNmA.
636 1326 798 1361 Ecclesia
816 1333 868 1361 est
884 1338 1011 1361 cerum
1029 1329 1224 1371 imperium
1241 1328 1443 1371 spirituale,
1463 1329 1556 1361 inter
1575 1328 1744 1361 homines

517 1396 539 1418 a
566 1384 639 1418 Deo
665 1387 926 1426 constitutum,
960 1385 1147 1419 diversum
1179 1388 1327 1419 omnino
1362 1386 1405 1419 ab
1439 1387 1587 1430 imperio
1623 1387 1742 1426 cit-ili,

517 1452 627 1486 eoque
655 1443 762 1487 lonye
781 1445 1055 1487 praestantius.
1109 1471 1114 1477 .
1172 1469 1653 1478 .........
1719 1456 1737 1477 >>
1766 1442 1835 1479 311

473 1501 682 1536 Solvuntur
706 1502 940 1547 difficultates
991 1529 998 1536 .
1050 1530 1055 1536 .
1109 1529 1115 1536 .
1168 1529 1174 1536 .
1230 1529 1654 1540 ........
1716 1515 1735 1536 )>
1763 1502 1833 1538 312

247 1562 337 1596 ART.
403 1561 444 1595 ΙΙ.
470 1562 523 1595 De
548 1562 694 1595 iuribus
718 1561 907 1598 Ecclesiae.
934 1561 1018 1596 Iura
1044 1562 1224 1597 Ecclesiae
1250 1567 1336 1597 sunt
1361 1563 1445 1598 iura
1473 1563 1613 1597 Christi
1643 1591 1651 1598 .
1713 1574 1731 1595 »
1760 1561 1829 1597 313

267 1622 378 1656 PROP.
409 1621 439 1656 1.
467 1621 625 1656 Ecclesia
651 1624 710 1656 ius
738 1622 842 1656 habet
866 1634 902 1656 se
920 1623 1161 1667 propayandi
1169 1634 1239 1668 per
1258 1628 1372 1657 totum
1391 1623 1520 1666 orbem,
1539 1625 1647 1657 etiam
1672 1634 1733 1656 re-

522 1687 658 1715 nuente
683 1682 782 1715 civili
798 1687 978 1726 potestate
998 1707 1659 1720 ............
1721 1694 1740 1715 >>
1768 1680 1837 1716 314

317 1754 336 1774 >>
412 1740 444 1774 2.
472 1740 648 1774 Ecclesiae
679 1742 738 1774 ius
772 1743 938 1786 competit
971 1753 1006 1775 se
1040 1744 1078 1774 in
1106 1743 1201 1782 locis,
1229 1742 1292 1775 ubi
1314 1746 1404 1775 sunt
1425 1741 1568 1786 fideles.r
1601 1744 1739 1775 consti-

522 1800 659 1842 tuendi‚
685 1806 718 1833 et
743 1800 954 1844 eaeplicandi
968 1812 1119 1845 aroana,
1146 1801 1279 1846 quibus
1297 1802 1526 1846 spiritualem
1543 1812 1652 1835 suam
1664 1812 1736 1846 po-

526 1862 685 1891 testatem
711 1864 873 1891 exerceat
875 1884 1654 1894 ..............
1716 1872 1735 1892 »
1768 1859 1831 1895 ibi.

317 1929 335 1947 »
412 1914 448 1949 3.
474 1915 684 1949 Auctoritas
708 1914 887 1949 Ecclesiae
914 1917 1051 1960 triplici
1073 1927 1224 1950 munere
1251 1917 1483 1961 explicatur:
1512 1917 1737 1962 legyislativo‚

519 1978 720 2009 eoesecutivo
746 1981 780 2009 et
803 1976 993 2010 iudiciario
998 2002 1654 2011 ............
1718 1989 1736 2010 >>
1763 1975 1833 2011 315

317 2047 336 2067 »
412 2035 443 2067 4.
471 2033 646 2067 Ecclesiae
671 2035 837 2078 competit
854 2040 1014 2079 potestas
1039 2036 1205 2076 coactiva,
1232 2036 1338 2068 etiam
1364 2035 1487 2079 quoad
1507 2035 1735 2080 inferendam

519 2096 594 2128 vim
620 2095 846 2129 materialem
873 2121 1652 2130 ..............
1717 2107 1736 2128 >>
1768 2094 1830 2128 ibi.

319 2164 338 2184 »
414 2152 447 2186 5.
474 2152 651 2186 Ecclesiae
685 2154 850 2196 competit
880 2154 940 2187 ius
969 2155 1204 2198 proprietatis
1238 2164 1300 2187 seu
1329 2154 1543 2198 possidendi
1565 2153 1740 2187 stabiliter

518 2211 612 2244 bona
639 2211 852 2256 temporalia
872 2237 1656 2247 ..............
1718 2223 1737 2244 :›
1770 2209 1832 2244 ibi.

319 2283 338 2302 »
414 2270 446 2304 6.
471 2270 658 2306 Ecclesiae>
673 2272 839 2315 competit
871 2273 930 2304 ius
955 2272 1174 2305 instituendi
1196 2277 1315 2306 coetus
1340 2283 1461 2306 sacros
1486 2283 1549 2306 seu
1577 2274 1735 2306 minores

523 2329 813 2371 consociationes,
840 2331 877 2362 vi
892 2340 1054 2374 quarum
1069 2329 1210 2374 fideles,
1226 2332 1294 2375 qui
1308 2332 1472 2375 cupiunt,
1492 2330 1739 2364 determinatis

527 2388 665 2432 leyibus
690 2388 757 2421 sub
775 2390 950 2432 reyimine
962 2390 1162 2434 peculiaris
1179 2391 1418 2433 auctoritatis,
1437 2390 1480 2424 ab
1498 2389 1656 2424 Ecclesia
1674 2390 1739 2423 de-

516 2449 721 2493 pendentis,
740 2449 968 2494 perfectioris
993 2451 1085 2483 vitae
1106 2461 1226 2494 yenus
1246 2452 1495 2496 profiteantur
1521 2480 1528 2487 .
1582 2478 1587 2485 .
1643 2477 1649 2484 .
1712 2464 1731 2484 ›>
1759 2447 1831 2483 316

477 2506 685 2541 Solvuntur
708 2507 948 2552 difficultates
990 2534 1651 2544 ............
1713 2521 1731 2542 >>
1760 2507 1829 2542 317

251 2566 341 2600 Aur.
391 2565 448 2599 III.
476 2567 527 2600 De
553 2569 695 2601 mutuis
724 2568 961 2602 relationibus
978 2567 1176 2603 Ecclesiam
1202 2571 1296 2603 inter
1320 2574 1352 2604 et
1377 2569 1524 2603 Statum
1531 2570 1736 2614 politicum.

522 2625 602 2660 Duo
627 2637 794 2661 errorum
820 2637 954 2670 genera
998 2651 1004 2660 .
1058 2654 1063 2660 .
1116 2655 1121 2661 .
1175 2653 1182 2661 .
1209 2656 1211 2658 .
1233 2653 1239 2660 .
1293 2654 1299 2661 .
1353 2654 1359 2661 .
1413 2655 1419 2661 .
1475 2654 1481 2661 .
1533 2653 1540 2660 .
1591 2652 1599 2660 .
1647 2652 1654 2660 .
1716 2637 1735 2658 »
1763 2624 1832 2659 321

278 2685 386 2719 l‘ROP.
415 2683 446 2718 1.
473 2683 632 2719 Ecclesia
657 2685 905 2731 independens
930 2688 1078 2720 omnino
1104 2692 1156 2720 est
1181 2686 1335 2720 a-Statu
1355 2687 1503 2731 politico
1531 2714 1540 2723 .
1589 2711 1597 2719 .
1648 2710 1655 2718 .
1717 2697 1736 2718 »
1764 2684 1834 2720 322

324 2756 342 2777 >›
419 2744 452 2778 ⁶2.
478 2744 538 2778 Ad
561 2744 741 2779 Ecclesiae
772 2745 1090 2790 independentiam
1116 2746 1331 2789 tutandam,
1357 2748 1396 2781 in
1416 2747 1602 2792 praesenti
1625 2748 1737 2780 socie-

522 2804 605 2838 tatis
639 2805 825 2839 humanae
860 2805 1084 2848 conditione‚
1116 2808 1344 2840 necessarius
1368 2807 1517 2840 omnino
1550 2811 1603 2840 est
1626 2806 1740 2840 civilis

518 2866 752 2910 principatus
778 2865 940 2899 Romani
965 2865 1153 2911 Pontificis
1168 2892 1652 2903 .........
1717 2878 1736 2899 ›>
1765 2865 1834 2900 323

326 2933 345 2954 »
421 2921 454 2957 3.
485 2922 611 2958 Status
629 2925 805 2969 politicus
831 2934 1067 2969 nequaquam
1092 2923 1136 2957 ab
1162 2924 1318 2959 Ecclesia
1345 2925 1572 2971 separandus
1598 2930 1659 2959 est.
1719 2937 1738 2959 »
1766 2924 1836 2960 325
