1970 3203
191 219 269 261 160
524 231 590 258 IUS
618 229 821 257 NATURAE
845 239 865 244 -
885 229 994 255 PARS
1022 229 1046 255 1.
1076 228 1144 255 ius
1172 227 1440 255 1ND1V1DUALE

243 310 380 361 Atque
402 308 453 347 ad
469 307 648 360 primum
672 305 781 358 quod
804 305 963 352 attinet,
985 304 1165 344 duellum
1185 318 1269 344 non
1291 318 1317 345 a
1339 305 1488 346 virtute
1509 305 1676 346 militari
1692 307 1766 346 sed

194 389 247 415 ex
269 373 599 428 septemtrionali
620 371 815 412 barbarie
837 371 1041 424 originem
1064 371 1192 411 duxit.
1215 371 1395 410 Romani
1413 372 1522 412 enim
1543 378 1583 412 et
1599 373 1771 420 Graeci,

187 439 297 479 inter
316 439 508 479 nationes
526 450 672 477 omnes
692 434 1126 483 bellicosissimi,illud
1145 448 1317 487 prorsus
1334 434 1590 488 ignorarunt.
1605 437 1642 476 A
1660 438 1774 476 Lon-

194 503 396 556 gobardis
418 501 678 555 potissimum
699 500 885 554 privatus
914 500 983 539 hic
1006 499 1221 552 pugnandi
1244 512 1335 539 mos
1355 499 1546 539 invectus
1567 507 1641 548 est,
1664 506 1775 540 tam-

197 583 322 622 quam
352 569 660 608 demonstratio
682 567 912 607 iudicialis.
943 568 981 606 A
1004 565 1094 606 soro
1117 565 1316 618 deinceps
1346 566 1399 605 ad
1420 573 1583 607 veteres
1613 567 1776 620 migra-

196 633 254 672 vit
284 633 471 686 equites,
501 632 570 685 qui
600 645 648 672 eo
678 631 742 671 usi
772 637 868 671 sunt
898 638 1111 683 tamquam
1141 629 1279 670 divino
1311 630 1492 683 quodam
1522 630 1686 680 iudicio,
1719 632 1773 671 ad

197 700 395 739 tuendam
425 698 709 739 innocentiam
731 704 770 738 et
790 697 1021 737 veritatem.
1054 697 1243 736 Tandem
1270 696 1492 736 recentiori
1521 702 1659 738 aetate
1681 710 1777 738 con-

193 776 344 804 versus
374 768 438 802 est
466 761 508 801 in
539 761 721 801 medium
752 761 941 812 privatae
971 759 1195 808 vindictae,
1226 759 1280 799 ad
1308 760 1513 800 honorem
1535 762 1774 802 resarcien-

195 830 303 870 dum.
334 830 524 870 lamvero
554 830 596 869 in
627 829 820 868 omnibus
849 828 968 867 hisce
996 826 1170 874 vicibus,
1201 827 1382 866 duellum
1407 827 1602 868 absurdis
1631 841 1776 880 super-

194 904 399 936 structum
430 895 557 935 fuisse
587 894 813 947 principiis,
844 906 967 933 nemo
999 898 1062 932 est
1091 892 1159 945 qui
1189 905 1273 932 non
1303 892 1453 933 videat.

247 962 431 1002 Exordio
462 962 570 1001 enim
603 960 767 1001 defectu
787 959 888 1000 iuris
917 965 958 998 et
978 958 1346 999 demonstrationis
1366 958 1515 1011 legalis
1545 959 1775 1008 nitebatur,
1831 968 1839 980 '

192 1040 244 1066 ac
274 1026 447 1067 stultitia
475 1025 750 1064 barbarorum
781 1023 960 1076 propria,
991 1022 1060 1075 qui
1091 1022 1178 1061 vim
1208 1022 1359 1062 rationi
1389 1022 1708 1064 substituebant.

243 1091 366 1143 Apud
387 1089 557 1143 equites,
587 1094 753 1141 praeter
773 1088 919 1128 vitium
949 1087 1090 1139 legum
1107 1093 1146 1126 et
1163 1086 1389 1138 regiminis,
1411 1099 1518 1138 quae
1550 1100 1634 1126 non
1665 1087 1771 1128 satis

192 1156 460 1196 innocentiae
491 1155 781 1202 consulebant,
811 1154 853 1193 in
885 1153 1179 1205 superstitione
1208 1152 1482 1201 fundabatur,
1514 1154 1622 1205 quod
1653 1155 1767 1193 Deus

191 1223 427 1276 prodigiose
458 1227 725 1262 concurreret
754 1221 807 1260 ad
838 1220 1058 1262 victoriam
1093 1218 1199 1272 parti
1229 1218 1286 1257 illi
1324 1220 1636 1260 concedendam
1660 1253 1668 1269 ,
1699 1233 1773 1272 pro

193 1301 275 1341 qua
303 1287 461 1326 iustitia
491 1293 531 1326 et
560 1285 717 1326 veritas
738 1285 948 1325 militaret.

248 1350 448 1403 Denique,
466 1350 500 1390 si
517 1350 566 1390 de
583 1356 720 1389 aetate
736 1349 880 1388 ultima
896 1350 1128 1401 loquamur,
1142 1360 1239 1388 mos
1256 1348 1322 1388 ille
1339 1348 1533 1400 supponit
1545 1347 1772 1387 vindictam

191 1417 354 1470 privato
376 1416 533 1456 homini
555 1415 692 1464 licere3
714 1429 819 1468 quae
836 1421 975 1454 tamen
997 1414 1166 1454 nonnisi
1184 1413 1376 1466 publicae
1397 1413 1637 1453 auctoritati
1659 1427 1771 1453 com-

191 1481 306 1533 petit,
338 1481 456 1520 cuius
477 1479 687 1532 proprium
711 1486 774 1519 est
794 1478 928 1527 ordini
959 1485 998 1518 et
1017 1477 1166 1517 iurium
1199 1478 1352 1518 tutelae
1371 1478 1415 1517 in
1444 1478 1648 1518 societate
1668 1491 1767 1529 pro-

192 1547 367 1600 spicere.
400 1546 571 1595 Deinde,
603 1545 766 1585 etiamsi
796 1545 959 1597 privata
988 1544 1174 1584 vindicta
1203 1544 1364 1597 flagitio
1393 1550 1598 1593 vacaret3
1628 1549 1770 1584 tamen

192 1610 328 1651 duello
358 1610 541 1650 medium
570 1609 798 1650 assumitur
828 1608 1134 1660 ineptissimum
1163 1609 1216 1648 ad
1245 1622 1338 1648 eam
1368 1609 1690 1661 procurandam.

245 1678 297 1716 Et
326 1690 429 1716 sane
460 1675 645 1716 vindicta
664 1675 839 1715 includit
859 1683 1108 1727 conceptum
1130 1688 1302 1727 poenae,
1334 1681 1374 1715 et
1397 1675 1463 1715 ius
1493 1675 1616 1714 unius
1637 1675 1770 1726 partis

188 1743 231 1783 in
261 1743 399 1782 aliam.
432 1743 588 1782 Contra
616 1756 715 1782 vero
738 1742 920 1781 duellum
951 1741 990 1780 vi
1011 1754 1114 1781 suae
1145 1747 1321 1782 naturae
1341 1747 1481 1794 partes
1501 1742 1648 1781 ambas
1670 1755 1767 1782 con—

190 1810 387 1862 fligentes
408 1809 654 1861 aequiparat
675 1808 783 1848 inter
802 1821 860 1848 se.
884 1808 987 1847 Cum
1004 1821 1103 1848 vero
1120 1809 1258 1861 quoad
1275 1808 1430 1848 exitum
1449 1808 1570 1847 valde
1587 1807 1769 1860 pendeat

191 1891 245 1917 ex
273 1876 422 1916 robore
461 1882 501 1915 et
534 1874 782 1915 dexteritate
817 1873 1095 1926 pugnantium
1132 1873 1315 1914 maxime
1352 1888 1451 1914 vero
1490 1888 1544 1915 ex
1574 1874 1765 1924 fortuna;

188 1941 302 1981 nullo
332 1940 454 1979 modo
485 1939 597 1979 favet
615 1939 751 1979 iustae
781 1951 937 1978 causae
967 1937 1116 1991 potius,
1148 1952 1273 1991 quam
1293 1938 1469 1991 iniquae.
1503 1939 1622 1985 Quod
1653 1938 1700 1987 si,
1723 1945 1767 1978 ut

190 2020 320 2059 saepe
350 2006 571 2053 intercidit,
602 2019 686 2046 non
715 2018 812 2045 reus
832 2005 905 2045 sed
933 2004 1138 2045 innocens
1168 2005 1428 2054 succumbam
1451 2004 1621 2044 videant
1640 2005 1766 2044 huius

190 2071 402 2112 barbarici
431 2070 558 2110 moris
580 2076 790 2110 amatores
811 2083 934 2122 quam
956 2069 1126 2123 egregio
1157 2075 1327 2109 utantur
1346 2068 1578 2108 ulciscendi
1607 2068 1766 2108 mediol

192 2138 282 2177 Nec
313 2135 450 2174 minus
471 2135 595 2174 labile
612 2141 675 2175 est
696 2141 988 2187 argumentum
1020 2135 1196 2174 alterum
1225 2134 1275 2174 de
1304 2134 1464 2174 honore
1484 2133 1769 2174 resarciendo.

193 2202 301 2241 Nam
323 2200 430 2239 haec
453 2199 559 2239 ratio
589 2199 698 2250 apud
718 2198 971 2252 equestrium
1000 2199 1141 2251 legum
1163 2198 1378 2238 consultos
1399 2198 1480 2237 hoc
1497 2197 1770 2237 fundamento
1798 2190 1801 2192 ’

190 2266 425 2307 nitebatur:
456 2265 679 2304 Honorem
706 2278 955 2318 supremum
991 2278 1077 2304 esse
1106 2265 1260 2304 bonum
1290 2264 1486 2312 hominis,
1517 2264 1633 2317 qaod
1661 2267 1770 2304 cete-

194 2332 257 2372 ris
287 2331 492 2379 omnibus,
516 2344 566 2370 ne
588 2331 672 2370 vita
694 2331 866 2383 quidem
888 2331 1305 2384 eaecepta,praeponi
1328 2329 1454 2369 debet.
1475 2331 1530 2369 At
1549 2329 1591 2369 in
1611 2329 1767 2381 primis,

190 2397 327 2436 honor
356 2395 436 2435 dici
465 2395 606 2448 nequit
636 2408 877 2447 supremum
897 2395 1050 2435 bonum
1083 2395 1276 2435 hominis.
1308 2396 1415 2434 Nam
1443 2395 1576 2434 honor
1607 2394 1766 2434 extrin-

191 2476 316 2503 secus
345 2461 505 2501 homini
528 2468 603 2510 est,
633 2467 673 2501 et
692 2462 734 2501 in
756 2461 931 2501 aliorum
954 2461 1149 2514 opinione
1178 2461 1345 2501 residet.
1377 2461 1517 2508 Quare
1537 2462 1627 2501 sine
1643 2462 1768 2512 culpa

187 2526 318 2566 minui
348 2534 418 2566 aut
447 2526 572 2565 etiam
603 2525 733 2566 amitti
763 2532 923 2578 potest;
958 2526 1068 2578 quod
1106 2539 1210 2566 sane
1240 2525 1601 2578 praestantissimo
1632 2525 1770 2565 bono-

188 2606 281 2632 rum
313 2597 530 2643 repugnat.
562 2592 810 2643 Supremum
840 2591 995 2631 bonum
1023 2589 1206 2630 hominis
1236 2589 1278 2629 in
1308 2590 1390 2629 hac
1425 2588 1535 2636 vita,
1565 2594 1610 2627 ut
1641 2602 1769 2640 supra

190 2657 384 2703 diximus,
415 2661 478 2694 est
509 2655 609 2693 ordo
638 2654 810 2695 moralis
839 2668 914 2695 seu
944 2655 1098 2703 virtus;
1132 2653 1198 2693 cui
1227 2661 1380 2702 cetera,
1411 2666 1462 2693 ne
1494 2652 1653 2692 honore
1674 2652 1767 2704 qui—

191 2722 285 2762 dem
322 2727 511 2775 excepte,
545 2722 834 2776 postponenda
862 2725 970 2760 sunt.
1013 2720 1203 2768 Deinde,
1238 2719 1374 2758 honor
1410 2715 1569 2755 homini
1611 2728 1770 2757 conve-

192 2788 313 2828 niens
343 2795 405 2829 est
443 2789 578 2828 honor
610 2801 694 2828 non
729 2787 860 2827 salsus
899 2786 973 2826 sed
1002 2798 1151 2832 verus;
1186 2796 1312 2823 verus
1355 2787 1493 2821 autem
1538 2781 1673 2820 honor
1701 2781 1769 2822 ille

194 2863 278 2906 est,
310 2856 377 2910 qui
405 2857 447 2896 in
478 2855 653 2896 subiecti
683 2853 937 2907 perfectione
965 2851 1163 2891 fundatur
1184 2882 1193 2899 ‚
1224 2849 1276 2888 ab
1306 2847 1439 2900 iisque
1482 2847 1671 2887 tribuitur
1699 2849 1768 2901 qui

192 2924 269 2963 rite
301 2936 394 2963 eum
433 2921 658 2962 aestimare
695 2925 882 2972 possunt.
927 2918 1046 2957 Haec
1077 2916 1155 2956 duo
1196 2914 1238 2954 in
1267 2914 1452 2962 honore,
1482 2926 1555 2966 per
1585 2913 1767 2954 duellum
