1970 3203
204 219 283 261 200
577 230 642 257 1US
672 228 874 255 NATURAE
895 237 915 243 -·
937 227 1044 254 PARS
1073 227 1111 254 11.
1142 226 1209 253 IUS
1239 225 1412 253 SOCIALE

202 305 504 359 persuadetur.
539 304 582 344 Si
612 303 704 356 quis
734 309 873 343 autem
905 309 1054 343 contra
1083 301 1222 342 facere
1252 301 1375 350 velit,
1404 316 1480 343 suo
1511 302 1600 344 iure
1629 302 1779 352 utitur;

203 369 268 408 cui
298 368 541 408 individuali
570 366 751 408 libertati
779 366 935 407 iniusta
966 366 1028 405 vis
1057 366 1305 414 inferretur,
1336 366 1370 407 si
1402 367 1586 408 societas
1615 367 1784 420 impedi-

201 438 386 472 mentum
415 438 657 484 apponeret.

254 499 443 551 Denique
473 499 732 539 advertimus
749 531 757 547 ,
780 498 1091 538 matrimonium
1113 497 1153 537 vi
1175 510 1277 537 suae
1299 502 1477 538 naturae
1498 498 1717 552 exquirere
1737 504 1781 535 ut

202 564 329 604 libere
346 564 621 604 contrahatur
642 569 682 604 et
702 569 845 603 mutuo
867 563 1093 615 coniugum
1111 574 1334 602 consensu.
1353 562 1400 600 Id
1421 567 1532 613 patet
1551 576 1635 602 non
1657 561 1780 602 modo

202 640 256 666 ex
286 628 456 667 notione
487 633 740 677 contractus,
771 629 846 668 sed
875 628 1000 668 etiam
1030 626 1128 680 quia
1157 625 1480 674 matrimonium,
1501 632 1630 666 totum
1663 639 1788 679 quan—

202 699 288 730 tum
320 697 402 740 est,
432 692 474 731 in
503 705 646 732 amore
674 692 871 732 fundatur
900 692 1114 744 utriusque
1145 690 1293 743 partis,
1325 692 1393 743 qui
1425 697 1540 730 certe
1570 704 1664 730 cum
1696 690 1795 731 vio—

201 755 340 804 lentia,
371 755 424 794 ad
453 756 708 796 iunctionem
740 762 929 808 cogente,
961 762 1001 796 et
1031 756 1224 796 dissensu
1255 755 1378 794 unius
1409 755 1561 794 saltem
1591 754 1787 808 coniugis

205 821 423 862 conciliari
452 823 604 875 nequit.
637 823 712 862 Cui
742 823 906 862 accedit
935 823 1044 875 quod
1075 823 1189 863 eirca
1216 836 1302 862 rem
1335 829 1528 862 versatur
1548 854 1557 870 ,
1598 836 1704 875 quae
1734 823 1787 862 ad

203 885 267 924 ius
295 886 550 926 individuale
580 887 769 926 innatum
800 886 984 926 maxime
1014 887 1203 939 pertinet;
1234 899 1284 925 ac
1308 885 1482 937 proinde
1505 899 1530 925 a
1550 885 1785 937 personalis

204 949 406 991 libertatis
437 951 636 991 exercitio
668 951 793 991 eximi
823 951 976 1003 nequit.
1005 952 1142 1004 Atque
1171 951 1277 990 haec
1308 950 1357 989 de
1387 949 1546 1002 primae
1578 950 1701 990 huius
1722 964 1787 990 so-

205 1016 370 1056 cietatis
400 1024 561 1066 natura,
583 1030 690 1069 quae
713 1017 836 1057 totius
857 1017 1041 1058 familiae
1061 1017 1376 1057 fundamentum
1397 1023 1472 1065 est,
1496 1016 1600 1057 satis
1621 1017 1785 1069 quidem

203 1083 314 1123 dicta
342 1085 438 1124 sint.

257 1151 319 1191 10.
347 1152 496 1191 Partes
525 1152 748 1202 utriusque
778 1151 980 1202 coniugis.
1012 1152 1129 1197 Quae
1159 1150 1266 1198 dixi,
1296 1150 1605 1190 matrimonium
1635 1150 1785 1189 ineun-

202 1218 298 1257 dum
331 1224 547 1270 spectant;
579 1230 628 1257 eo
658 1224 798 1257 autem
828 1217 941 1265 inito,
972 1216 1032 1257 sic
1063 1216 1267 1269 coniuges
1296 1230 1342 1256 se
1375 1217 1587 1269 respicere
1626 1216 1789 1263 debent,

204 1290 247 1323 ut
276 1284 454 1324 alterum
484 1284 538 1323 ad
568 1284 746 1324 alterum
776 1284 946 1324 omnino
976 1283 1184 1336 pertinere
1203 1282 1450 1334 intelligant.
1477 1282 1588 1322 Hinc
1619 1282 1789 1322 violatio

204 1347 299 1387 fidei
322 1348 557 1400 coniugalis
577 1362 628 1388 ex
650 1347 742 1400 ipsa
761 1347 947 1387 essentia
968 1346 1221 1386 matrimonii
1241 1347 1319 1385 iuri
1340 1353 1516 1386 naturae
1532 1346 1784 1399 gravissime

203 1420 422 1466 repugnat.
452 1415 578 1453 Immo
609 1415 714 1454 fides
731 1413 934 1454 eiusmodi
955 1413 1124 1453 omnino
1146 1413 1329 1465 requirit,
1353 1419 1395 1451 ut
1416 1426 1500 1452 non
1522 1413 1645 1452 modo
1667 1411 1791 1451 factis

204 1480 374 1520 minime
405 1479 606 1528 laedatur,
636 1482 710 1520 sed
740 1480 865 1520 etiam
895 1492 947 1519 ne
977 1479 1166 1518 laedatur
1195 1479 1362 1526 affectu,
1394 1485 1601 1530 quatenus
1632 1478 1786 1518 coniux

207 1560 407 1595 amorem,
438 1546 608 1599 coniugi
639 1546 821 1587 debitum
840 1579 849 1595 ‚
880 1559 976 1585 cum
996 1545 1135 1585 aliena
1155 1557 1339 1598 persona
1359 1545 1472 1584 nulla
1492 1544 1654 1584 ratione
1676 1557 1788 1583 com-

205 1610 401 1651 municet.
447 1612 599 1650 Totum
630 1610 740 1650 enim
780 1623 827 1651 se
855 1609 1024 1662 coniugi
1055 1608 1252 1649 tradidit:
1283 1609 1456 1660 proinde
1497 1608 1623 1648 etiam
1653 1607 1793 1659 quoad

205 1678 378 1717 effectus
407 1677 566 1726 animi,
597 1690 704 1729 quae
733 1689 830 1729 pars
855 1676 1069 1728 praecellit
1109 1676 1151 1714 in
1181 1675 1362 1714 homine.
1394 1674 1555 1714 Deinde
1586 1673 1790 1725 coniuges

207 1741 329 1780 simul
358 1740 550 1780 habitare
579 1746 785 1789 tenentur,
807 1741 848 1780 id
865 1740 976 1779 enim
997 1740 1062 1779 ius
1083 1739 1366 1792 possessionis
1389 1739 1531 1791 exigit,
1554 1738 1663 1790 quod
1685 1738 1789 1777 alter

204 1808 246 1847 in
275 1808 452 1847 alterum
482 1808 639 1856 habet,
671 1813 711 1847 et
741 1812 891 1846 natura
920 1806 1163 1855 societatis,
1195 1820 1278 1858 qua
1306 1805 1490 1845 invicem
1521 1804 1785 1857 colligantur.

259 1872 406 1918 Quoad
437 1873 626 1924 regimen
657 1885 756 1912 vero
787 1871 969 1911 familiae
999 1876 1039 1911 et
1067 1871 1239 1922 negotia
1272 1869 1524 1916 definienda,
1556 1868 1789 1921 generatim

207 1950 403 1990 suprema
431 1942 618 1989 potestas
660 1936 702 1975 in
732 1936 820 1975 viro
850 1935 1025 1984 residet;
1059 1935 1178 1974 cuius
1210 1934 1421 1986 proprium
1451 1939 1515 1973 est
1543 1933 1790 1972 auctoritate

207 2016 284 2042 sua
313 2015 489 2042 uxorem
521 2015 680 2054 regere.
713 2002 806 2048 Qua
834 2002 876 2040 in
906 2015 950 2041 re
980 2002 1105 2054 longe
1135 2014 1161 2040 a
1190 2001 1364 2041 veritate
1394 1999 1614 2039 discedunt
1634 2012 1785 2039 recen-

208 2070 335 2111 tiores
364 2070 433 2118 illi,
464 2069 533 2121 qui
562 2082 645 2109 non
676 2070 1021 2122 qualemcumque
1053 2068 1128 2108 sed
1158 2068 1326 2107 omnino
1349 2066 1574 2119 perfectam
1596 2065 1786 2118 aequali-

209 2140 334 2174 tatem
354 2133 462 2173 inter
483 2133 615 2172 virum
637 2139 677 2173 et
696 2147 872 2173 uxorem
893 2133 1124 2173 adstruunt.
1147 2133 1263 2179 Quos
1282 2132 1390 2171 inter
1410 2131 1592 2179 Ahrens,
1613 2129 1787 2169 Krausii

209 2200 442 2241 doctrinam
472 2206 687 2252 sequutus,
709 2200 805 2240 licet
835 2199 1071 2239 functiones
1101 2199 1142 2238 in
1173 2198 1330 2238 familia
1359 2197 1575 2237 obeundas
1605 2209 1680 2248 pro
1703 2195 1795 2235 viro

209 2273 250 2306 et
278 2279 410 2307 uxore
447 2266 636 2306 diversas
674 2266 846 2314 statuit3
878 2266 1093 2318 utriusque
1129 2271 1268 2304 tamen
1311 2263 1593 2303 conditionem
1624 2261 1794 2301 omnino

209 2331 425 2383 aequalem
457 2343 551 2370 esse
582 2330 690 2378 dicit,
720 2329 778 2369 ita
808 2337 851 2369 ut
876 2330 990 2368 nulla
1018 2330 1184 2381 proprie
1212 2329 1255 2367 in
1287 2328 1376 2367 viro
1407 2327 1460 2367 sit
1487 2326 1692 2366 maritalis
1713 2338 1790 2377 po-

207 2403 350 2437 testas.
380 2399 535 2449 Aperte
564 2396 674 2436 enim
703 2396 771 2444 ait,
801 2395 962 2435 admitti
992 2409 1073 2435 non
1105 2408 1229 2448 posse
1263 2395 1478 2434 mulierem
1515 2393 1733 2434 moraliter
1751 2398 1790 2432 et

207 2460 378 2499 iuridice
408 2460 644 2500 inferiorem
675 2473 769 2500 esse
800 2459 903 2508 viro,
933 2465 1057 2512 atque
1098 2458 1337 2499 auctoritati
1369 2458 1625 2505 subiectam,
1668 2469 1791 2509 quam

207 2524 556 2564 matrimonialem
585 2525 799 2577 appellant
830 2525 902 2575 (1).
946 2525 997 2563 Et
1037 2522 1208 2562 inferius
1237 2522 1350 2562 addit
1376 2535 1384 2562 2
1414 2528 1607 2562 naturam
1645 2518 1792 2559 matri-

209 2591 337 2630 monii
368 2596 618 2642 potestatem
649 2591 880 2631 maritalem
925 2590 1094 2630 minime
1123 2589 1238 2641 pati,
1272 2589 1346 2629 sed
1393 2587 1593 2628 familiam
1628 2584 1788 2624 duobus

212 2654 419 2707 capitibus
458 2654 706 2695 instructam
744 2668 838 2696 esse
859 2688 869 2704 ‚
900 2655 1030 2694 altero
1071 2654 1180 2706 quod
1223 2666 1316 2693 eam
1345 2651 1446 2691 soris
1474 2653 1791 2702 repraesentet,

215 2722 345 2761 altero
375 2721 483 2773 quod
511 2722 600 2761 eius
629 2721 870 2761 interiorem
902 2721 1029 2760 vitam
1062 2719 1225 2771 dirigat.

265 2787 321 2825 At
353 2791 396 2825 ut
418 2785 602 2826 omittam
626 2787 895 2827 incommoda
908 2783 1427 2837 etperturbationes‚quae
1445 2794 1497 2820 ex
1513 2780 1594 2819 hac
1616 2779 1796 2832 aequali-

218 2857 302 2891 tate
328 2857 369 2889 et
389 2849 629 2902 duplicitate
659 2857 921 2889 monstruosa
942 2848 1123 2900 capitum
1145 2846 1186 2885 in
1204 2845 1360 2885 familia
1376 2848 1660 2896 sequerentur;
1678 2849 1790 2882 certe

259 2957 309 2996 (1)
336 2956 452 2988 Com-s
476 2956 521 2987 cle
544 2955 645 2987 droit
668 2956 827 2988 ηαῖιινθζ,
