1970 3203
228 228 281 268 70
925 239 1144 267 ETH1cA

227 313 280 353 ad
310 313 484 353 alterum
516 314 855 366 consequendum
886 318 957 353 aut
977 314 1154 354 alterum
1185 313 1410 362 vitandum,
1435 328 1480 354 re
1511 315 1649 367 aliqua
1680 314 1808 369 impe-

229 381 402 420 diamur.
435 381 575 428 Quare
605 380 648 419 hi
681 387 817 420 motus
849 380 977 420 animi
1018 379 1226 420 obiectum
1261 380 1322 419 sic
1360 386 1551 432 spectant
1575 414 1583 429 ‚
1614 388 1658 421 ut
1687 381 1811 421 simul

228 450 419 497 spectent
447 444 752 496 impedimenta,
784 444 933 497 quibus
963 443 1171 484 obiectum
1202 444 1489 496 adstringitur.

280 511 344 552 69.
365 512 588 551 Passiones
602 511 737 561 partis
759 510 1111 562 concupiscibilis.
1134 510 1217 550 Sex
1240 517 1512 551 numerantur
1533 525 1558 550 a
1577 513 1617 551 S.
1639 513 1808 551 Thoma

229 577 423 616 nimirum
456 590 579 616 amor
609 582 650 617 et
679 576 836 624 odium,
866 576 1128 616 desider-ium
1158 577 1341 628 etfuya,
1360 577 1576 628 gaudiam
1598 586 1637 618 et
1671 578 1813 618 tristi-

232 642 292 682 tia
323 643 396 694 (1).
431 641 510 681 Hic
533 654 688 681 census
709 641 891 693 optimus
921 645 994 679 est.
1019 640 1184 679 Etenim
1213 639 1410 692 appetitio
1442 640 1622 690 sensilis,
1645 641 1809 694 quoties

231 697 348 745 circa
377 705 531 745 bonum
562 718 635 757 per
665 718 711 745 se
741 704 977 756 inspectum
1009 709 1212 752 versatur,
1235 703 1495 744 considerari
1514 710 1650 756 potest
1680 707 1747 745 vel
1771 706 1813 744 in

231 769 376 809 ordine
393 768 445 808 ad
462 782 622 808 meram
644 768 972 821 propositionem
989 767 1139 808 obiecti
1161 767 1462 816 convenientis,
1475 768 1807 821 praescindendo

231 846 257 872 a
285 832 523 885 praesentia
553 833 739 873 eiusdem
762 833 828 872 vel
848 831 1069 881 absentia,
1100 832 1164 870 vel
1185 837 1323 884 potest
1352 833 1497 872 referri
1526 834 1580 872 ad
1600 833 1808 873 obiectum

230 900 273 939 in
301 890 502 952 quantum
534 900 665 948 abest,
689 900 755 939 vel
786 898 962 952 denique
992 898 1045 937 ad
1075 898 1284 938 obiectum
1312 898 1354 938 in
1376 905 1575 952 quantum
1604 913 1807 952 praesens

232 973 295 1006 est
325 972 365 1006 et
385 979 641 1017 possessum.
663 965 772 1006 Hinc
793 972 878 1007 tres
899 971 1132 1017 exsurgunt
1160 967 1350 1006 affectus:
1374 980 1509 1016 amor,
1537 967 1811 1015 desideriam,

231 1031 453 1070 delectatio
468 1045 482 1077 ,·
513 1044 686 1082 quorum
717 1030 878 1083 primus
906 1031 949 1070 in
979 1030 1158 1083 quadam
1180 1031 1380 1071 affectiva
1400 1032 1659 1072 adhaesione
1691 1045 1814 1085 appe-

231 1094 357 1136 tentis
378 1099 418 1133 et
437 1094 563 1133 veluti
584 1095 893 1147 complacentia
924 1095 1039 1134 circa
1059 1094 1268 1134 obiectum
1289 1110 1298 1145 ;
1329 1096 1433 1135 alter
1457 1096 1499 1135 in
1521 1097 1734 1136 tendentia
1754 1098 1807 1136 ad

231 1161 343 1208 illud,
373 1168 496 1212 prout
516 1166 579 1200 est
608 1162 788 1210 absens;
810 1162 955 1202 tertius
985 1161 1026 1200 in
1047 1161 1231 1200 iucunda
1260 1162 1441 1214 quadam
1463 1163 1612 1215 quiete,
1635 1176 1685 1203 ex
1709 1163 1814 1202 ade-

233 1227 374 1280 ptione
403 1227 534 1279 ipsius
555 1234 851 1281 consequente,
872 1228 1098 1280 reponitur.
1122 1228 1342 1268 Contraria
1369 1229 1633 1269 ratiocinatio
1661 1231 1734 1269 fiat
1766 1231 1815 1269 de

234 1293 370 1340 malo,
402 1292 525 1331 etiam
556 1293 799 1345 simpliciter
839 1293 1129 1341 considerato,
1168 1298 1207 1333 et
1242 1292 1303 1332 sic
1341 1299 1426 1332 tres
1455 1294 1562 1333 aliae
1593 1293 1816 1346 oppositae

235 1362 450 1407 emergent
478 1356 725 1408 passiones:
760 1357 944 1405 Odium,
970 1358 1083 1409 sagra
1105 1388 1114 1405 ,
1147 1357 1339 1396 tristitia.
1372 1358 1487 1398 Malo
1519 1357 1628 1397 enim
1660 1371 1816 1410 propo-

234 1421 339 1469 sito,
370 1420 536 1460 aversio
566 1435 672 1473 quae
701 1422 875 1474 pullulat
907 1422 948 1460 in
979 1422 1189 1474 appetitu,
1225 1421 1373 1461 dicitur
1408 1422 1579 1470 odium;
1610 1422 1727 1461 nisus
1758 1422 1812 1461 ad

232 1486 332 1525 illud
361 1484 602 1537 fugiendum
621 1519 629 1534 ‚
661 1486 809 1525 dicitur
837 1485 967 1538 fuga3
998 1485 1266 1525 incommoda
1301 1487 1372 1525 illa
1401 1487 1537 1526 veluti
1565 1486 1782 1538 oppressio
1806 1519 1814 1533 ‚

236 1564 343 1603 quae
373 1551 549 1591 sentitur
569 1564 621 1591 ex
641 1552 880 1603 praesentia
909 1551 1040 1604 ipsius
1060 1551 1143 1590 iam
1175 1563 1252 1590 nos
1277 1551 1535 1603 occupantis,
1567 1550 1717 1590 dicitur
1751 1550 1817 1589 tri-

237 1617 360 1657 stitia.

289 1680 350 1721 70.
380 1681 603 1720 Passiones
624 1681 758 1730 partis
787 1680 1025 1720 irascibilis.
1059 1680 1102 1719 Si
1123 1680 1275 1719 bonum
1297 1688 1336 1719 et
1356 1680 1513 1718 malum
1543 1692 1627 1718 non
1653 1680 1816 1732 simpli-

242 1747 356 1795 citer,
374 1746 447 1786 sed
463 1752 507 1786 ut
529 1746 750 1795 difficulter
771 1747 1112 1799 consequendum
1134 1752 1205 1785 aut
1226 1745 1439 1785 vitandum
1462 1752 1685 1797 spectatur,
1705 1747 1818 1799 quin-

240 1824 319 1863 que
335 1810 557 1862 passiones
573 1810 849 1859 habebuntur,
866 1810 919 1849 ad
935 1816 1096 1862 partem
1118 1809 1371 1850 irascibilem
1402 1810 1668 1862 pertinentes,
1691 1812 1816 1851 nimi-

234 1887 341 1914 rum:
358 1874 463 1926 Spes
480 1880 520 1913 et
535 1873 789 1926 desperatio,
808 1874 994 1914 audacia
1011 1880 1050 1914 et
1070 1874 1208 1922 timor,
1227 1874 1404 1926 denique
1431 1874 1511 1914 ira.
1529 1876 1592 1914 Ac
1614 1887 1729 1924 sane,
1748 1875 1817 1915 bo-

239 1951 339 1978 num
360 1937 530 1976 obtentu
552 1937 720 1977 difficile
741 1938 808 1977 vel
829 1938 889 1977 sic
911 1938 1113 1987 obiicitur,
1136 1945 1179 1978 ut
1198 1938 1424 1978 difficultas
1446 1939 1534 1979 eius
1564 1939 1813 1991 superabilis

239 2011 587 2057 appareat,atque
607 2004 666 2043 ita
686 2005 816 2045 oritur
831 2019 936 2059 spes;
953 2011 1102 2045 contra
1117 2018 1215 2045 vero
1237 2005 1491 2057 desperatio.
1512 2007 1616 2045 Item
1641 2006 1811 2052 malum,

239 2071 463 2111 imminens
484 2077 524 2110 et
539 2071 592 2110 ad
610 2073 844 2111 cavendum
861 2072 1039 2120 difficile,
1058 2072 1123 2111 vel
1145 2073 1206 2111 sic
1230 2071 1473 2124 proponitur
1494 2077 1537 2110 ut
1559 2071 1652 2110 nisu
1673 2072 1813 2124 aliquo

239 2135 361 2175 vitari
383 2142 518 2187 queat,
537 2142 684 2175 ettunc
705 2137 883 2176 affectus
900 2149 1136 2188 exsurgens
1152 2137 1204 2175 ad
1222 2136 1522 2176 removendum
1545 2136 1815 2188 impedimen-

242 2205 328 2238 tum
347 2199 496 2238 dicitur
513 2199 717 2246 audaciam·
735 2202 801 2240 vel
818 2201 879 2241 sic
895 2207 1068 2253 apparet
1084 2206 1127 2240 ut
1148 2200 1403 2248 difficultate,
1416 2213 1541 2252 quam
1563 2200 1701 2249 habet,
1721 2201 1816 2240 ani-

240 2277 351 2303 mum
380 2263 499 2316 quasi
519 2264 735 2316 opprimat,
753 2274 792 2304 et
813 2274 910 2305 tunc
932 2265 1110 2305 affectus
1130 2264 1243 2303 illinc
1266 2277 1480 2316 exurgens
1503 2263 1651 2303 dicitur
1676 2264 1817 2305 timor.

241 2330 430 2383 Denique
447 2331 481 2370 si
499 2331 653 2370 malum
673 2344 756 2371 non
774 2332 952 2383 amplius
968 2330 1252 2378 imminet‚sed
1267 2329 1351 2369 iam
1372 2329 1586 2378 incumbit3
1605 2343 1815 2372 enascens

241 2397 449 2449 appetitus
478 2399 708 2438 ulciscendi
729 2412 915 2446 causam,
946 2412 1051 2451 quae
1071 2398 1170 2437 illud
1200 2398 1405 2450 produxit,
1436 2405 1614 2437 vocatur
1637 2399 1704 2438 ira
1735 2401 1816 2451 (2).

284 2526 334 2565 (1)
361 2527 516 2560 Summa
540 2527 586 2559 tlt.
611 2529 636 2560 1.
663 2529 689 2560 2.
716 2538 748 2569 q.
774 2528 903 2566 XXIII,
929 2539 949 2560 a
971 2530 998 2560 4.

285 2578 335 2616 (2)
361 2578 543 2611 Cartesius
557 2580 685 2612 librum
697 2581 985 2622 depassionibus
1003 2580 1235 2620 elucubravit,
1246 2581 1420 2614 trifariam
1433 2579 1671 2622 dispartitum,
1695 2580 1729 2611 in
1751 2589 1824 2620 quo

239 2630 309 2663 hac
333 2635 494 2666 veterum
519 2635 681 2667 doctrina
700 2635 854 2674 reiecta,
877 2645 1005 2668 novam
1030 2637 1224 2676 quamdam
1246 2636 1423 2668 theoriam
1447 2635 1642 2667 obtrudere
1665 2637 1821 2667 conatus

242 2684 324 2721 est,
347 2684 390 2715 de
417 2694 487 2724 qua
511 2686 562 2718 sic
585 2687 751 2719 iudicavit
775 2687 1009 2722 Thomasius:
1046 2699 1059 2716 «
1084 2689 1161 2720 Ets1
1185 2688 1369 2721 Cartesius
1392 2687 1651 2720 nobilissimam
1674 2687 1821 2719 Ethicae

238 2736 437 2771 doctrinam
463 2741 506 2773 de
530 2741 761 2781 passionibus
786 2741 889 2774 animi
913 2751 952 2774 se
977 2743 1251 2775 demonstrasse
1276 2742 1441 2784 opinatus
1462 2741 1578 2780 fuerit,
1603 2741 1742 2775 infinitis
1765 2744 1819 2774 ta-

236 2797 315 2872 rlnen
339 2793 501 2824 eamdem
525 2795 864 2827 contradictionibus
888 2795 1063 2836 repletam
1087 2804 1171 2826 esse
1194 2794 1298 2827 facile
1322 2794 1463 2826 ostendi
1488 2796 1620 2835 potest.
1643 2808 1658 2824 »
1687 2794 1818 2827 Caute-

255 2851 375 2881 ανῑιιη,
398 2854 431 2885 p.
457 2847 483 2877 1.
512 2858 537 2877 c.
568 2848 614 2879 14.
639 2847 657 2886 ,ξ
682 2849 729 2879 54.

285 2899 337 2933 Ne
361 2901 480 2929 autem
504 2900 648 2939 tempus
665 2900 696 2931 in
713 2900 788 2932 eius
804 2891 1017 2933 re'futatione
1034 2900 1170 2932 frustra
1192 2902 1364 2938 teramus,
1379 2900 1449 2933 hoc
1472 2910 1578 2933 unum
1602 2899 1734 2933 sufficit
1746 2899 1816 2932 ani-

239 2956 477 2991 madvertere,
491 2954 589 2993 quod
602 2954 798 2987 constituat
814 2954 965 2996 primum
979 2956 1158 2993 affectum,
1172 2956 1231 2996 qui
1248 2956 1278 2989 in
1291 2955 1393 2989 nobis
1409 2956 1685 2994 excitatur‚esse
1699 2955 1818 2989 admi-
