1970 3203
441 277 578 304 CAPUT
607 277 658 302 1v.
690 275 742 302 DE
772 275 942 305 OFFICIIS
973 279 1143 306 HOMINIS
1169 279 1284 306 ERGA
1312 279 1431 306 ALIOS
1646 262 1723 305 181

210 351 259 389 R.
291 350 339 387 In
368 347 511 400 primis
540 347 691 387 falsum
723 355 786 388 est
815 357 933 388 extra
954 349 1196 390 societatem
1226 349 1604 403 frequentissimam
1636 362 1731 389 esse

154 415 380 456 laesionem
402 413 563 452 iurium.
587 413 714 466 Viget
734 413 844 452 enim
865 414 906 453 in
927 414 1166 455 hominibus
1183 426 1351 468 propter
1379 416 1628 457 rationalem
1657 430 1727 455 na-

153 489 310 527 turam,
341 492 423 532 qua
451 478 641 518 instructi
671 486 790 527 sunt,
831 480 940 520 altus
979 480 1144 531 quidam
1174 481 1354 521 iustitiae
1395 495 1558 530 sensus,
1590 494 1669 534 quo
1700 495 1725 520 a

153 546 341 585 nocendo
371 544 463 584 aliis
494 544 763 585 deterrentur.
786 545 956 593 Deinde,
979 545 1144 585 etiamsi
1164 547 1270 586 haec
1291 548 1537 599 hypothesis
1560 548 1720 587 admitti

153 611 251 651 velit
282 610 390 663 quod
418 610 612 649 homines
640 611 894 663 plerumque,
923 612 1141 650 honestate
1172 612 1341 659 reiecta,
1364 613 1404 652 in
1425 627 1510 653 rem
1542 614 1723 653 alienam

128 725 130 727 ¹
156 676 402 728 irrumpant,
434 675 514 715 nisi
547 675 585 714 vi
615 676 791 728 physica
818 676 1120 728 impediantur;
1165 676 1435 718 nihilominus
1464 680 1614 719 exinde
1643 693 1727 719 non

151 741 265 781 aliud
296 747 634 794 consequeretur,
656 741 734 781 nisi
757 748 877 781 extra
896 742 1140 781 societatem
1171 756 1252 782 non
1275 743 1378 782 satis
1399 746 1550 784 tutelae
1570 745 1721 785 iurium

154 805 374 858 provideri,
406 818 457 844 ac
487 805 658 857 proinde
688 805 900 845 hominem
933 805 985 844 ad
1012 805 1256 845 societatem
1292 806 1516 846 ineundam
1557 808 1722 860 impelli.

152 872 207 910 At
232 870 401 910 minime
423 871 618 923 sequitur,
643 871 751 923 quod
768 872 922 912 vellent
941 871 1184 919 adversarii,
1206 871 1354 911 solutio
1376 872 1428 911 ab
1452 873 1563 912 omni
1586 874 1723 913 officio

152 937 290 989 quoad
321 936 631 977 observantiam
661 936 810 975 iurium
842 936 1086 976 alienorum.

208 1001 336 1042 Obic'c.
355 1004 403 1040 V.
427 1015 479 1041 ex
497 1002 683 1041 Ahrens:
702 1002 746 1042 Si
763 1002 1039 1054 occupatione
1056 1003 1121 1042 ius
1144 1003 1409 1055 proprietatis
1425 1004 1721 1055 acquireretur,

153 1066 278 1106 homo
309 1066 547 1106 individuus
577 1066 786 1118 proprium
817 1066 984 1106 efficere
1014 1073 1156 1118 posset
1172 1066 1423 1106 immensum
1453 1067 1612 1107 telluris
1633 1081 1725 1119 spa-

152 1132 267 1181 tium,
298 1146 373 1172 seu
403 1133 618 1184 integram
653 1135 815 1171 terram
844 1132 1140 1171 continentem.
1183 1133 1229 1171 Id
1259 1146 1357 1172 vero
1394 1133 1619 1173 absurdum
1649 1139 1723 1173 est.

204 1197 252 1235 R.
285 1196 394 1236 Dc‘st.
429 1200 561 1235 antec.
593 1196 772 1235 Efficere
803 1202 944 1247 posset
976 1195 1167 1244 z'ztrc'dice,
1199 1209 1247 1236 eo
1276 1197 1398 1236 modo
1429 1210 1551 1248 quem
1583 1210 1659 1236 nos
1681 1197 1721 1236 in

157 1259 439 1311 propositione
470 1259 786 1310 explicavimus,
819 1272 942 1311 nega·
972 1259 1139 1299 efficere
1168 1266 1309 1311 posset
1329 1260 1576 1309 arbitraria
1599 1269 1722 1314 atque

151 1322 210 1362 ita
239 1328 283 1361 ut
312 1323 469 1361 nullum
501 1323 542 1361 in
574 1322 663 1374 ipso
692 1323 758 1362 ius
786 1330 1045 1375 exsurgeret,
1076 1323 1270 1363 concedo.

207 1387 294 1425 Nos
324 1386 506 1426 diximus
536 1385 853 1438 occupationem
884 1399 978 1426 esse
1007 1386 1185 1438 primum
1215 1387 1460 1427 exercitium
1490 1388 1716 1429 activitatis

154 1452 375 1500 humanae,
397 1452 511 1491 circa
530 1465 597 1491 res
618 1451 843 1490 dominium
865 1451 1093 1503 parituras;
1124 1465 1299 1505 eamque
1329 1454 1412 1492 huc
1442 1461 1645 1505 spectare,
1677 1462 1720 1495 ut

157 1531 223 1558 res
244 1518 326 1565 illa,
349 1531 400 1558 ea
419 1518 580 1558 ratione
602 1531 683 1570 qua
704 1531 841 1570 capax
863 1525 939 1565 est,
962 1519 1194 1558 elaboretur
1215 1525 1254 1558 et
1270 1519 1380 1558 utilis
1398 1520 1471 1558 fiat
1487 1522 1720 1572 occupanti.

156 1583 202 1621 Id
232 1595 330 1622 vero
361 1583 604 1635 contingere
629 1583 769 1635 nequit
788 1597 862 1635 pro
885 1583 1121 1623 continente
1152 1584 1204 1623 ab
1233 1597 1317 1623 una
1348 1590 1506 1624 tantum
1536 1600 1719 1637 persona

151 1649 411 1700 occupanda.
434 1649 571 1695 Quare
600 1649 640 1687 in
663 1662 765 1688 casu
785 1656 973 1689 cessaret
993 1650 1100 1697 finis,
1127 1656 1296 1702 propter
1315 1664 1434 1703 quem
1454 1651 1519 1691 ius
1539 1655 1720 1705 proprie-

152 1715 248 1754 tatis
265 1714 421 1754 homini
439 1728 464 1753 a
481 1721 629 1754 natura
646 1727 895 1755 concessum
908 1721 982 1763 est;
1000 1721 1195 1755 cessante
1215 1721 1353 1756 autem
1371 1718 1465 1764 fine,
1482 1726 1652 1759 cessant
1669 1734 1719 1760 ea

149 1792 256 1831 quae
277 1792 301 1818 a
317 1780 400 1818 fine
420 1779 624 1819 rationem
647 1794 722 1819 cur
739 1779 821 1819 sint
836 1779 1054 1831 recipiunt.
1077 1780 1232 1819 Recole
1253 1780 1321 1820 hic
1342 1795 1447 1833 quae
1469 1782 1649 1824 diximus
1668 1786 1716 1825 de

149 1845 393 1884 limitatione
409 1845 522 1893 iuris,
545 1845 682 1896 capite
703 1845 1035 1897 primo,articulo
1046 1845 1188 1897 primo,
1203 1858 1374 1885 uumero
1392 1847 1716 1901 decimoquarto.

203 1911 321 1957 Quod
342 1917 480 1951 autem
506 1924 632 1962 saepe
663 1911 930 1962 determinari
959 1912 1000 1950 in
1030 1911 1273 1963 particulari
1303 1925 1387 1951 non
1408 1914 1539 1964 possit
1561 1928 1717 1967 quous—

149 1989 226 2028 que
255 1976 347 2026 lege
377 1980 552 2013 naturae
580 1974 691 2013 iusta
721 1975 939 2027 occupatio
979 1980 1170 2026 respectu
1205 1988 1410 2027 personae
1444 1978 1716 2027 extendatur,

149 2039 188 2078 id
209 2037 361 2078 nemini
391 2038 541 2077 mirum
572 2051 665 2078 esse
697 2037 827 2078 debet.
850 2039 1074 2078 Innumera
1095 2039 1205 2078 enim
1226 2045 1323 2078 sunt
1351 2040 1392 2079 in
1415 2041 1507 2092 lege
1527 2048 1716 2090 naturae,

150 2118 255 2156 quae
285 2104 324 2142 vi
354 2102 483 2143 solius
513 2102 698 2151 rationis,
729 2116 811 2142 non
833 2102 935 2142 satis
956 2102 997 2141 in
1027 2103 1266 2154 particulari
1297 2103 1560 2143 definiuntur.
1580 2106 1718 2158 Atque

149 2169 230 2207 hoc
259 2166 415 2207 idcirco
437 2172 500 2206 est
528 2166 626 2218 quia
645 2166 770 2205 homo
791 2180 816 2205 a
836 2173 985 2205 natura
1014 2167 1065 2205 ad
1097 2166 1340 2206 societatem
1356 2167 1581 2207 ineundam
1602 2170 1720 2209 ordi-

150 2237 281 2280 natur3
311 2244 363 2270 ex
392 2243 471 2282 quo
500 2230 546 2268 fit
577 2237 620 2268 ut
649 2230 752 2269 ratio
782 2230 1014 2282 generatim
1044 2230 1169 2270 dictet
1197 2231 1349 2284 aliqua,
1375 2246 1550 2285 quorum
1573 2234 1713 2275 deter-

150 2294 410 2334 minatiorem
448 2293 761 2345 dispositionem
791 2300 862 2333 aut
892 2294 1053 2345 legibus
1092 2294 1282 2334 civilibus
1321 2302 1391 2335 aut
1430 2296 1507 2335 iuri
1538 2297 1716 2348 positivo

146 2357 333 2410 gentium
363 2357 625 2396 statuendam
660 2357 868 2410 relinquit.

202 2420 332 2460 Obt'z'c.
362 2421 433 2459 VI.
466 2421 560 2459 Iure
590 2420 855 2471 proprietatis
885 2422 1112 2469 adstructo,
1148 2422 1269 2461 vitari
1308 2423 1450 2475 nequit
1478 2429 1521 2462 ut
1550 2424 1619 2463 alii
1652 2425 1719 2464 di-

147 2489 264 2537 vites,
295 2488 363 2528 alii
394 2501 597 2541 pauperes
619 2488 661 2526 in
682 2488 884 2529 societate
902 2489 1119 2528 exsistant.
1142 2490 1261 2529 Haec
1277 2498 1415 2529 autem
1432 2490 1712 2542 inaequalitas

147 2564 322 2596 naturae
351 2559 569 2607 repugnat.
601 2555 712 2605 Ergo
742 2553 808 2593 ius
837 2555 1100 2606 proprietatis
1130 2556 1287 2594 nullum
1317 2563 1391 2596 est.

195 2622 244 2660 R.
279 2621 401 2660 Cone.
433 2620 532 2659 mai.
565 2626 605 2659 et
636 2632 740 2672 negyo
773 2619 873 2658 min.
904 2620 981 2659 Illa
1011 2621 1120 2660 enirn
1154 2621 1431 2673 inaequalitas
1466 2635 1550 2662 non
1588 2622 1712 2662 modo

148 2695 231 2722 non
251 2689 458 2735 repugnat
479 2688 668 2730 naturae,
690 2682 764 2722 sed
784 2696 809 2722 a
830 2688 981 2722 natura
1001 2683 1093 2735 ipsa
1113 2678 1373 2736 procedit,'et
1389 2699 1517 2738 scopo
1540 2691 1714 2725 naturae

150 2747 336 2799 apprime
373 2748 591 2788 consentit.
624 2749 659 2787 A
690 2757 840 2787 natura
868 2748 1065 2799 procedit,
1096 2749 1192 2801 quia
1220 2750 1412 2791 homines
1441 2756 1715 2803 procreantur

151 2811 440 2863 inaequalibus
470 2812 627 2852 viribus
656 2811 843 2864 physicis
873 2818 912 2851 et
941 2811 1292 2852 intellectualibus
1322 2814 1508 2867 praediti.
1532 2815 1715 2853 Naturae

152 2888 281 2927 scopo
298 2876 514 2925 consentit;
535 2876 631 2929 quia
651 2889 906 2929 magnopere
927 2876 1089 2917 confert
1101 2878 1155 2917 ad
1171 2878 1362 2919 homines
1379 2879 1488 2918 inter
1504 2891 1549 2917 se
1563 2877 1716 2916 mutuis

152 2939 420 2980 relationibus
448 2935 703 2989 vinciendos,
738 2947 860 2994 atque
891 2941 945 2980 ad
973 2941 1082 2981 vires
1112 2942 1321 2984 humanas
1350 2942 1615 2983 multifariam
1648 2954 1716 2980 ex-
