1970 3203
300 287 377 327 178
632 299 698 325 lUS
729 296 928 324 NATURAE
951 307 970 312 -
992 296 1097 323 PARS
1129 296 1152 322 1.
1185 296 1249 323 ius
1278 295 1545 323 ιΝῡινιουΑιΕ

354 372 540 412 Validior
570 373 613 410 fit
642 372 749 411 haec
779 371 897 418 ratio,
927 370 1270 423 quotiescumque
1292 371 1362 419 rei,
1386 371 1467 410 iam
1490 370 1563 418 sic,
1585 370 1675 410 sine
1695 368 1875 408 aliorum

302 435 466 482 iniuria,
498 441 739 487 occupatae,
770 447 881 473 nova
910 434 1074 486 species
1103 440 1174 474 aut
1204 442 1476 484 augmentum
1507 434 1655 474 stabile
1684 432 1875 472 utilitatis

302 501 506 541 industria
535 514 585 540 ac
630 499 771 539 labore
801 500 1049 551 occupantis
1084 500 1324 540 accesserit.
1358 499 1627 540 Manifestum
1658 498 1765 539 enim
1796 504 1870 544 est,

301 580 383 606 non
413 580 538 619 posse
570 573 667 606 tunc
696 578 984 619 possessorem
1016 579 1066 605 ea
1096 565 1279 617 spoliari,
1309 566 1404 616 quin
1437 565 1625 618 propriae
1646 563 1872 604 activitatis

303 630 436 670 fructu
466 630 660 682 privetur.
692 630 811 677 Quod
841 629 1037 668 iniustum
1068 642 1162 669 esse
1191 642 1314 669 nemo
1344 642 1425 669 non
1460 630 1580 669 videt.

358 697 420 737 77.
452 697 705 736 Paoposrrlo
735 695 794 735 5².
835 696 916 735 Hes
937 695 1150 748 propt-iae
1171 698 1357 747 possunt
1384 708 1409 734 α
1433 698 1618 748 parente
1637 694 1752 746 filiis
1782 695 1876 733 hac-

303 762 483 802 reditate
514 762 760 801 transmitti.

356 825 477 865 Prob.
509 825 629 872 Quod
659 825 787 877 possit
817 832 1065 864 testamento
1097 824 1395 876 paterfamilias
1425 825 1535 865 bona
1565 838 1643 865 sua
1663 825 1753 864 sive
1774 824 1873 863 filiis

307 891 395 930 sive
425 890 572 929 alienis
603 889 789 940 elargiri,
813 889 1095 928 difficultatem
1119 901 1202 927 non
1222 888 1359 928 habet.
1383 888 1429 927 Id
1452 889 1560 927 enim
1582 889 1634 928 ad
1656 888 1719 927 ius
1739 887 1874 940 ipsum

304 953 563 1006 proprietatis
595 952 781 1004 pertinet,
803 951 911 1003 quod
932 958 1082 990 natura
1103 964 1180 990 sua
1200 950 1253 989 ad
1274 964 1439 991 omnem
1462 953 1520 992 rei
1543 965 1663 991 usum
1685 958 1725 991 et
1746 952 1877 1001 dispo-

304 1018 497 1058 sitionem
528 1016 762 1069 porrigitur.
794 1017 846 1056 Et
875 1029 978 1055 sane
1020 1015 1232 1067 legitimus
1261 1017 1320 1055 rei
1352 1030 1573 1069 possessor
1603 1025 1642 1057 et
1673 1017 1879 1063 dominus,

306 1093 350 1122 ut
371 1096 456 1122 rem
479 1095 597 1122 suam
629 1081 941 1128 transformare,
962 1080 1159 1128 alienare,
1176 1087 1246 1120 aut
1267 1081 1391 1120 etiam
1414 1082 1641 1130 destruere,
1662 1083 1723 1122 sic
1746 1084 1871 1123 etiam

306 1151 460 1190 donare
482 1155 636 1200 potest;
659 1148 737 1187 nisi
759 1147 896 1199 inepte
918 1147 1079 1187 dicatur
1100 1147 1266 1187 donatio
1289 1148 1380 1199 plus
1407 1148 1602 1200 quiddam
1623 1161 1729 1197 esse,
1752 1162 1874 1201 quam

307 1214 542 1255 destructio.
575 1213 693 1260 Quod
721 1213 756 1252 si
785 1213 825 1251 id
856 1213 979 1252 homo
1002 1219 1136 1265 potest
1175 1220 1259 1252 toto
1299 1220 1482 1265 tempore
1514 1213 1623 1253 vitae
1653 1228 1766 1262 suae,
1798 1227 1875 1266 po-

304 1280 397 1322 terit
427 1279 552 1319 etiam
580 1279 622 1317 in
652 1278 742 1331 ipso
773 1277 920 1317 mortis
963 1278 1163 1326 articulo;
1195 1278 1307 1316 nulla
1347 1277 1455 1317 enim
1500 1286 1563 1317 est
1592 1278 1697 1318 ratio
1728 1292 1802 1318 cur
1831 1279 1881 1319 de

307 1351 493 1385 extremo
514 1344 583 1383 illo
614 1344 686 1383 fiat
715 1343 919 1395 exceptio.
940 1344 1121 1382 Tantum
1151 1342 1374 1381 difficultas
1406 1355 1499 1382 esse
1529 1348 1671 1395 posset
1700 1343 1750 1382 de
1780 1356 1880 1383 suc—

305 1410 497 1450 cessione
530 1409 707 1448 filiorum
738 1409 780 1446 in
811 1409 921 1447 bona
950 1416 1167 1459 parentum
1198 1420 1246 1445 eae
1268 1410 1475 1446 intestato.
1506 1408 1588 1446 Sed
1618 1408 1729 1446 hanc
1760 1407 1885 1447 etiam

305 1477 382 1515 iuri
414 1482 586 1514 naturae
626 1487 720 1513 esse
751 1480 1078 1513 consentaneam
1101 1505 1109 1520 ,
1140 1471 1261 1512 facile
1290 1478 1415 1524 patet.
1455 1474 1564 1513 Nam
1585 1505 1594 1521 ‚
1626 1486 1770 1512 verum
1801 1473 1886 1512 ele—

306 1547 489 1581 mentum
520 1538 691 1578 humani
721 1539 889 1591 generis
918 1551 1001 1577 non
1030 1544 1115 1577 tam
1146 1543 1208 1578 est
1237 1538 1362 1577 homo
1384 1537 1631 1585 individuus,
1653 1552 1777 1591 quam
1800 1551 1878 1591 po-

307 1608 387 1647 tius
417 1606 594 1653 familia,
624 1618 729 1658 quae
759 1604 848 1645 veri
878 1604 1060 1647 nominis
1091 1603 1335 1643 societatem
1375 1604 1586 1643 constituit
1617 1604 1735 1643 cuius
1764 1610 1884 1655 pater

309 1680 371 1713 est
401 1678 525 1724 caput
555 1679 596 1711 et
616 1669 806 1722 provisor
845 1676 884 1709 et
914 1677 1064 1709 rector.
1096 1670 1206 1720 Ergo
1238 1668 1302 1707 ius
1333 1667 1598 1719 proprietatis
1629 1668 1689 1707 sic
1707 1669 1886 1720 pertinet

309 1739 361 1777 ad
392 1743 577 1789 patrem,
608 1741 651 1774 ut
697 1735 833 1786 aliquo
874 1734 995 1773 modo
1034 1733 1074 1771 in
1115 1734 1323 1785 integram
1362 1732 1560 1771 familiam
1610 1733 1885 1781 diffundatur,

309 1803 404 1842 licet
432 1801 508 1840 sub
539 1798 718 1838 dominio
750 1797 891 1850 patris.
924 1798 1025 1836 Cum
1057 1796 1180 1849 igitur
1201 1828 1209 1844 ,
1243 1803 1358 1848 patre
1388 1803 1599 1848 pereunte,
1624 1797 1788 1842 ,familia
1823 1811 1890 1838 su-

310 1865 463 1918 persit,
495 1864 535 1902 in
566 1876 658 1902 eam
688 1861 753 1900 ius
773 1861 871 1900 illud
893 1868 1042 1900 natura
1062 1875 1139 1900 sua
1160 1860 1353 1900 concidat
1374 1874 1549 1901 necesse
1571 1868 1633 1901 est
1652 1893 1660 1909 ‚
1683 1869 1881 1914 tanquam

310 1930 353 1968 in
382 1927 613 1968 subiectum
656 1925 709 1964 ad
739 1925 847 1977 quod
882 1925 966 1963 iam
996 1932 1092 1964 ante
1121 1925 1260 1976 aliqua
1295 1924 1457 1964 ratione
1489 1925 1734 1976 spectabat,
1767 1937 1806 1966 et
1835 1926 1876 1965 in

309 1998 427 2038 cuius
458 1995 675 2035 utilitatem
706 1993 991 2033 exercebatur.
1027 2007 1046 2030 «
1079 1993 1124 2031 In
1155 1991 1242 2031 suis
1274 1991 1548 2037 haeredibus,
1580 1992 1638 2032 ait
1668 1992 1885 2032 Iuriscon-

312 2064 445 2104 sultus
475 2062 633 2100 Paulus
654 2092 663 2108 ‚
693 2059 926 2099 evidentius
965 2064 1139 2110 apparet
1168 2057 1481 2098 continuatione
1512 2058 1680 2097 dominii
1714 2072 1763 2098 eo
1798 2072 1886 2098 rem

312 2130 552 2182 perducere,
585 2134 626 2165 ut
647 2126 761 2165 nulla
782 2125 969 2165 videatur
990 2124 1228 2165 haereditas
1249 2124 1390 2172 fuisse,
1413 2138 1536 2177 quam
1559 2125 1655 2164 olim
1677 2125 1703 2164 ii
1727 2125 1882 2165 domini

313 2199 478 2240 essent,
510 2191 577 2243 qui
608 2191 729 2230 etiam
749 2223 759 2237 ,
790 2189 884 2228 vivo
916 2195 1033 2240 patre
1062 2188 1366 2240 quodammodo
1396 2187 1551 2227 domini
1581 2188 1886 2228 existimantur.

315 2257 436 2297 Unde
468 2255 591 2294 etiam
624 2253 914 2292 filiusfamilias
945 2253 1187 2304 appellatur,
1211 2252 1318 2291 sicut
1339 2252 1648 2304 paterfamilias
1671 2253 1762 2292 sola
1783 2260 1881 2293 nota

315 2322 396 2360 liac
427 2319 601 2367 adiecta,
632 2331 702 2370 per
732 2331 856 2369 quam
888 2316 1151 2368 distinguitur
1180 2317 1343 2368 genitor
1373 2317 1424 2356 ab
1455 2331 1502 2357 eo
1533 2317 1600 2370 qui
1630 2318 1796 2369 genitus
1818 2319 1885 2358 sit.

319 2388 462 2438 Itaque
491 2390 581 2436 post
610 2389 786 2423 mortem
819 2381 947 2433 patris
977 2394 1059 2420 non
1091 2381 1391 2420 haereditatem
1422 2383 1634 2435 percipere
1664 2383 1880 2430 videntur,

315 2452 389 2491 sed
420 2450 554 2501 magis
583 2449 757 2488 liberam
787 2447 989 2487 bonorum
1020 2446 1422 2486 administrationem
1453 2456 1773 2500 consequuntur:
1804 2449 1886 2488 hac

316 2519 365 2557 dc
396 2529 526 2556 causa
547 2548 556 2563 ,
587 2515 682 2553 licet
712 2527 796 2553 non
827 2513 908 2552 sint
937 2512 1142 2552 haeredes
1172 2511 1360 2560 instituti,
1393 2513 1548 2553 domini
1577 2520 1674 2553 sunt
1704 2515 1778 2565 (1).
1811 2528 1830 2551 »

367 2582 536 2628 Deinde,
569 2581 693 2620 Pater
714 2592 797 2618 non
817 2578 895 2618 sibi
921 2584 1079 2618 tantum
1102 2577 1288 2630 acquirit,
1311 2578 1384 2617 sed
1407 2579 1590 2619 maxime
1612 2580 1719 2629 filiis;
1742 2579 1890 2631 quibus

317 2659 371 2686 ex
401 2646 489 2695 lege
512 2652 684 2683 naturae
706 2643 923 2695 providere
945 2648 1118 2682 tenetur.
1142 2643 1267 2694 Ergo,
1291 2655 1385 2681 cum
1408 2643 1581 2683 moritur
1603 2644 1652 2683 ab
1674 2645 1890 2690 intestato,

314 2707 673 2762 praesupponitur,
699 2707 736 2745 vi
759 2706 863 2759 legis
885 2713 1074 2755 naturae,
1095 2705 1276 2746 voluisse
1297 2719 1376 2746 sua
1397 2706 1506 2746 bona
1526 2708 1760 2760 relinquere
1782 2708 1891 2748 filiis.

368 2774 582 2820 Tandem,
612 2780 729 2825 pater
759 2772 880 2813 bonis
901 2805 909 2821 ‚
942 2785 1048 2825 quae
1078 2771 1324 2824 acquisivit,
1355 2772 1645 2813 characterem
1675 2774 1889 2826 impressit

315 2839 507 2892 propriae
536 2837 860 2892 personalitatis.
893 2838 997 2877 Cum
1020 2837 1144 2889 igitur
1166 2837 1443 2889 personalitas
1466 2839 1595 2890 patris
1618 2853 1703 2881 non
1727 2841 1894 2881 omnino

317 2910 471 2957 percat,
494 2904 568 2943 sed
590 2902 780 2955 perduret
801 2902 841 2941 in
863 2902 969 2951 filiis,
988 2902 1056 2955 qui
1079 2902 1265 2942 eiusdem
1283 2909 1378 2943 sunt
1395 2903 1513 2956 quasi
1530 2910 1670 2956 partes
1688 2912 1726 2946 et
1747 2906 1896 2946 effusio

361 2984 411 3025 (1)
437 2983 686 3025 Diyestomm,
710 2981 765 3015 lib.
790 2982 954 3021 XXVIII,
976 2981 1027 3025 tit.
1053 2982 1102 3020 ΙΙ,
1125 2991 1216 3016 num.
1241 2981 1301 3015 XI.
