1970 3203
206 204 287 246 330
569 217 621 243 us
652 216 855 243 NATURAE
873 226 893 232 -
917 216 1026 243 PARS
1055 217 1091 242 11.
1120 217 1186 243 ius
1216 216 1388 244 sociALE

266 292 458 332 Christus
488 292 531 331 in
562 292 631 332 illo
661 292 755 333 loco
775 291 955 345 loquitur
976 292 1024 332 de
1047 292 1263 341 Ecclesia,
1295 296 1415 345 quae'
1435 294 1523 334 eius
1557 294 1721 346 proprie
1741 308 1801 336 re-

209 372 339 412 gnum
370 365 443 402 est,
475 364 516 399 et
545 372 653 412 quae
686 358 870 398 divinam
902 371 986 398 non
1016 359 1244 398 humanam
1266 359 1392 400 habet
1412 360 1627 413 originem.
1658 362 1721 400 Ex
1751 374 1800 401 eo

206 429 359 471 autem,
390 424 500 475 quod
530 423 724 463 Ecclesia
745 422 798 462 sit
816 435 994 475 regnum
1015 422 1214 463 divinitus
1234 423 1477 472 institutum,
1499 437 1582 464 non
1604 424 1789 477 sequitur

205 502 287 529 non
305 502 430 541 posse
451 502 692 542 supremum
710 489 958 529 Pontificem
979 501 1153 541 regnum
1177 488 1303 530 etiam
1320 495 1530 529 terrenum
1546 490 1624 530 sibi
1642 491 1795 530 adiun-

204 568 315 608 gere.
348 556 478 595 Immo
510 555 648 608 potius
677 555 864 608 sequitur
883 554 1133 608 oppositum.
1160 555 1268 594 Nam
1290 560 1333 594 ut
1349 568 1524 607 regnum
1547 556 1703 596 Christi
1724 569 1799 596 seu

206 622 424 662 Ecclesiae
454 628 646 662 servetur
675 628 715 662 et
744 627 938 674 operetur
980 620 1100 660 iuxta
1127 625 1322 660 naturam
1353 621 1544 674 propriae
1587 621 1762 675 originis
1784 653 1792 669 ‚

205 701 383 728 necesse
413 694 477 728 est
505 693 548 727 ut
577 688 668 728 eius
697 701 938 739 supremum
969 687 1105 739 Caput
1133 700 1184 726 ac
1216 688 1357 727 Motor
1387 701 1413 726 a
1442 687 1556 727 nulla
1583 693 1792 740 potestate

208 751 332 791 huius
361 751 519 792 saeculi
549 751 792 804 dependeat,
814 765 865 791 ac
886 750 1058 803 proinde
1079 750 1131 790 sit
1153 751 1346 803 princeps
1367 752 1608 804 temporalis
1628 752 1669 791 in
1690 753 1788 792 loco

211 815 277 855 ubi
307 816 448 856 sedem
478 816 616 864 habet,
638 822 677 855 et
698 829 751 855 ex
772 828 851 865 quo
872 821 1028 855 motum
1049 814 1246 867 imprimit
1267 814 1340 854 toti
1359 814 1457 854 moli
1478 814 1600 854 huius
1622 815 1795 857 divinae

210 879 434 920 societatis.
470 881 608 926 Quare
639 892 722 919 non
752 879 958 918 immerito
988 880 1096 919 haec
1126 878 1303 918 formula
1324 878 1479 918 sanciri
1503 887 1656 931 posset:
1690 879 1797 926 Quia

208 959 387 998 regnum
418 945 572 985 Christi
602 958 687 985 non
707 951 769 985 est
790 946 839 985 de
862 946 942 984 hoc
958 945 1124 993 mundo,
1141 957 1317 984 necesse
1338 952 1400 984 est
1420 951 1464 984 ut
1483 944 1573 985 eius
1594 944 1797 984 Vicarius

208 1023 384 1063 regnum
415 1010 570 1049 habeat
597 1009 640 1048 in
669 1010 750 1049 hoc
781 1009 949 1048 mundo.
979 1008 1184 1049 Nimirum
1214 1021 1268 1048 ex
1291 1008 1614 1061 independentia
1633 1005 1797 1047 Sacer-

209 1076 308 1116 dotii
346 1075 565 1116 christiani
605 1089 631 1115 a
666 1077 837 1115 saeculo
857 1108 866 1124 ,
898 1075 1084 1128 sequitur
1112 1074 1438 1126 independentia
1474 1074 1609 1114 civilis
1639 1073 1796 1114 summi

209 1141 455 1190 Pontificis;
487 1154 593 1193 quae
623 1141 665 1180 in
695 1140 906 1193 praesenti
935 1141 1246 1180 ordinererum
1277 1139 1453 1179 obtineri
1484 1139 1604 1179 aliter
1634 1138 1791 1192 nequit,

207 1206 287 1246 nisi
317 1219 391 1258 per
420 1206 696 1258 principatum
727 1205 954 1258 politicum.

261 1271 381 1317 Quod
409 1284 510 1311 vero
540 1279 715 1323 utraque
741 1276 925 1323 potestas
956 1271 1147 1310 eamdem
1178 1282 1403 1322 personam
1433 1267 1639 1315 informet,
1663 1268 1704 1307 id
1725 1281 1800 1307 ne-

205 1351 415 1390 quaquam
444 1337 642 1389 importat
670 1336 792 1376 unius
821 1337 1041 1389 potestatis
1072 1350 1167 1375 cum
1198 1336 1332 1375 altera
1353 1334 1664 1383 confusionem;
1688 1334 1799 1373 sicut

208 1417 291 1443 non
332 1403 596 1442 confunditur
629 1403 859 1442 auctoritas
890 1408 1064 1454 paterna
1093 1415 1189 1441 cum
1219 1401 1337 1453 regia
1359 1433 1368 1450 ‚
1400 1415 1452 1441 ex
1482 1414 1531 1441 eo
1563 1401 1660 1453 quia
1689 1401 1797 1440 idem

207 1468 334 1506 homo
364 1466 418 1506 sit
446 1474 562 1518 pater
591 1472 630 1506 et
658 1479 745 1506 rex.
768 1466 893 1505 Aliud
915 1472 978 1506 est
998 1465 1252 1514 coniunctio,
1274 1465 1387 1505 aliud
1409 1465 1612 1505 confusio.
1631 1464 1799 1517 Optime

209 1540 385 1584 possunt
413 1532 493 1571 duo
523 1532 630 1571 inter
667 1545 713 1571 se
743 1531 956 1584 coniungi,
986 1532 1084 1584 quin
1115 1532 1197 1571 ullo
1228 1531 1351 1570 modo
1382 1531 1692 1570 confundantur
1716 1562 1724 1578 ,
1755 1542 1802 1575 ut

209 1597 362 1637 accidit
391 1598 441 1636 de
471 1598 614 1637 anima
644 1605 684 1639 et
704 1611 892 1650 corpore,
915 1610 1021 1650 quae
1042 1598 1140 1637 licet
1160 1598 1201 1637 in
1223 1599 1369 1638 eodem
1390 1598 1560 1637 homine
1582 1597 1797 1649 copulata,

211 1672 352 1703 tamen
373 1663 570 1704 distincta
586 1670 843 1715 permanent.
867 1663 1105 1703 Periculum
1127 1670 1266 1703 autem
1286 1663 1400 1711 illud,
1421 1663 1530 1715 quod
1552 1662 1669 1703 timet
1692 1662 1801 1701 obie-

209 1730 304 1778 ctio,
325 1730 520 1769 nimirum
541 1745 593 1771 ne
613 1731 759 1782 religio
782 1736 1053 1771 convertatur
1072 1731 1114 1769 in
1135 1718 1459 1771 instrumentum
1480 1730 1597 1782 scopi
1620 1729 1794 1782 politici;

208 1800 308 1834 tunc
339 1794 574 1844 haberetur,
606 1795 641 1835 si
673 1795 868 1835 Pontifex
888 1795 980 1835 ideo
1003 1803 1117 1835 esset
1138 1795 1336 1835 Pontifex
1356 1795 1454 1848 quia
1475 1801 1538 1834 est
1559 1808 1644 1834 rex.
1667 1796 1789 1835 Tunc

208 1858 318 1898 enim
348 1859 578 1899 auctoritas
607 1860 808 1912 religiosa
836 1859 1128 1912 conciperetur
1150 1864 1193 1898 ut
1214 1859 1457 1898 adiunctum
1480 1858 1687 1911 quoddam
1714 1871 1792 1910 po-

209 1923 372 1963 testatis
403 1924 607 1976 politicae,
637 1925 987 1977 quemadmodum
1014 1925 1218 1976 contingit
1237 1925 1280 1963 in
1296 1925 1453 1977 Anglia
1473 1931 1513 1964 et
1534 1924 1704 1972 Russia,
1727 1921 1797 1964 ubi

207 1989 417 2042 princeps,
448 1990 545 2042 quia
564 1990 759 2043 princeps
780 1997 855 2038 est,
878 1990 944 2030 ius
966 2003 1207 2043 supremum
1231 1990 1273 2029 in
1296 1991 1498 2043 religione
1521 1990 1795 2042 temperanda

208 2054 289 2095 sibi
317 2062 499 2108 arrogat.
530 2056 595 2096 Ad
625 2069 889 2109 nequaquam
919 2056 1035 2109 viget
1064 2065 1259 2109 respectu
1288 2057 1469 2096 Romani
1501 2057 1731 2105 Pontificis‚
1753 2056 1797 2096 in

210 2134 290 2174 quo
320 2135 390 2162 res
418 2122 637 2163 viceversa
666 2136 712 2163 se
740 2123 878 2163 habet:
901 2123 1094 2162 nimirum
1117 2123 1324 2171 Pontifex,
1348 2123 1457 2176 vquia
1494 2128 1558 2163 est
1589 2123 1796 2172 PontifeX‚

211 2186 305 2225 ideo
333 2192 397 2226 est
425 2200 513 2226 reX.
546 2188 669 2227 Unde
690 2187 828 2240 potius
848 2187 967 2240 regia
997 2194 1182 2239 potestas
1211 2188 1250 2226 in
1274 2201 1323 2228 eo
1353 2187 1583 2239 concipitur
1604 2186 1698 2227 talis
1717 2219 1726 2235 ,
1757 2194 1800 2225 ut

211 2256 412 2302 tanquam
442 2251 764 2291 instrumentum
794 2251 1018 2304 religiosae
1049 2251 1243 2303 potestati
1274 2251 1494 2291 deserviat.
1527 2251 1567 2290 ld
1589 2263 1689 2290 vero
1712 2262 1795 2289 non

211 2321 540 2368 praeposterum,
571 2317 645 2358 sed
674 2317 790 2358 iuxta
818 2318 1007 2358 ordinem
1036 2324 1212 2356 naturae
1242 2322 1316 2357 est.

268 2380 397 2420 Obic'c.
428 2381 477 2420 V.
510 2382 714 2434 Princeps
743 2382 985 2434 temporalis
1006 2382 1133 2421 habet
1153 2381 1218 2420 ius
1240 2381 1349 2421 vitae
1371 2387 1411 2421 et
1435 2380 1552 2420 necis
1573 2387 1613 2421 et
1635 2388 1700 2421 est
1720 2393 1796 2420 su-

211 2459 379 2498 premus
407 2446 535 2486 iudex
563 2448 606 2487 in
636 2448 837 2488 societate
866 2447 1003 2500 quoad
1033 2460 1187 2486 causas
1208 2446 1424 2499 capitales.
1459 2446 1505 2486 Id
1527 2460 1625 2486 vero
1647 2445 1798 2485 incon-

210 2525 360 2564 gruum
392 2520 456 2554 est
486 2521 529 2553 ut
559 2514 810 2554 attribuatur
842 2513 996 2553 Christi
1028 2513 1210 2553 Vicario.

266 2579 314 2617 R.
351 2579 540 2619 Concedo
572 2580 794 2628 maiorem,
825 2585 866 2619 et
893 2580 1015 2631 Nego
1048 2579 1269 2618 minorem.

264 2644 391 2683 Nulla
420 2651 485 2684 est
512 2645 618 2685 ratio
649 2659 723 2685 cur
751 2645 1029 2697 incongruum
1071 2644 1232 2683 dicatur
1263 2643 1423 2684 Christi
1454 2642 1624 2683 Vicat-io
1647 2675 1655 2691 ‚
1690 2643 1799 2694 quod

209 2722 295 2749 non
325 2709 603 2763 incongruum
635 2718 699 2751 est
728 2710 807 2763 ipsi
837 2710 1018 2759 Christo;
1048 2710 1116 2763 qui
1146 2716 1260 2750 certe
1292 2716 1356 2750 est
1386 2709 1511 2748 z'adeoe
1547 2709 1741 2748 vivorum
1762 2710 1805 2748 et

213 2778 485 2815 mortuoram
508 2809 517 2825 ,
549 2783 588 2816 et
617 2777 767 2830 impios
803 2791 855 2816 ac
885 2789 1064 2829 nequam
1096 2777 1266 2816 damnat
1296 2781 1428 2815 morte
1458 2781 1631 2815 aeterna
1651 2808 1659 2824 ,
1692 2788 1799 2828 quae

211 2840 339 2891 longe
381 2841 495 2892 peior
525 2847 589 2880 est
617 2847 750 2880 morte
777 2840 1010 2892 temporali.
1043 2841 1186 2879 Poena
1227 2838 1375 2891 capitis
1412 2839 1454 2878 in
1486 2845 1706 2880 nocentem
1737 2845 1800 2879 est

215 2910 336 2944 actus
367 2905 575 2956 iustitiae,
605 2906 763 2946 iustitia
792 2914 944 2954 autem,
976 2910 1018 2944 ut
1047 2905 1308 2945 nobilissima
1338 2904 1481 2954 virtus,
1512 2919 1597 2946 non
1627 2906 1799 2946 dedecet
