1970 3203
615 182 752 209 CAPUT
779 183 817 209 11.
847 183 901 210 DE
930 184 1161 212 SOCIETATE
1189 185 1305 212 cmm
1661 176 1737 215 231

224 256 352 297 Obz‘z'c.
365 257 416 295 ΙΙ.
429 255 618 295 Societas
631 255 861 296 domestica
873 257 1011 307 specie
1026 257 1162 297 differt
1172 272 1198 297 a
1214 258 1409 299 societate
1423 259 1739 311 politica.Atqui

171 335 329 370 eorum,
363 333 468 374 quae
498 321 637 372 specie
660 320 865 370 differunt,
888 323 1028 374 nequit
1049 337 1176 362 unum
1207 324 1393 364 converti
1414 324 1457 362 in
1487 325 1610 373 aliud,
1639 324 1738 377 quin

168 390 460 436 corrumpatur
489 391 527 424 et
555 385 743 433 intereat,
779 386 887 438 quod
916 386 965 425 de
993 385 1149 425 familia
1175 392 1368 439 respectu
1397 387 1614 427 societatis
1642 386 1741 439 poli-

168 452 275 491 ticae
305 450 384 490 dici
408 463 492 490 non
512 456 657 502 potest.
676 452 786 503 Ergo
808 450 947 503 nequit
968 464 1021 490 ex
1042 451 1199 490 familia
1228 453 1326 492 oriri
1347 453 1531 494 societas
1551 453 1733 505 politica.

224 515 274 554 R.
303 514 415 554 Dc'st.
447 516 559 555 mai:
588 515 736 567 Specie
756 514 893 555 differt
922 521 1132 567 tamquam
1154 517 1420 568 organismus
1441 516 1666 569 perfectior
1685 516 1739 555 ab

172 581 413 633 organismo
443 581 579 621 minus
609 581 803 633 perfecto,
824 581 865 619 in
895 580 1011 620 cuius
1034 580 1183 621 virtute
1214 582 1462 622 continetur.
1485 595 1606 628 conc‚·
1628 588 1740 621 tam—

168 657 291 697 quam
320 658 387 684 res
416 658 441 683 a
471 657 516 683 re
544 645 707 696 penitus
737 644 914 691 diversa,
948 656 1064 695 nego.
1095 644 1160 682 Ad
1193 644 1292 682 min.
1324 645 1478 696 pariter
1507 645 1613 684 dist:
1647 646 1736 683 Eo-

169 722 258 747 rum
278 740 286 755 ,
318 721 425 760 quae
455 709 594 761 specie
625 708 820 747 differunt
848 709 989 759 nequit
1018 720 1144 746 unum
1175 707 1217 746 in
1255 708 1366 746 aliud
1395 709 1604 756 converti,
1636 708 1733 761 quin

167 772 356 820 intereat,
379 773 412 812 si
434 773 572 824 specie
602 772 797 813 differunt
815 772 1000 812 secundo
1030 772 1165 819 modo,
1188 774 1398 818 transeat,·
1427 772 1462 810 si
1491 772 1629 823 specie
1651 772 1732 811 dif-

169 836 309 877 ferunt
337 838 469 888 primo
498 838 634 886 modo,
666 851 784 890 nego.

220 904 424 954 Magnum
454 902 676 942 discrimen
706 910 768 943 est
788 903 893 943 inter
914 903 1224 951 conversiones,
1243 915 1348 955 quae
1372 903 1475 941 fiunt
1497 916 1569 954 per
1596 908 1735 940 trans-

170 966 443 1006 mutationem
473 966 596 1006 unius
624 966 682 1006 rei
711 967 753 1005 in
783 967 907 1006 aliam
925 1001 936 1014 ,
968 974 1008 1006 et
1036 980 1143 1018 quae
1172 968 1276 1006 fiunt
1308 979 1381 1019 per
1413 966 1735 1018 explicationem

173 1031 296 1071 unius
324 1032 383 1071 rei
415 1044 465 1071 ex
495 1032 604 1079 alia,
636 1033 677 1071 in
707 1032 824 1071 cuius
853 1033 1002 1072 virtute
1031 1032 1335 1073 continebatur.
1381 1033 1474 1071 Hoc
1502 1031 1734 1083 posteriore

171 1108 301 1135 sensu
317 1094 501 1134 societas
516 1095 686 1146 politica
700 1102 923 1147 generatur
940 1110 965 1135 a
976 1095 1174 1135 societate
1186 1096 1427 1143 domestica,
1440 1108 1545 1148 quae
1561 1094 1733 1146 proinde

168 1173 264 1201 esse
293 1173 413 1200 suum
443 1174 528 1200 non
561 1160 736 1208 amittit,
768 1162 841 1200 sed
870 1168 1081 1213 tamquam
1106 1174 1203 1213 pars
1225 1168 1417 1213 superest
1435 1174 1476 1200 in
1498 1160 1734 1212 organismo

170 1227 430 1279 perfectiore,
452 1240 572 1279 quem
594 1227 736 1279 gignit.
760 1228 806 1266 Id
827 1228 930 1267 adeo
952 1241 1094 1267 verum
1117 1236 1191 1275 est,
1212 1236 1255 1266 ut
1278 1228 1402 1267 etiam
1437 1240 1617 1279 persona
1635 1226 1736 1265 indi-

172 1293 313 1340 vidua,
344 1305 449 1345 quae
481 1301 593 1334 certe
624 1294 907 1345 organismum
937 1296 1093 1333 nullum
1126 1294 1349 1341 constituit,
1379 1294 1452 1333 sed
1482 1301 1641 1333 tantum
1672 1300 1735 1332 est

174 1358 422 1397 elementum
439 1358 699 1409 organicum,
722 1358 818 1397 dum
840 1359 1080 1399 societatem
1104 1359 1376 1399 domesticam
1393 1359 1658 1399 matrimonio
1680 1358 1738 1397 in-

172 1421 298 1461 choat
328 1428 399 1461 aut
427 1421 698 1473 generatione
728 1423 966 1474 amplificat,
990 1436 1072 1462 non
1103 1422 1258 1462 idcirco
1280 1423 1384 1474 perit
1412 1422 1454 1462 in
1484 1423 1644 1462 ratione
1664 1422 1731 1461 in-

173 1483 344 1532 dividui,
376 1485 451 1523 sed
479 1485 570 1524 iura
599 1485 835 1536 personalia
864 1487 1047 1525 retinens
1069 1518 1078 1533 ‚
1109 1499 1159 1525 ea
1187 1492 1345 1525 tantum
1376 1486 1586 1526 interserit
1614 1487 1736 1526 novis

169 1547 343 1595 iuribus,
375 1562 480 1601 quae
511 1562 563 1588 ex
591 1562 701 1589 novo
731 1556 855 1597 statu,
885 1562 1005 1601 quem
1035 1550 1277 1602 ingreditur,
1308 1550 1507 1589 oriuntur.

229 1613 423 1652 Ceterum
454 1613 801 1652 considerandum
835 1620 897 1652 est
925 1613 993 1651 hic
1025 1614 1093 1664 agi
1123 1613 1173 1653 de
1202 1613 1378 1664 simplici
1408 1613 1622 1665 analogia,
1653 1626 1736 1652 non

171 1675 221 1715 de
251 1674 437 1726 perfecta
455 1676 643 1727 paritate;
674 1675 811 1728 agitur
840 1676 947 1715 enim
979 1676 1027 1715 de
1057 1678 1406 1717 transmutatione
1435 1677 1593 1723 morali,
1629 1689 1735 1728 quae

171 1739 458 1780 diversissima
488 1747 551 1780 est
580 1754 606 1780 a
636 1740 980 1780 transmutatione
1010 1741 1198 1793 physica.

785 1872 1033 1912 ARTioULus
1065 1873 1137 1911 III.

622 2012 689 2051 De
706 2012 800 2065 fine
828 2014 1045 2054 societatis
1067 2014 1284 2066 politicae.

221 2155 282 2194 42.
315 2155 510 2196 Gravitas
540 2156 813 2207 quaestionis.
845 2155 1021 2195 Maximi
1060 2156 1257 2196 momenti
1292 2163 1354 2196 est
1392 2156 1434 2195 in
1469 2157 1556 2196 iure
1591 2157 1736 2197 sociali

171 2233 377 2271 praesens
412 2221 645 2274 vestigatio,
666 2221 787 2274 idque
821 2222 968 2274 triplici
1000 2222 1259 2273 potissimum
1280 2235 1333 2262 ex
1363 2236 1503 2263 causa.
1538 2224 1735 2273 Primum,

176 2286 272 2338 quia
301 2286 381 2326 nisi
410 2287 506 2326 finis
536 2287 750 2327 societatis
780 2293 819 2326 et
848 2288 1014 2336 bonurn,
1046 2288 1153 2340 quod
1182 2288 1254 2327 illa
1282 2290 1448 2341 assequi
1479 2289 1630 2337 nititur,
1660 2289 1737 2329 rite

172 2350 470 2390 determinetur
486 2365 496 2400 3
526 2351 646 2403 dirigi
677 2351 887 2403 sapienter
915 2351 1057 2403 nequit
1086 2351 1178 2391 eius
1212 2352 1397 2404 operatio
1418 2384 1426 2399 ,
1458 2365 1535 2391 nec
1575 2352 1736 2392 definiri

174 2420 288 2454 certo
319 2415 467 2466 poterit
497 2415 550 2454 ad
578 2428 701 2467 quam
731 2415 1050 2456 destinationem
1089 2415 1341 2467 implendam
1385 2415 1522 2455 civilis
1551 2420 1737 2468 potestas

176 2486 367 2531 spectare
389 2480 547 2519 debeat.
579 2479 736 2520 Deinde
756 2480 852 2532 quia
872 2481 1021 2520 exinde
1042 2482 1307 2532 repetendum
1329 2488 1392 2521 est
1412 2481 1634 2530 criterium,
1657 2494 1737 2533 quo

162 2556 189 2594 p
209 2542 376 2583 erfectio
394 2543 593 2595 cuiusque
610 2543 823 2582 societatis
839 2543 1095 2591 diiudicetur,
1113 2557 1217 2595 quae
1241 2550 1352 2583 certe
1372 2556 1422 2583 eo
1446 2544 1736 2596 praestabilior

177 2605 252 2645 erit
273 2611 313 2646 et
332 2606 615 2654 excellentior,
638 2619 717 2658 quo
737 2606 873 2658 magis
894 2620 1022 2658 scopo
1044 2620 1120 2646 suo
1140 2607 1441 2660 propinquabit.
1465 2608 1617 2656 Tertio,
1639 2607 1736 2660 quia

173 2684 256 2711 non
278 2672 455 2721 aliunde,
476 2685 600 2724 quam
630 2684 683 2711 ex
704 2671 799 2711 finis
817 2671 1168 2720 consideratione,
1190 2685 1389 2712 mensura
1417 2674 1577 2713 desumi
1598 2678 1736 2725 potest

173 2741 257 2773 tum
277 2735 510 2776 officiorum
526 2735 740 2784 etiurium,
753 2749 857 2788 quae
875 2735 983 2774 civili
997 2735 1232 2776 auctoritati
1247 2743 1497 2789 competunt,
1510 2743 1592 2775 tum
1609 2736 1734 2775 etiam

174 2799 361 2850 limitum,
383 2801 530 2853 quibus
550 2802 620 2840 illa
639 2801 681 2840 vi
699 2808 873 2841 naturae
894 2807 1122 2841 coercetur.

226 2863 357 2902 Porro
377 2864 579 2904 eiusmodi
597 2865 779 2916 cognitio
794 2878 820 2903 a
835 2865 1012 2904 scientia
1027 2865 1306 2917 depromenda
1321 2874 1395 2907 est.
1408 2865 1610 2905 Homines
1623 2865 1731 2906 enim
