1970 3203
487 233 623 262 CAPUT
650 234 689 261 11.
718 235 772 261 DE
800 235 972 262 orricns
1000 234 1171 261 HoMiNis
1200 234 1312 261 ERGA
1342 235 1460 261 DEUM
1673 222 1753 260 133

187 315 299 354 illam
329 310 495 351 tandem
518 309 740 362 aliquando
758 310 1082 362 comparandam
1105 309 1292 351 actiones
1313 323 1425 358 suas,
1446 310 1641 362 implicite
1663 311 1753 350 sal-

185 385 277 426 tem,
306 377 460 417 referre
491 375 652 416 debeat.
1004 390 1006 392 v

701 510 942 549 Solvuntur
969 508 1253 560 difficultates.

234 619 295 656 32.
339 616 467 655 Obiz'c.
507 617 537 655 I.
569 617 681 655 Deus
715 628 799 655 non
829 621 924 667 eget
951 614 1160 666 obsequiis
1190 620 1418 655 creaturae.
1456 615 1569 666 Ergo
1600 615 1740 654 officia

181 682 362 723 hominis
395 695 496 733 erga
522 683 656 721 Deum
684 694 794 720 vana
823 688 934 721 sunt.

237 749 286 787 R.
320 749 440 799 Neyo
478 747 743 799 suppositum
764 762 778 793 ,·
807 759 955 798 nempe
984 746 1092 798 quod
1120 745 1226 784 ratio
1248 777 1256 792 ,
1287 759 1361 784 cur
1391 747 1478 785 Deo
1509 746 1750 798 obsequium

181 821 399 865 praestare
430 817 632 858 tenemur,
662 810 842 863 petenda
871 810 923 849 sit
953 823 1004 849 ex
1034 809 1124 849 eius
1151 809 1393 861 indigentia.
1422 809 1543 848 Ratio
1565 822 1666 848 vera
1686 809 1753 848 de-

182 875 360 915 sumitur
389 887 441 913 ex
473 879 677 926 conceptu
706 873 864 913 ordinis
894 879 933 913 et
960 873 1158 920 iustitiae,
1190 886 1258 924 qui
1286 872 1399 912 iubet
1427 880 1470 911 ut
1498 872 1646 923 cuique
1675 871 1751 912 tri-

181 938 333 978 buatur
354 937 463 988 quod
484 937 666 977 debetur.
684 938 772 976 Deo
793 942 930 976 autem
954 936 1124 976 debetur
1143 942 1186 975 ut
1203 942 1396 976 creatura
1415 936 1608 988 quidquid
1629 935 1754 975 habet

186 1003 239 1042 ad
267 1002 402 1054 ipsum
431 1001 594 1049 referat,
626 1008 836 1053 tamquam
866 1000 918 1039 ad
947 1009 1177 1040 creatorem
1207 1006 1247 1039 et
1274 999 1595 1052 gubernatorem
1631 1003 1670 1038 et
1690 998 1756 1038 do-

183 1068 351 1107 minum.
378 1067 424 1105 Id
445 1079 544 1106 vero
578 1067 703 1106 homo
725 1067 820 1106 dum
842 1065 952 1113 facit,
975 1078 1173 1117 magnam
1194 1065 1272 1105 sibi
1292 1065 1508 1105 utilitatem
1531 1071 1750 1116 procurat;

182 1147 379 1185 magnum
401 1132 511 1172 enirn
530 1132 683 1171 bonum
705 1139 768 1171 est
786 1131 955 1183 implere
977 1131 1162 1171 ordinem
1183 1145 1209 1170 a
1224 1136 1374 1170 natura
1396 1132 1638 1182 praefixum.
1659 1132 1750 1182 Ap-

180 1199 314 1251 posite
344 1199 384 1237 S.
402 1199 612 1246 Thomas:
636 1213 656 1235 «
678 1199 766 1237 Deo
795 1210 878 1236 non
909 1197 1128 1237 exhibetur
1156 1196 1312 1249 aliquid
1343 1203 1508 1248 propter
1538 1196 1626 1236 eius
1655 1195 1758 1236 utili-

180 1270 319 1312 tatem,
351 1264 425 1303 sed
454 1269 621 1316 propter
651 1263 740 1303 eius
769 1263 963 1315 gloriam,
994 1269 1179 1301 nostram
1209 1269 1347 1302 autem
1377 1261 1594 1301 utilitatem
1626 1263 1699 1313 (1).
1732 1278 1753 1301 ))

240 1328 368 1367 Οόίίσ.
402 1328 453 1367 ΙΙ.
486 1327 650 1379 Religio
680 1335 745 1368 est
773 1327 969 1380 specialis
999 1328 1129 1366 virtus
1159 1333 1198 1366 et
1227 1340 1325 1379 pars
1354 1326 1558 1373 iustitiae,
1591 1327 1754 1367 habens

181 1405 255 1443 pro
285 1391 446 1431 obiecto
475 1392 676 1430 honorem
698 1392 784 1430 Deo
806 1391 986 1431 debiturn
1006 1397 1174 1442 propter
1194 1403 1399 1429 summam
1422 1390 1513 1429 eius
1535 1390 1748 1430 excellen-

183 1456 295 1494 tiam.
325 1457 436 1507 Ergo
457 1456 565 1494 male
587 1454 814 1495 assumitur
833 1455 885 1494 ad
906 1454 1297 1506 comprehendenda
1317 1453 1456 1493 officia
1476 1454 1627 1500 omnia,
1649 1466 1755 1505 quae

158 1532 161 1533 ’
185 1522 317 1560 Deum
348 1526 546 1573 spectant.

236 1586 284 1624 R.
322 1585 510 1624 Concedo
544 1585 791 1625 antecedens
811 1616 820 1632 ,
851 1590 890 1624 et
921 1598 1025 1636 nego
1057 1597 1328 1636 consequens.

234 1647 413 1699 Religio,
444 1647 542 1687 licet
571 1648 623 1686 sit
654 1647 786 1687 virtus
815 1648 1022 1699 specialis,
1053 1655 1095 1686 ut
1124 1653 1239 1687 notat
1260 1647 1448 1694 obiectiO,
1471 1652 1609 1686 tamen
1631 1646 1755 1685 habet

184 1713 405 1764 quamdam
436 1712 754 1765 generalitatem
783 1712 944 1751 ratione
973 1711 1147 1763 imperii,
1177 1710 1285 1762 quod
1314 1715 1483 1750 exercet
1503 1710 1616 1749 circa
1636 1716 1755 1750 actus

184 1777 358 1816 aliarum
388 1778 597 1816 virtutum.
632 1791 651 1814 «
681 1778 788 1816 Nam
818 1777 960 1824 virtus,
991 1784 1034 1816 ut
1054 1776 1251 1815 observat
1277 1776 1317 1815 S.
1336 1776 1536 1823 Thomas,
1557 1776 1610 1814 ad
1629 1789 1751 1828 quam

182 1841 360 1893 pertinet
388 1841 500 1888 finis,
532 1841 709 1893 imperat
738 1840 971 1888 virtutibus,
1001 1840 1054 1878 ad
1083 1853 1186 1891 quas
1206 1840 1412 1891 pertinent
1432 1852 1507 1885 ea,
1529 1851 1635 1890 quae
1657 1846 1754 1878 sunt

182 1907 236 1945 ad
264 1908 402 1946 finem.
432 1921 452 1944 »
487 1907 597 1945 Hinc
628 1914 795 1958 propter
824 1906 934 1946 hunc
957 1905 1235 1944 universalem
1257 1910 1506 1956 respectum,
1529 1911 1568 1943 et
1587 1911 1753 1956 propter

181 1985 333 2013 nomen
363 1972 603 2024 Religionis,
626 1973 846 2012 deductum
867 1985 893 2010 a
913 1972 1090 2018 vinculo,
1107 1984 1185 2023 quo
1207 1970 1503 2022 obstringimur
1524 1970 1625 2018 Deo,
1657 1983 1749 2009 eam

182 2037 486 2088 assumpsimus
509 2043 718 2088 tamquam
740 2044 863 2088 caput
884 2036 1128 2082 officiorum,
1147 2048 1252 2086 quae
1269 2034 1471 2073 habemus
1488 2047 1588 2086 erga
1609 2035 1754 2081 Deum,

182 2114 277 2141 cum
306 2100 502 2152 possibile
530 2113 613 2140 non
642 2100 696 2140 sit
726 2100 774 2139 de
803 2100 994 2139 omnibus
1023 2098 1264 2151 singillatim
1294 2098 1513 2138 disserere.

239 2164 368 2204 Obz‘z'c.
399 2164 471 2203 ΙΙΙ.
502 2165 608 2203 Pars
638 2163 865 2203 theoretica
894 2163 1108 2215 religionis
1138 2162 1270 2202 ardua
1299 2168 1362 2202 est
1378 2162 1596 2214 vesfflgatu,
1615 2161 1753 2214 cogni-

182 2226 336 2266 tionem
366 2226 475 2265 enim
505 2227 791 2278 complectitur
819 2227 968 2266 obiecti
999 2226 1189 2266 altissimi
1220 2232 1260 2266 et
1288 2226 1561 2266 astrusissimi
1582 2258 1591 2274 ‚
1622 2226 1754 2278 qualis

182 2292 365 2343 profecto
396 2298 459 2332 est
488 2293 613 2332 Deus.
644 2293 756 2344 Ergo
787 2292 840 2330 ad
867 2291 932 2330 ius
961 2297 1134 2329 naturae
1155 2322 1164 2339 ,
1186 2290 1296 2342 quod
1316 2302 1463 2329 omnes
1484 2289 1674 2341 quamvis
1695 2288 1753 2328 in-

184 2358 330 2397 doctos
360 2357 540 2410 respicit,
570 2358 774 2409 pertinere
810 2370 894 2397 non
922 2363 1068 2409 potest.

233 2424 282 2462 R.
312 2424 546 2475 Dc'stz'ngyuo
577 2424 840 2462 antecedens:
871 2423 1017 2462 Ardua
1046 2428 1109 2461 est
1138 2421 1359 2473 vestigatu,
1390 2421 1525 2474 quoad
1556 2420 1754 2473 cognitio-

181 2501 275 2529 nem
307 2488 616 2541 exquisitiorem
635 2520 644 2536 ,
675 2489 854 2528 concedo
871 2503 887 2535 ,·
918 2488 1054 2540 quoad
1083 2488 1274 2536 obviam,
1304 2487 1439 2539 Neyo.

233 2555 338 2593 Pars
368 2553 598 2593 theoretica
625 2553 839 2605 religionis
857 2585 866 2601 ,
897 2566 970 2592 seu
1000 2566 1129 2592 verax
1159 2552 1235 2591 Dei
1265 2553 1458 2604 cognitio,
1489 2559 1693 2604 quatenus
1725 2565 1750 2590 a

176 2617 269 2669 lege
299 2625 475 2657 naturae
503 2617 678 2665 iubetur,
708 2630 790 2656 non
820 2616 1068 2668 exquisitam
1100 2622 1139 2655 et
1167 2616 1423 2655 reconditam
1454 2615 1634 2667 supremi
1657 2616 1746 2655 Nu—

178 2680 301 2720 minis
329 2681 516 2720 notitiam
537 2681 676 2733 exigit,
699 2681 772 2720 sed
793 2681 1008 2732 vulgarem
1030 2686 1202 2728 tantum,
1220 2693 1326 2732 quae
1347 2680 1398 2719 ab
1421 2679 1612 2719 omnibus
1633 2691 1751 2717 com-

179 2746 294 2784 muni
323 2747 501 2798 quadam
532 2745 746 2798 diligentia
775 2745 948 2785 obtineri
979 2751 1125 2797 potest.
1157 2746 1295 2791 Quare
1323 2746 1376 2784 ad
1396 2744 1676 2785 abstrusiores
1697 2743 1752 2781 al-

179 2808 387 2861 tioresque
415 2810 727 2862 vestigationes‚
756 2809 987 2862 generatim
1014 2822 1099 2849 non
1128 2809 1252 2862 cogit;
1282 2810 1357 2851 sed
1385 2815 1545 2849 tantum
1575 2807 1627 2846 ad
1657 2819 1745 2852 eas,

227 2908 276 2948 (l)
304 2909 458 2942 Samma
481 2909 527 2941 th.
551 2911 593 2942 2.·
615 2911 670 2942 2.“
703 2919 733 2950 q.
761 2910 920 2948 LXXXI,
944 2921 973 2942 a.
998 2911 1024 2942 6.
1050 2910 1095 2942 acl
1118 2911 1173 2942 2311
