1970 3203
237 202 317 243 350
379 215 445 242 ius
465 213 666 241 NATURAE
688 223 707 228 —
724 214 832 241 PARS
852 214 890 240 11.
912 214 976 241 ius
996 214 1362 243 INTERNATIONALE
1383 217 1461 244 ssu
1482 217 1673 245 GENTIUM

238 289 442 329 iniustitia
463 289 760 342 cogitationem
782 290 996 339 abstrahit,
1027 305 1120 331 cum
1150 293 1361 345 generalis
1386 294 1439 334 sit
1467 300 1507 335 et
1527 308 1613 334 rem
1634 294 1804 336 inferius

237 354 516 394 definiendam
527 369 610 396 non
629 357 942 409 complectatur.
962 357 1082 404 Quod
1101 357 1189 410 ipse
1202 364 1350 398 auctor
1365 359 1550 400 declarat
1565 361 1632 400 his
1653 360 1809 400 verbis:

239 420 473 459 «Iustitiam
491 419 531 459 in
551 420 792 462 definitione
809 436 892 462 non
910 423 1090 472 includo,
1107 423 1204 476 quia
1219 423 1300 463 hoc
1316 423 1450 475 ipsum
1467 425 1536 466 hic
1555 426 1808 478 quaerimus,

230 483 340 523 sitne
361 483 529 536 aliquod
550 484 702 524 bellum
728 485 894 536 iustum,
916 495 956 528 et
977 487 1184 539 quodnam
1215 487 1367 527 bellum
1388 488 1543 528 iustum
1563 490 1627 529 sit.
1651 489 1808 530 Distin-

235 549 305 600 gui
327 555 465 589 autem
489 550 608 590 debet
628 550 681 599 id,
703 553 812 604 quod
836 553 1060 605 quaeritur,
1081 553 1134 593 ab
1155 567 1216 602 eo,
1239 555 1289 594 de
1305 568 1384 607 quo
1406 556 1629 607 quaeritur.
1652 571 1671 595 »

867 682 1112 721 ART1CULus
1143 683 1174 721 Ι.

800 799 867 838 De
910 799 1076 839 iustitia
1120 800 1230 839 belli.

284 929 346 968 22.
380 931 450 970 Ius
479 930 580 970 belli
611 931 746 971 oritur
777 943 801 972 a
828 936 995 973 natura.
1018 933 1194 980 Bellum,
1217 946 1290 985 per
1310 945 1356 971 se
1381 936 1626 984 spectatum,
1656 932 1698 971 in
1718 946 1809 985 pro·

232 992 321 1044 prio
352 1000 571 1046 conceptu,
593 995 942 1047 quemadmodum
964 997 1181 1049 praeclare
1211 996 1268 1036 ait
1290 996 1565 1048 Taparellius‚
1587 996 1669 1035 hoc
1690 1009 1806 1048 prae-

231 1058 367 1107 sefert,
399 1067 444 1100 ut
473 1060 526 1099 sit
556 1061 723 1101 ordinis
754 1062 941 1102 violenta
969 1063 1160 1115 defensio
1184 1063 1258 1115 (1).
1286 1063 1356 1102 Ius
1377 1062 1487 1102 enim
1517 1076 1610 1101 cum
1641 1061 1802 1101 coacti—

234 1138 330 1164 vum
349 1126 400 1165 sit
417 1131 569 1166 natura
599 1141 688 1176 sua,
709 1129 790 1168 hoc
820 1129 898 1168 sibi
918 1129 1113 1179 vindicat,
1131 1134 1174 1169 ut
1196 1129 1235 1168 vi
1265 1127 1429 1169 defendi
1450 1133 1490 1168 et
1508 1128 1636 1180 repeti
1659 1127 1801 1180 possit.

230 1191 434 1232 Nationes
464 1192 601 1244 igitur,
633 1207 726 1233 cum
755 1195 989 1235 necessitas
1017 1195 1205 1248 imperat,
1241 1195 1294 1234 ad
1324 1194 1479 1234 tuenda
1507 1194 1624 1243 iura,
1654 1194 1805 1247 quibus

227 1262 444 1305 ornantur,
475 1257 715 1298 facultatem
745 1258 901 1299 habent
922 1259 1144 1299 adhibendi
1167 1260 1250 1299 vim
1281 1265 1320 1299 et
1340 1272 1471 1306 arma,
1502 1258 1706 1298 adversus
1729 1272 1807 1298 ne-

227 1319 358 1361 farios
389 1329 569 1363 conatus
598 1323 773 1363 aliarum
790 1325 989 1377 gentium,
1021 1338 1046 1363 a
1066 1324 1215 1376 quibus
1246 1323 1383 1375 quoad
1403 1322 1573 1374 propria
1602 1322 1693 1362 iura
1714 1324 1805 1362 lae-

228 1384 380 1424 duntur
409 1393 480 1427 aut
511 1387 665 1427 iniusta
695 1388 734 1427 vi
765 1389 1040 1428 lacessuntur.
1072 1390 1134 1427 En
1163 1388 1227 1427 ius
1257 1387 1430 1440 gerendi
1469 1387 1649 1436 bellum;
1694 1386 1804 1440 quod

227 1461 376 1489 revera
406 1451 520 1490 aliud
540 1465 623 1490 non
646 1459 711 1492 est
739 1453 976 1505 quidquam,
997 1452 1077 1492 nisi
1105 1453 1169 1492 ius
1190 1465 1236 1492 se
1265 1465 1426 1505 suaque
1447 1451 1586 1491 tuendi
1616 1460 1656 1492 et
1676 1465 1797 1491 arma

226 1515 356 1555 armis
387 1518 669 1569 propulsandi.

278 1583 371 1622 Hoc
401 1584 466 1623 ius
497 1585 737 1625 nationibus
768 1586 965 1640 denegari
995 1587 1148 1639 nequit,
1183 1585 1535 1639 quemadmodum
1565 1584 1803 1624 hominibus

226 1649 350 1689 etiam
380 1664 575 1691 seorsum
606 1658 806 1704 acceptus
835 1666 918 1692 non
950 1653 1180 1705 denegatur
1216 1652 1390 1692 facultas
1434 1650 1680 1691 defendendi
1711 1658 1799 1690 tum

226 1727 272 1754 se
302 1722 388 1755 tum
418 1731 495 1757 sua
524 1718 576 1757 ab
606 1718 781 1757 aliorum
813 1719 1022 1767 violentia,
1053 1725 1093 1759 et
1123 1719 1206 1759 vim
1232 1718 1272 1757 vi
1301 1718 1540 1770 repellendi.
1572 1719 1704 1757 Immo
1736 1719 1801 1755 ius

226 1780 428 1821 eiusmodi
457 1796 534 1835 pro
564 1783 802 1824 nationibus
824 1786 947 1837 longe
978 1786 1155 1825 validius
1177 1785 1432 1825 censendum
1464 1792 1540 1833 est3
1570 1797 1656 1823 non
1676 1783 1800 1823 modo

222 1857 392 1899 propter
421 1850 722 1900 praestantiam
744 1852 932 1903 corporis
953 1852 1120 1904 politici,
1142 1852 1217 1891 sed
1238 1851 1362 1891 etiam
1383 1851 1480 1904 quia
1495 1852 1549 1890 ad
1566 1851 1655 1890 eius
1677 1863 1801 1890 exer-

224 1914 365 1954 citium
397 1916 601 1956 Rectores
631 1917 847 1957 nationum
877 1932 1004 1971 saepe
1035 1932 1087 1958 ex
1118 1919 1256 1958 officio
1287 1923 1491 1958 tenentur.
1531 1919 1797 1970 Quamquam

224 1979 332 2018 enim
363 1980 528 2032 privata
547 1995 728 2033 persona
748 1982 909 2022 illatam
932 1982 1010 2022 sibi
1031 1982 1225 2022 iniuriam
1244 1996 1336 2021 cum
1359 1982 1481 2022 laude
1503 1982 1653 2021 tolerat
1674 1982 1802 2033 (quis-

224 2057 303 2096 que
324 2044 429 2083 enim
452 2045 615 2085 virtutis
631 2059 775 2085 amore
805 2046 881 2086 iuri
903 2060 978 2086 suo
1010 2048 1158 2086 cedere
1179 2047 1345 2099 potest),
1376 2045 1486 2084 idem
1507 2051 1647 2084 tamen
1668 2058 1795 2097 saepe

223 2108 344 2148 nefas
365 2115 429 2148 est
449 2122 656 2160 personae
678 2111 882 2162 publicae,
904 2124 1011 2163 quae
1032 2110 1248 2151 societatis
1270 2110 1347 2149 sibi
1373 2109 1625 2150 commissae
1648 2109 1800 2148 bonum

223 2179 263 2212 et
284 2173 489 2213 honorem
510 2175 614 2214 tueri
631 2175 914 2228 adstringitur.
934 2175 1043 2214 Huic
1064 2174 1310 2227 obligationi
1329 2187 1510 2226 persona
1529 2172 1600 2212 illa
1620 2172 1798 2222 deesset,

221 2240 257 2280 si
279 2241 507 2289 societatis,
530 2241 596 2280 cui
612 2242 836 2293 praesidet,
854 2243 945 2281 iura
964 2242 1134 2294 impune
1149 2241 1258 2281 laedi
1275 2245 1497 2292 pateretur.
1517 2240 1583 2279 Ad
1604 2253 1655 2279 ea
1674 2239 1798 2291 igitur

223 2306 485 2346 defendenda
506 2321 558 2347 ac
592 2307 627 2347 si
649 2308 805 2347 violata
835 2307 999 2355 suerint,
1022 2307 1274 2347 vindicanda
1308 2306 1526 2359 obligatum
1551 2319 1728 2359 cumque
1755 2305 1798 2346 id

223 2372 471 2424 quandoque
492 2385 575 2411 non
594 2371 675 2411 alia
690 2372 758 2412 via
778 2372 965 2412 obtinere
986 2372 1131 2424 possit,
1148 2371 1227 2411 nisi
1244 2371 1374 2410 armis
1391 2378 1432 2410 et
1451 2371 1502 2419 vi,
1521 2372 1574 2411 ad
1595 2371 1795 2411 eiusmodi

220 2435 461 2475 adhibenda
478 2435 614 2475 media
632 2436 770 2476 officio
792 2444 974 2488 urgetur.
999 2451 1017 2473 «
1033 2436 1136 2474 Cum
1159 2448 1258 2474 eura
1273 2434 1540 2486 reipublicae,
1551 2434 1610 2475 ait
1627 2435 1666 2473 S.
1687 2434 1798 2473 Tho-

220 2513 325 2548 mas,
357 2499 587 2540 commissa
617 2499 670 2539 sit
699 2499 970 2552 principibus,
990 2500 1044 2539 ad
1072 2513 1145 2540 eos
1167 2499 1343 2552 pertinet
1359 2499 1660 2551 rempublicam
1691 2497 1798 2537 civi-

219 2566 317 2605 tatis
348 2567 413 2605 vel
442 2566 561 2619 regni
592 2579 667 2606 seu
697 2567 940 2618 provinciae
970 2565 1047 2606 sibi
1077 2566 1270 2605 subditae
1299 2565 1416 2605 tueri.
1463 2566 1514 2605 Et
1547 2566 1655 2605 sicut
1684 2564 1795 2604 licite

218 2630 444 2670 defendunt
474 2645 567 2670 eam
599 2631 803 2671 materiali
833 2632 971 2684 gladio
1001 2638 1148 2671 contra
1177 2630 1396 2670 interiores
1433 2629 1796 2683 perturbationes,

216 2695 315 2733 dum
348 2695 644 2736 malefactores
672 2696 887 2749 puniunt...
911 2696 968 2735 ita
999 2695 1123 2735 etiam
1145 2694 1284 2747 gladio
1312 2694 1460 2734 bellico
1490 2693 1544 2733 ad
1563 2706 1636 2733 eos
1665 2693 1795 2745 perti-

221 2767 291 2801 net
321 2760 620 2813 rempublicam
653 2761 757 2802 tueri
787 2761 839 2801 ab
870 2761 1147 2802 exterioribus
1175 2760 1364 2801 hostibus
1386 2761 1459 2812 (2).
1482 2774 1501 2797 »

261 2866 311 2907 (1)
338 2866 478 2908 Sagyyio
503 2867 685 2900 moverim
711 2868 750 2901 di
773 2869 933 2901 natural
957 2867 1100 2907 clit‘itco,
1125 2867 1220 2900 Diss.
1245 2868 1304 2906 Vl,
1327 2877 1355 2900 c.
1378 2866 1404 2898 4.
1430 2876 1460 2899 a.
1483 2866 1509 2898 1.

259 2921 309 2962 (2)
337 2920 491 2954 Samma
515 2921 560 2953 τΙι.
586 2923 627 2959 2,·
651 2921 702 2954 &e
727 2931 758 2962 q.
784 2922 844 2960 XI,
868 2932 896 2954 a.
924 2922 947 2954 1.
