1970 3203
247 196 325 235 114
541 203 608 231 1US
638 203 841 231 NATURAE
874 213 895 219 -
925 204 1033 231 PARS
1062 205 1086 230 1.
1117 203 1183 230 lUS
1212 202 1480 230 lNDlVIDUALE

251 289 356 327 tiam
388 285 452 326 vel
480 285 609 326 etiam
640 282 955 335 cogitationem,
979 283 1161 335 possint.
1190 282 1307 322 Nam
1337 283 1415 322 hoc
1446 282 1555 336 ipso,
1586 281 1702 334 quod
1729 281 1826 334 quis

250 351 393 404 officio
426 347 730 400 adstri'nyitur‚
764 346 858 385 iure
886 350 1071 386 ornatur
1100 345 1245 399 quoad
1273 359 1336 394 ea,
1358 359 1468 399 quae
1499 345 1556 385 ad
1586 346 1723 398 ipsum
1756 345 1829 384 im-

241 418 451 471 plendum
497 414 813 467 requiruntur;
845 413 992 465 nequit
1032 415 1176 453 autem
1205 411 1341 452 alicui
1379 412 1444 452 ius
1474 411 1697 463 conferri,
1725 410 1831 464 quin

250 487 326 525 hoc
358 485 446 537 ipso
478 480 612 522 ceteri
639 479 776 532 offi‘cio
808 481 1034 520 tenea-ntur
1065 491 1151 519 non
1180 477 1411 518 obsistendi
1436 478 1557 518 illius
1586 477 1802 517 exercitio,

302 547 371 587 En
401 546 607 586 obiectum
632 543 875 596 praesentis
895 542 1162 595 disciplinae,
1186 542 1306 581 iuoeta
1327 541 1641 582 distinctionem
1663 541 1752 581 eius
1774 540 1825 580 ab

246 614 401 654 Ethica
428 646 437 662 ‚
470 612 556 652 iam
587 609 711 649 initio
743 609 861 649 nobis
900 608 1139 662 probatam.
1169 608 1244 648 Ad
1271 608 1521 649 divisionem
1564 622 1661 648 vero
1694 607 1830 661 ipsius

249 679 366 732 quod
385 678 588 732 pertinet,
612 675 837 728 tripartita
866 675 1168 715 distributione
1186 678 1375 721 utemur,·
1397 687 1508 727 quae
1526 675 1662 715 tribus
1684 674 1825 714 nomi-

250 742 384 791 nibus,
418 742 529 782 iuris
560 739 852 787 individualis,
885 739 996 779 iuris
1025 739 1210 788 socialis,
1244 739 1355 779 iuris
1385 739 1738 779 internationalis
1769 738 1830 778 di-

247 806 499 859 stinquitur.
528 804 595 844 Ea
625 803 737 844 enim
758 835 767 851 ‚
799 816 908 856 quae
938 805 1060 842 homo
1093 805 1258 842 actione
1288 817 1367 843 sua
1391 806 1621 856 praestare
1653 805 1821 842 tenetur

251 871 327 910 aut
356 869 525 921 exigere
558 867 608 907 ab
638 866 738 907 aliis
761 870 927 920 potest,
960 881 1009 906 eoe
1038 867 1320 907 relationibus
1342 867 1541 921 pendent,
1572 867 1722 919 quibus
1754 869 1830 906 in-

251 933 451 974 struitur.
482 931 730 971 Relationes
751 933 894 970 autem
915 931 1162 971 huiusmodi
1192 932 1254 971 vel
1275 944 1389 972 mere
1418 945 1468 971 eae
1498 934 1659 971 natura
1675 944 1829 971 exsur-

247 999 369 1050 gunt,
389 996 451 1035 vel
467 996 646 1045 exsacto
663 994 888 1042 societatis,
904 1008 990 1047 qua
1007 997 1130 1034 homo
1146 1010 1229 1035 non
1246 996 1335 1036 iam
1351 996 1585 1049 separatim
1600 995 1831 1048 inspicitur

248 1064 381 1113 prout
410 1073 483 1100 ens
512 1059 729 1113 quoddam
760 1061 925 1100 morale
953 1064 1024 1109 est,
1055 1061 1129 1100 sed
1158 1062 1339 1101 ulterius
1368 1062 1671 1101 consideratur
1692 1062 1833 1114 prout

256 1125 509 1164 coniunctus
539 1137 634 1163 cum
665 1124 777 1173 aliis,
809 1124 867 1164 ad
895 1138 1118 1164 commune
1146 1125 1300 1165 bonum
1322 1126 1631 1179 assequendum
1653 1137 1830 1178 operam

254 1193 432 1242 confert.
451 1190 652 1230 Sistatus
673 1190 740 1229 hic
759 1193 989 1243 spectatur,
1012 1191 1192 1231 habetur
1211 1191 1276 1232 ius
1291 1193 1450 1232 sociale
1467 1195 1508 1231 et
1523 1193 1590 1231 ius
1617 1190 1825 1244 gentium,

255 1255 305 1295 de
333 1254 485 1308 quibus
515 1253 561 1293 in
590 1254 778 1294 secunda
809 1257 848 1293 et
867 1257 1092 1307 postrema
1114 1258 1244 1308 parte
1287 1256 1489 1296 dicemus.
1516 1255 1596 1295 Sin
1625 1253 1828 1307 superior

256 1324 422 1362 tantum
453 1322 667 1373 respectus
697 1323 895 1359 versatur
925 1321 974 1359 ob
1004 1322 1160 1370 oculos,
1179 1322 1359 1374 emerqit
1387 1322 1454 1362 ius
1487 1320 1752 1361 individuale
1773 1335 1788 1366 ,·
1810 1332 1836 1358 a

260 1396 358 1437 quo,
390 1386 439 1423 ut
458 1397 547 1437 par
577 1386 650 1431 est,
681 1383 923 1423 disserendi
951 1384 1123 1424 initium
1152 1385 1373 1425 sumimus.

310 1449 433 1489 Haec
463 1449 599 1502 iqitur
620 1449 771 1503 prima
793 1450 905 1490 iuris
927 1452 1112 1490 naturae
1125 1465 1236 1503 pars
1254 1452 1428 1505 respicit
1446 1451 1659 1490 hominem
1682 1463 1765 1503 per
1793 1463 1836 1491 se

255 1518 484 1568 sumptum,
518 1517 557 1554 et
586 1529 611 1555 a
642 1518 758 1555 statu
787 1515 1142 1569 socialiprorsus
1163 1516 1438 1556 abstractum.
1473 1515 1680 1562 Quamvis
1710 1515 1836 1564 enim,

260 1582 317 1621 ad
346 1594 436 1620 rem
466 1581 583 1634 quod
611 1581 774 1630 attinet,
805 1583 928 1620 homo
962 1581 1006 1620 in
1033 1582 1233 1622 societate
1253 1583 1320 1631 sit,
1344 1583 1401 1622 ad
1428 1596 1557 1635 quam
1589 1582 1631 1621 vi
1649 1585 1835 1621 naturae

250 1647 519 1701 propellitur
533 1663 547 1694 ,·
581 1652 719 1688 tamen
737 1649 873 1687 multa
894 1650 998 1687 sunt
1013 1648 1172 1701 officia,
1189 1662 1299 1701 quae
1318 1649 1484 1689 civilem
1513 1651 1672 1689 statum
1692 1649 1735 1688 in
1755 1661 1833 1688 suo

262 1716 464 1766 conceptu
481 1727 754 1766 nequaquam
773 1713 1003 1762 involvunt,
1023 1715 1243 1767 multaque
1259 1715 1386 1755 etiam
1405 1715 1504 1755 iura
1521 1729 1631 1768 quae
1647 1715 1838 1754 eumdem

260 1783 420 1819 statum
442 1793 529 1818 non
548 1779 823 1828 subaudiunt,
842 1781 916 1820 sed
930 1781 1126 1821 ordinem
1144 1781 1265 1821 unice
1281 1781 1430 1821 dicunt
1449 1782 1505 1821 ad
1521 1782 1631 1821 alios
1647 1781 1839 1821 homines

254 1849 395 1899 prout
422 1846 637 1886 nobiscum
669 1849 855 1886 naturae
879 1850 1044 1886 tantum
1073 1847 1358 1887 similitudine
1387 1848 1662 1900 colligantur.
1693 1850 1837 1900 Atque

260 1911 362 1949 haec
403 1913 601 1962 seperata
634 1909 744 1950 iuris
783 1909 1067 1952 individualis
1111 1912 1333 1964 vestigatio
1365 1925 1410 1951 eo
1441 1911 1678 1951 consultius
1711 1910 1839 1950 insti-

259 1977 409 2025 tuitur,
441 1976 557 2029 quod
582 1977 815 2030 scriptores
846 1990 930 2016 non
951 1978 1091 2030 pauci
1117 1978 1375 2027 eoestiterint‚
1401 1979 1478 2032 qui
1505 1978 1606 2031 iura
1638 1976 1783 2017 omnia
1819 1991 1840 2018 e

256 2045 372 2082 statu
396 2043 550 2082 sociali
580 2043 624 2082 in
654 2042 865 2082 hominem
894 2043 1091 2083 derivari
1117 2045 1285 2097 opinati
1310 2048 1441 2092 sunt,·
1473 2044 1589 2098 quod
1617 2043 1790 2098 quidem
1813 2056 1839 2082 a

259 2105 436 2145 veritate
465 2106 655 2146 alienum
685 2120 773 2147 esse
805 2108 866 2146 vel
897 2121 946 2147 ex
977 2107 1029 2147 iis
1059 2109 1211 2162 colligi·
1234 2111 1512 2162 potest,quae
1541 2108 1591 2147 de
1617 2107 1836 2161 principio

261 2171 366 2224 legis
396 2172 614 2212 naturalis
649 2172 692 2211 in
722 2173 872 2213 Ethica
901 2174 1100 2214 diximus.
1125 2174 1180 2214 Ut
1198 2175 1335 2227 iqitur
1354 2177 1473 2227 sacto
1506 2175 1594 2228 ipso
1626 2173 1841 2215 eiusmodi

259 2235 404 2288 opinio
437 2237 687 2289 repellatur,
709 2241 1039 2277 consentaneum
1062 2238 1148 2277 erit
1163 2251 1355 2278 seorsum
1378 2239 1478 2278 iura
1499 2241 1539 2278 et
1568 2237 1712 2291 officia
1733 2250 1838 2276 con-

263 2301 474 2355 templari,
504 2315 614 2355 quae
644 2315 669 2341 a
699 2303 792 2342 sola
823 2303 1009 2343 hominis
1041 2306 1201 2344 natura
1231 2305 1487 2345 scaturiunt.
