1970 3203
255 205 306 243 54
937 216 1158 242 ETHICA

258 299 399 334 tamen
416 293 624 335 actionem
643 294 859 335 emitteret:
881 299 980 346 puta
1000 307 1035 333 si
1056 294 1147 346 quis
1167 293 1251 333 iam
1272 294 1412 335 animo
1430 300 1601 348 paratus
1621 295 1835 336 inimicum

260 359 509 407 interficere,
529 359 631 399 sorte
652 360 767 399 illum
787 359 894 399 inter
915 359 1152 399 venandum
1174 359 1349 408 occidat,
1372 360 1619 400 existimans
1641 373 1686 400 se
1707 360 1838 400 feram

262 431 490 478 percutere.
515 426 636 465 Certe
657 424 699 464 in
719 425 802 465 hoc
819 432 973 466 eventu
993 425 1139 465 notitia
1155 424 1306 465 obiecti
1324 425 1452 474 deest,
1471 427 1544 467 sed
1566 427 1623 466 ita
1645 427 1773 474 deest,
1795 431 1841 466 ut

265 489 354 529 eius
375 488 568 529 absentia
583 495 722 530 actum
737 502 821 529 non
838 490 1052 541 producat;
1070 488 1217 541 quippe
1235 489 1302 541 qui
1322 488 1364 528 in
1388 491 1600 530 contraria
1619 491 1847 543 hypothesi

264 556 388 595 etiam
418 554 651 607 prodiisset.
684 556 824 602 Quare
854 554 978 602 actio,
1002 568 1108 607 quae
1139 555 1199 594 sic
1222 555 1418 604 exeritur,
1444 556 1740 596 involuntaria
1765 557 1847 597 dici

263 634 348 660 non
377 620 521 673 possit.
543 621 752 669 Attamen,
775 620 872 673 quia
893 621 989 660 dum
1019 628 1115 660 actu
1137 626 1358 660 exercetur
1391 621 1511 662 deest
1539 623 1737 675 cognitio,
1762 623 1842 662 dici

265 685 416 738 poterit
445 699 532 725 non
563 687 826 725 voluntaria.

317 753 381 790 45.
413 751 669 791 PRopos1T1o
699 752 757 791 22.
787 751 1052 804 Ignorantia
1074 750 1324 791 antecedens
1351 750 1529 790 omnino
1562 751 1676 790 tollit
1703 752 1846 790 votan-

273 817 448 856 tariam.
509 834 518 844 ·

320 879 444 919 Prob.
476 879 719 932 Ignorantia
746 881 1003 920 antecedens
1033 894 1083 920 ea
1113 885 1187 928 est,
1220 893 1326 932 quae
1357 885 1499 919 actum
1517 880 1744 919 voluntatis
1767 893 1850 919 om-

266 945 366 986 nino
383 946 527 998 praeit.
550 947 663 998 Ergo
685 945 850 985 omnino
867 946 1001 986 aufert
1023 945 1305 998 cognitionem
1328 945 1436 994 finis,
1454 959 1504 985 ac
1526 945 1699 997 proinde
1721 958 1849 985 unum

269 1025 291 1051 e
322 1012 481 1051 duobus
510 1012 724 1064 principiis
754 1012 988 1067 voluntarii.
1021 1014 1207 1064 Itemque
1236 1012 1278 1050 in
1298 1011 1539 1063 ignorantia
1574 1013 1849 1052 antecedente

269 1078 396 1117 homo
424 1078 483 1117 ita
512 1083 576 1118 est
605 1077 843 1130 dispositus,
876 1084 932 1126 ut,
946 1077 980 1117 si
1003 1077 1153 1117 obiecti
1174 1076 1364 1117 notitiam
1389 1077 1574 1125 haberet,
1595 1078 1648 1117 ab
1671 1091 1854 1130 operan-

271 1146 321 1184 do
354 1148 524 1198 prorsus
552 1145 791 1185 abstineret.
823 1146 935 1198 Ergo
965 1143 1208 1197 ignorantia
1227 1143 1298 1183 illa
1320 1149 1383 1184 est
1403 1157 1539 1184 causa
1560 1158 1635 1184 cur
1656 1144 1708 1183 ad
1730 1157 1855 1196 agen-

272 1211 369 1250 dum
390 1211 463 1250 fiat
492 1210 661 1263 gradus;
692 1216 731 1250 et
759 1215 891 1259 actus,
923 1210 992 1263 qui
1022 1224 1073 1250 ex
1106 1209 1199 1261 ipsa
1229 1209 1510 1262 consequitur,
1543 1210 1691 1249 saltem
1722 1209 1854 1249 inter-

272 1275 487 1328 pretative,
519 1281 583 1314 est
611 1280 758 1315 contra
785 1274 1100 1315 inclinationem
1130 1273 1372 1313 voluntatis.
1405 1274 1517 1325 Ergo
1550 1273 1674 1312 etiam
1699 1286 1751 1312 ex
1772 1273 1854 1313 hac

271 1347 390 1395 parte
419 1341 558 1381 deficit
586 1354 612 1380 a
640 1340 801 1380 ratione
831 1339 1067 1380 voluntarii.

327 1409 509 1448 Adverte
539 1413 678 1446 tamen
709 1407 816 1459 quod
845 1406 1096 1459 ignorantia,
1122 1412 1164 1446 ut
1186 1419 1283 1446 vere
1304 1391 1482 1445 dicatur¹
1499 1405 1762 1458 antecedens,
1785 1404 1859 1444 de-

274 1474 341 1514 bet
374 1487 467 1514 esse
497 1473 666 1514 omnino
699 1472 968 1522 invincibili&
999 1473 1192 1512 nimirum
1215 1471 1432 1520 eiusmodi,
1460 1478 1504 1511 ut
1533 1472 1751 1524 oppositae
1781 1484 1859 1510 co-

277 1540 476 1592 gnitionis
506 1538 816 1592 comparandae
844 1539 958 1578 nulla
1001 1539 1299 1590 praetermissa
1329 1537 1381 1577 sit
1411 1537 1625 1590 diligentia
1654 1537 1825 1577 moralis
1849 1570 1857 1585 ‚

277 1607 343 1646 vel
373 1607 522 1646 saltem
552 1604 665 1644 nulla
695 1603 879 1657 suspicio
905 1604 1117 1643 contraria
1146 1603 1330 1642 animum
1369 1604 1580 1655 operantis
1616 1602 1858 1655 pulsaverit.

281 1676 390 1714 Nam
420 1673 455 1713 si
483 1673 538 1712 ita
568 1685 614 1711 se
642 1671 796 1711 habeat
823 1670 1075 1723 ignorantia,
1105 1677 1148 1709 ut
1182 1683 1275 1709 eam
1305 1682 1457 1709 exuere
1498 1670 1623 1709 homo
1653 1669 1859 1722 potuerit3

281 1746 476 1794 agentem
506 1753 590 1779 non
620 1743 808 1778 excusat:
842 1751 920 1779 nec
949 1738 1113 1790 proprie
1131 1738 1392 1786 antecedens,
1413 1738 1487 1778 sed
1508 1739 1647 1791 aliqua
1668 1753 1720 1779 ex
1741 1746 1861 1791 parte

280 1818 539 1858 consequens
569 1803 746 1843 dicenda
777 1810 851 1843 est.

331 1872 394 1911 46.
427 1872 680 1910 PRoposrrio
711 1870 769 1909 3²².
811 1869 1023 1909 Vz'olentz'a
1054 1859 1217 1921 ansehn·
1238 1870 1386 1922 nequit
1409 1870 1570 1909 actibus
1592 1870 1765 1916 eliciti&-
1790 1869 1859 1908 in-

266 1937 393 1990 ferri
420 1939 563 1975 autem
591 1937 729 1988 potest
756 1933 917 1974 actibus
947 1934 1183 1986 imperatis,
1209 1934 1253 1972 in
1285 1933 1424 1986 iisque
1438 1933 1620 1987 perimit
1641 1933 1854 1972 rationem

284 2001 533 2042 voluntarii.

336 2065 459 2106 Prob.
477 2065 611 2104 Actus
633 2063 756 2103 eliciti
776 2063 832 2102 illi
849 2068 958 2111 sunt,
976 2062 1043 2115 qui
1061 2076 1132 2114 per
1152 2076 1197 2102 se
1218 2063 1268 2102 ad
1289 2063 1551 2103 voluntatem
1568 2061 1786 2114 pertinent,
1806 2061 1861 2101 ab

283 2132 456 2184 ipsaque
476 2129 713 2168 immediate
733 2128 1071 2180 proficiscuntur,
1093 2135 1308 2181 tamquam
1334 2127 1526 2169 actiones
1547 2127 1636 2168 eius
1657 2126 1861 2179 propriae.

285 2200 451 2244 Contra,
469 2201 588 2234 actus
603 2194 793 2246 imperati
812 2194 1014 2242 dicuntur,
1034 2194 1102 2246 qui
1118 2194 1171 2232 ad
1187 2193 1312 2232 aliam
1329 2192 1494 2245 quidem
1517 2191 1758 2232 facultatem
1774 2204 1863 2243 spe-

288 2267 414 2309 ctant,
436 2260 510 2299 sed
531 2258 756 2299 voluntatis
776 2258 948 2311 imperio
970 2258 1256 2298 subiiciuntur.
1279 2256 1348 2297 Sic
1373 2270 1491 2296 amor
1512 2255 1714 2296 scientiae
1735 2255 1860 2307 adipi·

286 2326 467 2366 scendae
488 2331 551 2365 est
571 2329 691 2364 actus
711 2323 885 2372 elicitus,
907 2323 1086 2364 studium
1108 2328 1147 2362 et
1167 2322 1390 2375 applicatio
1414 2321 1652 2361 intellectus
1675 2333 1858 2373 ususque

284 2393 514 2432 mediorum
530 2396 813 2437 externorum,
833 2402 940 2442 quae
960 2390 1011 2429 ad
1032 2388 1251 2430 scientiam
1273 2387 1605 2440 comparandam
1628 2386 1859 2434 conferunt,

286 2463 383 2497 sunt
403 2462 522 2496 actus
543 2453 745 2506 imperati.
764 2454 892 2493 Primi
927 2452 1113 2505 proxime
1133 2459 1172 2492 et
1205 2451 1454 2499 immediate,
1483 2450 1656 2490 secundi
1683 2448 1861 2489 mediate

287 2528 447 2561 tantum
464 2534 490 2559 a
505 2520 718 2559 voluntate
735 2517 933 2557 oriuntur.
953 2517 1031 2557 His
1046 2516 1279 2568 explicatis,
1296 2515 1473 2568 quisque
1495 2515 1607 2554 videt.
1623 2513 1863 2553 violentiam

291 2588 454 2628 actibus
475 2585 622 2625 elicitis
638 2584 777 2624 inferri
795 2598 877 2624 non
892 2596 1164 2636 posse,posse
1180 2590 1320 2622 tamen
1337 2581 1502 2621 actibus
1519 2578 1864 2638 imperatis.Nam

286 2655 513 2694 violentum
532 2650 736 2690 definitur:
752 2650 879 2690 Actio
898 2650 947 2690 ab
969 2653 1141 2690 eaeterno
1151 2648 1370 2701 principio
1383 2646 1633 2700 procedens,
1653 2645 1861 2684 renitente

286 2719 481 2760 subiecto.
500 2719 692 2757 Iamvero
708 2722 829 2757 actus
846 2716 1019 2765 elicitus,
1037 2729 1129 2755 cum
1142 2728 1167 2753 a
1183 2714 1394 2754 voluntate
1411 2711 1620 2763 gignatur,
1634 2723 1740 2763 quae
1757 2710 1864 2762 prin-

288 2785 439 2838 cipium
469 2784 677 2824 internum
699 2789 774 2830 est,
790 2795 955 2834 semper
971 2795 995 2820 a
1011 2779 1213 2833 principio
1235 2778 1398 2818 interno
1420 2776 1645 2825 enascitur,
1669 2789 1760 2824 nec,
1780 2775 1861 2815 nisi

290 2858 565 2904 conceptuum
581 2861 734 2901 pugna,
747 2847 947 2900 principio
960 2853 1131 2886 externo
1148 2849 1284 2897 potest
1300 2843 1477 2883 attribui.
1490 2843 1646 2882 Contra
1657 2847 1778 2882 actus
1792 2841 1863 2880 im—

283 2918 429 2972 perati,
440 2930 533 2956 cum
546 2929 629 2955 non
645 2914 686 2953 in
700 2914 910 2953 voluntate
920 2911 993 2952 sed
1010 2911 1052 2950 in
1064 2910 1156 2950 aliis
1172 2908 1438 2950 facultatibus
1450 2908 1731 2960 perficiantur,
1743 2920 1860 2960 quae,
