1970 3203
9 3132 43 3203 213³:
21 3109 34 3117 J
31 3086 33 3088 .

525 260 661 287 CAPUT
689 260 713 286 1.
742 260 795 286 DE
825 260 919 286 FINE
949 260 1226 287 OPERATIONIS
1256 260 1462 287 HUMANAE
1722 249 1772 288 37

205 341 320 373 turae
337 331 412 370 erit
432 331 548 383 eique
564 329 839 370 commodum.
852 331 970 378 Quod
986 331 1019 370 si
1036 332 1078 370 in
1095 332 1173 371 hoc
1191 344 1273 371 non
1289 332 1412 384 plena
1428 331 1544 383 quies
1560 337 1598 371 et
1615 332 1779 384 integra

205 411 255 438 ex
278 398 388 437 omni
409 403 527 449 parte
547 397 829 437 inclinationis
849 397 1052 436 naturalis
1074 398 1251 449 expletio
1273 397 1461 446 habetur,
1482 397 1523 437 id
1541 397 1776 438 mirandum

183 481 186 484 ·
202 463 356 503 nemini
377 471 452 513 est,
474 463 673 516 siquidem
695 476 779 502 non
799 463 849 502 de
865 464 946 502 fine
963 462 1104 502 ultimo
1122 476 1171 502 ac
1188 463 1382 504 felicitate
1399 464 1618 516 completa,
1635 465 1709 504 sed
1725 465 1775 505 de

202 530 285 569 fine
301 529 541 569 intermedio
553 543 603 568 ac
620 528 817 568 felicitate
836 529 1085 579 incompleta
1102 527 1253 580 agitur.
1269 530 1411 577 Porro,
1428 530 1774 582 quemadmodum

202 592 380 632 felicitas
409 593 532 643 plena
552 592 685 644 poscit
705 598 749 631 ut
770 591 873 631 nihil
895 592 1002 631 ultra
1033 591 1306 642 appetendum
1329 593 1520 644 supersit,
1543 593 1617 633 sed
1637 594 1774 634 omnis

202 658 422 710 propensio
444 665 631 705 naturae,
653 671 759 710 quae
779 657 820 696 in
841 665 950 696 statu
970 657 1038 696 illo
1052 657 1183 712 viget,
1206 666 1424 707 saturetur,
1447 659 1508 698 sic
1528 659 1775 711 imperfecta

204 723 393 772 felicitas,
416 724 497 764 hoc
519 724 610 776 ipso
640 724 748 776 quod
777 723 1019 776 imperfecta
1043 732 1117 770 est,
1147 736 1241 763 cum
1273 724 1456 764 ulteriori
1485 726 1772 777 propensione,

204 786 330 826 immo
360 800 455 826 cum
485 787 696 827 doloribus
727 794 767 827 et
797 786 1024 826 defectibus
1054 786 1206 838 optime
1236 786 1430 826 sociatur.

258 853 381 892 Haud
411 860 550 893 tamen
580 853 754 901 inficior,
785 866 866 905 quo
894 852 1030 904 magis
1061 852 1226 892 dolores
1246 852 1287 891 hi
1309 853 1547 892 minuantur
1571 860 1610 893 et
1631 861 1772 894 cetera

204 925 440 971 augescant
466 919 721 970 bona(modo
753 918 884 959 ordini
918 918 1076 965 morali,
1107 918 1175 970 qui
1205 918 1366 970 proprie
1398 919 1635 959 felicitatem
1661 932 1775 970 prae-

203 983 333 1022 sentis
363 983 472 1022 vitae
503 982 728 1030 constituit,
761 995 844 1021 non
870 981 1192 1032 contradicant),
1224 994 1272 1020 eo
1303 982 1449 1021 melius
1478 990 1670 1020 naturam
1692 982 1774 1020 hu-

202 1059 370 1085 manam
388 1077 398 1094 ,
430 1052 551 1098 prout
580 1046 813 1098 composita
842 1051 933 1092 est,
966 1057 1010 1083 se
1046 1044 1213 1083 habere.
1246 1044 1327 1084 Sed
1356 1044 1395 1083 id
1425 1057 1569 1084 verum
1600 1050 1663 1084 est
1693 1057 1777 1083 non

203 1112 336 1164 quoad
366 1112 703 1160 substantialem,
739 1117 782 1151 ut
809 1111 867 1149 ita
896 1110 1042 1158 dicam,
1066 1109 1306 1150 felicitatem
1327 1110 1521 1158 hominis,
1545 1110 1617 1150 sed
1641 1111 1778 1162 quoad

203 1177 485 1217 accidentalia
516 1177 719 1230 quaedam
739 1209 748 1225 ,
779 1189 885 1229 quae
916 1175 1153 1215 felicitatem
1183 1175 1486 1227 quodammodo
1517 1175 1775 1227 amplificant

202 1243 276 1282 sed
305 1256 387 1283 non
418 1243 687 1284 constituunt.
710 1244 847 1294 Atque
875 1242 957 1281 hoc
987 1255 1125 1288 sensu,
1146 1240 1284 1280 minus
1313 1240 1492 1293 proprio,
1516 1242 1649 1280 solent
1678 1241 1776 1281 infe-

201 1307 301 1347 lices
331 1309 541 1360 appellari,
571 1308 638 1360 qui
666 1308 845 1348 terrenis
875 1307 994 1347 bonis
1024 1307 1107 1347 fere
1138 1307 1306 1346 omnino
1337 1317 1493 1354 carent,
1515 1314 1586 1346 aut
1613 1320 1768 1360 magna

206 1371 383 1423 quadam
415 1372 651 1411 calamitate
685 1377 938 1424 premuntur.
971 1371 1049 1417 Qui
1070 1378 1209 1409 tamen
1231 1370 1277 1418 si,
1301 1370 1449 1411 virtute
1471 1370 1597 1409 animi
1619 1383 1771 1409 caren-

204 1439 304 1475 tiam
333 1437 447 1476 illam
477 1438 680 1477 bonorum
710 1443 781 1476 aut
810 1437 1062 1476 calamitatis
1093 1436 1355 1475 tolerantiam
1385 1436 1438 1475 ad
1467 1437 1652 1476 ordinem
1679 1450 1771 1475 mo-

204 1503 334 1542 ralem
363 1503 404 1541 in
434 1516 480 1542 se
509 1503 840 1542 confirmandum
871 1509 910 1542 et
938 1502 1174 1554 augendum
1205 1503 1389 1549 flectunt;
1416 1502 1538 1554 longe
1563 1502 1770 1541 feliciores

203 1568 373 1618 putandi
402 1574 498 1609 sunt
524 1569 587 1617 iis,
618 1571 686 1620 qui
717 1567 922 1608 consimili
956 1567 1101 1608 virtute
1131 1574 1319 1607 carentes
1350 1567 1498 1607 ceteris
1519 1567 1640 1608 bonis
1660 1567 1767 1607 infe-

202 1630 379 1670 rioribus
410 1631 635 1671 abundant.

253 1696 454 1735 Audiatur
485 1697 526 1736 S.
558 1697 757 1744 Thomas,
791 1711 810 1733 c<
834 1697 879 1734 In
910 1695 991 1736 hac
1017 1695 1269 1735 beatitudine
1290 1696 1532 1747 imperfecta
1552 1697 1774 1749 requiritur

203 1762 470 1813 congregatio
499 1762 701 1802 bonorum
731 1761 1024 1802 sufficientium
1046 1761 1099 1800 ad
1119 1760 1463 1813 perfectissimam
1485 1763 1769 1814 operationem

201 1826 324 1866 huius
354 1828 463 1868 vitae
496 1830 566 1879 (1).
589 1843 608 1866 »
641 1829 692 1867 Et
721 1828 818 1867 alibi
839 1841 925 1867 rem
948 1827 1182 1867 distinctius
1207 1828 1424 1878 explicans
1445 1829 1514 1868 ait:
1539 1845 1557 1866 «
1581 1830 1645 1868 Ad
1666 1830 1771 1870 bea-

202 1892 415 1933 titudinem
445 1893 742 1947 imperfectam,
773 1893 908 1946 qualis
935 1893 977 1932 in
1006 1894 1088 1932 hac
1110 1893 1194 1932 vita
1215 1900 1350 1945 potest
1370 1895 1526 1942 haberi,
1547 1895 1770 1948 requirun-

200 1965 266 1995 tur
290 1957 498 1997 exteriora
529 1958 650 2005 bona,
679 1970 764 1996 non
793 1957 911 2009 quasi
941 1957 990 1996 de
1013 1956 1196 1997 essentia
1216 1956 1482 1996 beatitudinis
1509 1958 1768 2007 exsistentia,

200 2023 276 2062 sed
304 2023 422 2075 quasi
452 2022 823 2063 instrumentaliter
853 2022 1131 2062 deservientia
1160 2022 1414 2070 beatitudini,
1447 2036 1552 2075 quae
1580 2023 1771 2063 consistit

200 2085 242 2123 in
274 2086 514 2137 operatione
544 2086 720 2125 virtutis.
753 2085 915 2137 Indiget
944 2085 1052 2125 enim
1083 2086 1206 2124 homo
1237 2086 1279 2125 in
1308 2086 1388 2125 hac
1410 2087 1495 2126 vita
1519 2086 1770 2126 necessariis

201 2149 375 2200 corpori,
407 2155 491 2189 tam
521 2149 574 2188 ad
603 2149 887 2200 operationem
917 2149 1078 2189 virtutis
1109 2150 1468 2201 contemplativae,
1498 2164 1621 2202 quam
1643 2151 1767 2190 etiam

201 2211 255 2250 ad
284 2213 566 2263 operationem
597 2212 758 2252 virtutis
787 2212 964 2261 activae,
995 2213 1048 2252 ad
1078 2226 1201 2265 quam
1232 2213 1358 2252 etiam
1388 2214 1505 2264 plura
1526 2214 1609 2252 alia
1629 2213 1768 2265 requi-

200 2281 366 2322 runtur,
397 2276 546 2328 quibus
574 2282 770 2316 exerceat
799 2289 926 2327 opera
955 2276 1117 2315 activae
1147 2275 1319 2315 virtutis.
1351 2276 1432 2315 Sed
1462 2276 1514 2315 ad
1544 2275 1767 2316 beatitudi-

201 2351 297 2378 nem
325 2339 565 2390 perfectam,
595 2353 700 2392 quae
729 2340 771 2378 in
802 2339 962 2379 visione
993 2339 1068 2379 Dei
1097 2339 1297 2387 consistit,
1327 2339 1438 2378 nullo
1468 2339 1591 2378 modo
1621 2339 1769 2379 huius-

200 2405 310 2444 modi
331 2405 442 2444 bona
460 2405 732 2458 requiruntur.
754 2405 882 2445 Cuius
902 2405 1007 2445 ratio
1032 2412 1106 2453 est,
1128 2405 1224 2457 quia
1244 2404 1383 2444 omnia
1403 2404 1637 2443 huiusmodi
1661 2405 1771 2444 bona

201 2472 410 2512 exteriora
452 2472 518 2510 vel
559 2471 820 2524 requiruntur
849 2472 901 2510 ad
935 2472 1281 2512 sustentationem
1320 2470 1513 2509 animalis
1552 2471 1767 2522 corporis,

201 2537 266 2576 vel
295 2537 560 2589 requiruntur
605 2537 659 2576 ad
685 2537 846 2589 aliquas
877 2537 1165 2589 operationes,
1204 2550 1306 2589 quas
1343 2549 1417 2594 per
1451 2536 1629 2576 animale
1669 2550 1765 2575 cor-

199 2613 277 2652 pus
307 2613 563 2649 exercemus,
595 2613 700 2651 quae
731 2601 940 2640 humanae
960 2600 1068 2640 vitae
1100 2600 1363 2639 conveniunt.
1394 2600 1472 2638 Illa
1501 2606 1639 2638 autem
1668 2611 1765 2650 per-

200 2665 311 2705 fecta
339 2666 574 2714 beatitudo,
606 2679 711 2718 quae
741 2666 782 2705 in
811 2666 973 2705 visione
1005 2665 1080 2706 Dei
1110 2665 1327 2713 consistit,
1358 2666 1423 2704 vel
1453 2665 1528 2705 erit
1557 2665 1599 2703 in
1629 2663 1769 2702 anima

201 2730 291 2771 sine
321 2745 506 2784 corpore,
538 2733 602 2771 vel
633 2732 709 2772 erit
737 2734 778 2770 in
810 2732 950 2771 anima
979 2731 1142 2784 corpori
1171 2731 1322 2779 iuncta,
1358 2744 1440 2770 non
1471 2731 1554 2770 iam
1585 2729 1769 2776 animali,

203 2797 275 2836 sed
304 2797 534 2849 spirituali:
564 2803 604 2837 et
633 2798 725 2838 ideo
767 2798 879 2837 nullo
908 2797 1029 2837 modo
1060 2797 1294 2837 huiusmodi
1325 2797 1532 2837 exteriora
1560 2796 1671 2835 bona
1699 2807 1768 2833 re-

201 2953 204 2956 .
245 2924 294 2966 (1)
321 2925 476 2959 Summa
498 2926 545 2958 th.
570 2927 610 2958 1.·
632 2927 688 2958 2.“
703 2936 734 2967 q.
759 2927 815 2965 111,
837 2937 866 2959 a.
890 2929 907 2960 3
931 2928 977 2959 ad
999 2928 1026 2959 2.
