1970 3203
404 219 541 246 CAPUT
569 219 622 245 111.
651 219 704 245 DE
733 218 879 246 NORMA
910 219 1187 247 OPERATIONIS
1217 220 1422 246 HUMANAE
1655 208 1707 248 99

134 295 311 335 rantiam
334 294 551 340 malorum,
572 307 680 346 quae
702 306 827 345 saepe
848 307 921 346 pro
943 293 1090 332 virtute
1110 293 1320 332 servanda
1335 293 1582 334 sustinenda
1597 300 1706 334 sunt.

134 361 264 412 Culpa
308 359 510 411 denique,
541 359 592 398 ob
637 364 917 411 contemptum
961 358 1110 398 infiniti
1139 359 1235 399 boni
1265 367 1304 400 et
1332 359 1523 399 iniuriam
1544 393 1553 409 ‚
1584 373 1707 413 quam

131 425 220 464 Deo
249 422 423 474 irrogat,
453 422 660 461 infinitam
691 423 898 474 quandam
928 422 1127 462 malitiam
1158 424 1235 462 sibi
1264 423 1464 476 implicat;
1486 431 1612 477 atque
1641 424 1709 463 id-

132 487 244 527 circo
276 499 454 538 poenam
483 493 678 534 meretur,
711 499 817 539 quae
848 485 882 524 si
904 499 988 525 non
1010 485 1261 535 intensitate‚
1291 489 1439 527 saltem
1471 487 1707 535 duratione,

130 553 382 597 infinitatem
413 552 592 604 aliquam
623 553 935 604 complectatur.

188 616 254 655 Ad
274 616 449 655 alterum
467 629 566 655 vero
589 616 698 668 quod
718 615 892 663 additur,
916 628 1093 667 repones
1114 618 1239 656 finem
1257 618 1525 670 praecipuum
1547 631 1708 670 poenae

133 681 177 721 in
197 681 307 721 iusto
328 681 608 733 gubernatore
629 694 711 720 non
732 694 825 721 esse
847 681 1181 721 emendationem
1203 684 1407 730 nocentis,
1439 685 1513 723 sed
1533 684 1709 725 restitu—

136 747 291 788 tionem
314 747 456 787 violati
477 748 646 796 ordinis,
667 747 785 787 iuxta
803 748 980 787 debitam
1004 748 1266 799 aequalitatis
1287 762 1544 788 mensuram.
1564 750 1711 788 Emen-

133 813 242 854 datio
261 820 324 853 est
339 813 435 852 finis
451 819 611 854 tantum
629 813 915 862 secundarius;
931 813 1048 865 etqui
1065 814 1201 853 locum
1220 813 1373 853 habere
1390 819 1524 865 potest
1539 814 1581 852 in
1597 819 1709 854 statu

135 879 242 926 viae,
273 891 357 917 non
380 883 518 917 autem
549 877 590 916 in
613 884 725 918 statu
747 879 934 918 termini.
966 880 1026 918 De
1048 884 1252 930 conceptu
1281 892 1441 931 poenae
1474 879 1535 918 sic
1557 880 1708 932 optime

139 941 320 994 loquitur
341 942 616 993 Taparellius:
641 958 659 979 «
683 943 716 981 ΙΙ
737 942 899 994 castigo
920 949 942 982 e
963 955 1047 982 non
1067 956 1122 981 un
1144 943 1295 990 dolore,
1318 956 1372 981 un
1392 948 1597 982 tormento
1618 943 1706 982 del-

133 1009 286 1049 l'uomo
310 1009 536 1058 sensitivo,
558 1023 627 1048 ma
648 1023 732 1048 una
751 1009 941 1049 reazione
963 1009 1208 1049 dell'ordine
1230 1016 1374 1050 contro
1395 1009 1423 1048 il
1444 1009 1706 1049 disordine....

136 1075 199 1114 La
218 1074 414 1126 giustizia
435 1075 705 1115 vendicativa
727 1076 910 1128 dunque,
931 1076 1048 1128 lungi
1070 1076 1164 1115 dall'
1179 1089 1319 1116 essere
1341 1090 1397 1115 un
1417 1075 1533 1115 cieco
1554 1077 1707 1127 impeto

134 1139 174 1179 di
197 1139 407 1191 passione,
431 1146 452 1180 e
473 1139 643 1180 fondata
663 1141 704 1179 in
722 1141 859 1193 quella
879 1140 1106 1180 essenziale
1127 1141 1328 1181 tendenza
1343 1142 1383 1180 al
1404 1143 1502 1181 vero
1524 1154 1546 1180 e
1567 1141 1708 1180 all’or-

135 1205 242 1254 dine,
260 1206 338 1245 che
357 1205 490 1245 forma
509 1207 550 1245 la
565 1212 716 1246 natura
736 1213 874 1246 stessa
894 1207 1144 1246 dell⁷umana
1159 1207 1435 1259 intelligenza.
1452 1207 1561 1259 Ogni
1579 1207 1710 1247 disor-

131 1271 225 1310 dine
243 1271 424 1311 essendo
447 1285 532 1311 una
549 1272 825 1324 disposizione
847 1272 951 1312 delle
967 1286 1066 1312 cose
1083 1273 1295 1313 contraria
1316 1274 1397 1313 alle
1420 1286 1517 1313 vere
1538 1275 1627 1313 loro
1644 1287 1706 1313 re-

135 1337 285 1376 lazioni
303 1370 312 1385 ,
346 1344 496 1390 eppero
527 1338 706 1377 essendo
736 1352 820 1377 una
850 1338 1012 1386 {alsit-a,
1042 1338 1222 1390 ripugna
1250 1338 1596 1378 essenzialmente
1625 1339 1709 1378 alla

134 1408 282 1450 mente;
296 1403 403 1441 onde
430 1415 526 1441 essa
544 1401 753 1441 domanda
773 1415 828 1440 un
845 1401 1027 1441 violento
1047 1401 1204 1441 ritorno
1222 1401 1437 1441 all’ordine
1454 1401 1707 1453 perturbato,

137 1478 160 1504 e
182 1471 327 1517 questa
346 1465 536 1505 violenza
552 1471 574 1504 e
591 1465 618 1503 il
639 1465 802 1517 castigo
826 1466 899 1516 (1).
920 1481 938 1501 κ)
962 1466 1116 1504 Verum
1138 1466 1187 1505 de
1207 1479 1251 1505 re
1271 1466 1351 1505 hac
1368 1466 1500 1505 fusius
1521 1466 1707 1506 dicemus

136 1529 178 1575 in
198 1529 286 1569 iure
308 1536 495 1578 naturae,
520 1543 615 1569 cum
639 1529 688 1569 de
712 1529 879 1582 capitali
901 1542 1036 1581 poena
1056 1542 1194 1568 sermo
1215 1529 1381 1569 incidet.

745 1662 989 1701 ARTICULUS
1021 1662 1096 1699 ΙΙΙ.

244 1789 311 1829 De
332 1789 677 1843 proprietatibus
707 1788 812 1841 legis
844 1788 1062 1827 naturalis
1093 1787 1266 1840 eiusque
1284 1787 1591 1839 fundamento.

139 1960 142 1967 ,
189 1922 280 1963 100.
312 1924 625 1974 Argumentum.
656 1919 811 1960 Variae
839 1919 945 1972 legis
974 1918 1178 1958 naturalis
1199 1918 1473 1970 proprietates
1495 1917 1707 1958 recenseri

134 1993 327 2042 possent;
358 2001 437 2028 nos
457 1987 706 2040 praecipuas
727 1991 887 2025 tantum
909 1984 1342 2025 commemorabimus.
1375 1986 1506 2024 Porro
1536 1983 1707 2024 nomine

135 2056 432 2108 proprietatum
462 2053 568 2106 Iegis
589 2052 857 2104 intelligimus
879 2051 1075 2091 attributa
1103 2051 1176 2090 illa
1205 2050 1468 2099 essentialia,
1499 2064 1605 2104 quae
1625 2051 1706 2102 legi

138 2118 198 2158 sic
217 2117 485 2165 conveniunt,
509 2122 552 2156 ut
572 2117 625 2156 ab
645 2116 738 2169 ipsa
759 2114 948 2168 separari
970 2115 1081 2154 nullo
1102 2113 1225 2154 modo
1246 2113 1419 2166 possint.

688 2244 1157 2285 PROPOSITIONES.

189 2376 278 2416 101.
310 2377 568 2415 Pnoposrrlo
596 2376 654 2414 1²¹.
682 2375 771 2414 Lcae
796 2372 1015 2413 naturalis
1037 2373 1098 2412 est
1118 2372 1413 2421 immutabilis,
1432 2373 1705 2423 universalis,

137 2447 329 2484 aeter-na.

187 2506 310 2545 Prob.
336 2507 426 2544 Lex
448 2504 652 2543 naturalis
671 2503 912 2543 necessario
935 2502 1112 2542 nectitur
1132 2516 1226 2542 cum
1243 2502 1334 2554 ipsa
1351 2504 1707 2545 essentia-creatu-

132 2582 205 2616 rae
221 2567 451 2615 rationalis,
475 2572 514 2607 et
531 2567 726 2606 fundatur
745 2566 786 2605 in
804 2572 954 2605 natura
970 2565 1122 2605 divina.
1141 2567 1392 2606 Necessario
1413 2567 1593 2608 nectitur
1611 2582 1706 2608 curn

136 2634 321 2675 essentia
338 2639 561 2674 creaturae
580 2632 807 2681 rationalis3
829 2632 925 2684 quia
944 2636 1031 2671 tota
1045 2637 1201 2683 quanta
1222 2637 1284 2671 est
1301 2638 1493 2673 versatur
1514 2633 1556 2672 in
1574 2646 1700 2685 prae-

136 2698 336 2750 cipiendis
359 2704 430 2737 aut
445 2697 636 2737 vetandis
657 2696 721 2744 iis,
738 2709 843 2749 quae
865 2709 919 2735 ex
935 2695 1245 2746 comparatione
1266 2695 1448 2736 hominis
1470 2710 1564 2736 cum
1588 2696 1705 2735 obie-

138 2761 246 2801 ctivo
265 2761 408 2802 ordine
426 2775 562 2802 rerum
579 2766 623 2800 ut
637 2760 889 2800 intrinsecus
906 2759 1016 2798 bona
1036 2763 1107 2798 aut
1122 2758 1233 2798 mala
1248 2759 1577 2807 manifestantur,
1596 2758 1703 2799 etad

158 2945 161 2947 ,
192 2913 240 2955 (1)
266 2915 405 2957 Sayyio
429 2915 605 2949 teoretico
631 2914 670 2948 cli
695 2914 831 2948 Dis-itto
857 2913 1036 2947 naturale
1060 2922 1109 2946 ec.
1132 2912 1202 2947 vol.
1225 2913 1249 2952 1,
1272 2913 1415 2946 dissert.
1440 2914 1468 2952 1,
1490 2922 1519 2946 n.
1546 2913 1616 2946 134.
