1970 3203
834 234 1116 261 INTRODUCTIO
1710 225 1761 262 13

205 302 366 370 quidem
396 314 543 354 studiis
571 320 611 354 et
627 313 991 366 speculationibus,
1009 326 1209 366 processu
1231 315 1440 366 temporis,
1459 317 1607 364 auctis,
1634 329 1767 368 auge-

201 380 280 421 scit
308 379 432 419 etiam
451 391 649 419 numerus
668 377 964 431 cognitionum,
985 391 1091 430 quae
1116 378 1324 418 obiectum
1356 379 1518 431 aliquod
1548 379 1767 432 attingunt,

201 447 419 497 pluresque
447 449 664 496 respectus
692 444 940 496 deteguntur
960 476 969 490 ,
1000 443 1150 495 quibus
1180 457 1206 483 a
1237 450 1375 484 mente
1415 445 1672 485 considerari
1702 458 1768 484 res

198 514 344 560 potest.
375 509 483 548 Hinc
514 522 606 547 cum
637 514 759 548 antea
787 508 995 547 obiectum
1023 507 1122 547 illud
1150 507 1202 546 ab
1234 522 1317 547 una
1349 509 1452 549 forte
1496 509 1671 549 scientia
1699 522 1768 548 re-

201 575 444 627 spiceretur,
476 580 766 626 argumentum
797 574 991 626 deinceps
1022 573 1291 625 suppeditare
1319 574 1463 627 incipit
1492 576 1678 627 pluribus
1708 576 1770 614 di-

201 640 399 692 sciplinis;
417 645 460 679 ut
475 640 645 692 ingenia
654 639 789 691 magis
806 637 1103 678 determinatae
1120 639 1318 679 materiae
1341 640 1493 679 viritim
1511 640 1771 693 applicentur

201 717 354 756 magno
385 703 650 743 scientiarum
680 704 948 742 incremento.
978 704 1112 754 Atque
1140 703 1247 742 haec
1278 710 1343 743 est
1375 704 1547 752 utilitas,
1579 717 1697 757 quae,
1728 713 1771 744 ut

204 783 257 810 ex
284 769 503 822 partitione
532 769 707 808 aliarum
738 768 1061 821 disciplinarum,
1083 768 1145 808 sic
1175 768 1299 808 etiam
1321 782 1343 808 e
1375 770 1639 810 distinctione
1656 771 1762 811 Iuris

205 834 408 875 naturalis
434 833 485 873 ab
507 833 656 872 Ethica
677 833 894 885 colligitur.
909 834 1057 880 Quoad
1072 835 1246 874 alteram
1263 847 1361 875 vero
1379 842 1553 887 partem,
1577 835 1767 887 opinatur

203 899 369 938 Ahrens
399 899 469 937 Ius
498 904 674 938 naturae
689 898 846 938 idcirco
863 899 1095 951 distinguia
1112 899 1279 947 Morali,
1297 906 1341 939 ut
1361 900 1608 952 impediatur
1628 913 1680 940 ne
1701 901 1762 940 ci—

204 964 295 1003 vilis
307 970 492 1017 potestas
508 977 553 1004 se
582 964 813 1005 immisceat
827 964 869 1004 in
885 965 945 1012 iis,
962 978 1068 1017 quae
1096 965 1150 1004 ad
1165 965 1402 1005 interiorem
1428 965 1638 1005 hominem
1668 979 1767 1018 spe-

203 1034 329 1068 ctant.
347 1028 428 1067 Sed
443 1028 549 1067 haec
568 1027 673 1067 ratio
690 1027 814 1067 sutilis
835 1035 908 1068 est.
926 1029 1032 1067 Nam
1049 1029 1125 1068 etsi
1143 1028 1274 1068 forum
1292 1030 1498 1069 internum
1517 1035 1766 1082 potestatem

204 1092 367 1132 civilem
396 1092 597 1140 excedat,
626 1093 846 1145 pleraeque
877 1093 1000 1133 etiam
1031 1093 1114 1132 sint
1150 1099 1346 1133 externae
1387 1094 1591 1142 actiones,
1622 1095 1768 1134 ditioni

204 1157 396 1211 politicae
423 1170 506 1196 non
536 1156 761 1204 subiectae,
784 1163 924 1210 utpote
945 1171 1050 1210 quae
1071 1158 1123 1196 ad
1144 1158 1329 1198 ordinem
1351 1159 1593 1210 religiosum
1615 1161 1679 1199 vel
1701 1160 1768 1199 do-

204 1223 419 1263 mesticum
450 1223 515 1262 vel
531 1236 644 1262 mere
664 1222 957 1263 individualem
974 1229 1175 1275 spectant;
1192 1232 1331 1264 tamen
1354 1225 1513 1266 admitti
1536 1239 1617 1265 non
1635 1232 1771 1278 potest

205 1288 306 1328 nihil
323 1288 490 1328 omnino
507 1288 559 1327 ad
575 1289 688 1327 illam
709 1288 915 1340 pertinere
929 1289 976 1328 de
993 1289 1130 1337 rebus,
1142 1303 1248 1342 quae
1265 1291 1318 1329 ad
1335 1291 1538 1331 internum
1557 1293 1766 1333 hominem

205 1354 390 1393 attinent.
423 1354 465 1392 Si
483 1352 592 1392 enim
610 1352 745 1393 civilis
773 1358 957 1405 potestas
974 1366 1057 1393 non
1076 1367 1252 1406 corpora
1267 1355 1454 1395 inanima
1477 1357 1549 1396 sed
1580 1358 1770 1397 homines

205 1417 421 1469 gubernat3
437 1417 611 1457 influere
628 1416 811 1468 profecto
829 1417 950 1457 debet
964 1417 1006 1457 in
1022 1431 1083 1465 ea,
1098 1431 1203 1470 quae
1221 1433 1358 1460 mores
1376 1421 1604 1472 respiciunt
1621 1428 1660 1461 et
1677 1436 1771 1461 cum

207 1481 433 1521 intentione
461 1481 671 1532 agentium
707 1482 964 1533 colligantur.
999 1482 1123 1521 Aliud
1153 1483 1261 1522 enim
1292 1491 1354 1525 est
1384 1486 1491 1537 quod
1524 1487 1768 1526 moralitatis

208 1545 448 1585 constitutio
479 1553 517 1584 et
537 1546 731 1585 iudicium
753 1546 862 1585 civili
884 1547 1076 1598 potestati
1098 1560 1180 1587 non
1204 1548 1431 1598 subiaceat,
1450 1551 1559 1589 aliud
1581 1557 1643 1590 est
1663 1552 1771 1602 quod

207 1609 339 1649 civilis
360 1617 544 1662 potestas
564 1610 665 1649 nihil
683 1610 870 1649 conferre
891 1611 1038 1651 debeat
1058 1613 1110 1652 ad
1146 1614 1420 1654 moralitatem
1441 1615 1772 1654 conservandam

207 1689 257 1716 ac
287 1675 494 1715 tuendam.
526 1675 641 1715 Sicut
657 1675 768 1714 aliud
785 1681 847 1714 est
868 1677 975 1728 quod
992 1689 1142 1728 corpus
1158 1690 1241 1716 non
1260 1678 1405 1729 gignat
1432 1679 1631 1726 animum,
1662 1679 1772 1719 aliud

208 1746 270 1779 est
302 1739 410 1791 quod
437 1743 654 1791 postquam
686 1738 825 1778 animo
855 1739 1119 1779 informatum
1150 1748 1224 1788 est,
1254 1743 1309 1780 nil
1350 1749 1532 1794 praestet
1562 1743 1614 1782 ad
1638 1750 1768 1783 totum

206 1804 480 1855 compositum
509 1804 736 1842 humanum
765 1804 807 1843 in
838 1805 922 1844 vita
951 1805 1223 1844 retinendum.
1251 1807 1372 1846 Certe
1396 1807 1561 1858 publica
1582 1814 1766 1857 potestas

206 1868 424 1920 invigilare
454 1867 574 1907 debet
594 1881 645 1907 ne
667 1868 782 1908 cives
802 1869 854 1907 ad
885 1869 1018 1921 turpia
1034 1870 1252 1917 declinent;
1285 1876 1370 1909 tum
1403 1883 1475 1910 eas
1506 1871 1767 1910 conditiones

206 1946 445 1985 procurare,
477 1945 581 1984 quae
611 1933 876 1984 explicationi
898 1933 1141 1973 facultatum
1162 1935 1437 1974 humanarum
1470 1935 1528 1974 ita
1557 1935 1776 1983 favent‚ut

208 1999 287 2037 hae
316 1998 358 2036 in
387 1999 513 2037 finem
533 2011 558 2036 a
577 2003 728 2037 natura
742 1998 942 2038 intentum
959 2006 1294 2050 promoveantur.
1315 2001 1453 2047 Quare
1478 2001 1566 2039 eius
1588 2001 1772 2052 operatio

209 2077 234 2102 a
262 2062 619 2110 consideratione,
650 2076 755 2114 quae
785 2063 837 2102 ad
866 2064 1127 2103 honestatem
1157 2065 1364 2116 publicam
1395 2065 1611 2114 referatur,
1648 2079 1773 2117 sepa-

208 2127 292 2167 rari
320 2127 472 2179 nequit.

264 2193 449 2231 Tandem
481 2205 625 2231 assero
655 2192 858 2244 duplicem
880 2193 1184 2234 distinctionem
1205 2195 1312 2235 inter
1330 2196 1400 2235 Ius
1423 2202 1596 2236 naturae
1626 2204 1665 2236 et
1687 2198 1774 2236 Mo-

209 2259 339 2296 ralem
368 2256 532 2308 probari
561 2269 695 2309 posse.
718 2257 858 2296 Prima
874 2265 947 2306 est,
966 2266 1007 2298 ut
1028 2260 1204 2299 scientia
1224 2260 1412 2300 Ilfforalis
1434 2261 1644 2301 hominem
1666 2275 1771 2302 con—

212 2322 363 2362 sideret
383 2355 392 2371 ,
426 2322 467 2361 in
497 2328 695 2375 quantum
722 2322 934 2362 individua
963 2337 1142 2376 persona
1179 2333 1272 2373 est,
1313 2327 1573 2377 praecisione
1613 2328 1721 2368 facta
1750 2342 1776 2367 a

211 2393 320 2426 statu
349 2386 493 2426 sociali
522 2386 564 2424 in
593 2399 672 2438 quo
702 2394 919 2435 versatur;
950 2389 1027 2428 Ius
1056 2396 1194 2428 autem
1228 2393 1411 2429 natur-ae
1442 2391 1651 2431 hominem
1682 2406 1775 2432 con·
1820 2431 1822 2433 ,

210 2453 453 2504 templeturv,
483 2457 602 2502 prout
638 2452 907 2492 relationibus
937 2454 990 2492 ad
1033 2455 1138 2494 alios
1168 2455 1358 2494 homines
1388 2455 1429 2494 in
1459 2456 1660 2497 societate
1691 2458 1776 2495 affi-

211 2522 326 2559 citur.
359 2520 428 2558 Sic
458 2525 738 2571 congruenter
767 2519 974 2560 distinctio
1013 2520 1119 2560 inter
1147 2527 1362 2574 utramque
1393 2522 1640 2570 haberetur;
1682 2523 1776 2562 licet

208 2585 347 2637 logica
376 2590 534 2625 tantum
563 2590 602 2623 et
631 2584 682 2623 ob
710 2585 894 2624 ordinem
926 2585 1169 2637 conquisita.
1202 2588 1337 2626 Homo
1368 2588 1474 2626 enim
1505 2585 1653 2640 reapse
1699 2589 1774 2628 sub

210 2650 360 2702 duplici
377 2656 547 2702 aspectu
564 2650 819 2690 considerari
840 2650 1209 2702 potest1Primum‚
1241 2658 1283 2691 ut
1298 2653 1504 2704 proprium
1536 2654 1660 2692 finem
1691 2666 1777 2705 spe-

210 2721 342 2763 ctans,
359 2714 476 2753 iuxta
495 2727 616 2765 quem
637 2721 882 2765 operaturus
906 2721 1027 2762 esset,
1051 2715 1212 2754 etiamsi
1233 2716 1347 2755 solus
1369 2723 1552 2756 exstaret
1583 2717 1623 2755 in
1653 2730 1776 2755 mun—

211 2779 281 2827 do;
313 2778 458 2818 deinde
479 2810 487 2825 ‚
518 2784 560 2816 ut
590 2778 642 2817 ad
673 2779 907 2817 convictum
937 2792 1032 2818 cum
1064 2779 1155 2820 aliis
1185 2794 1210 2818 a
1237 2786 1386 2819 natura
1415 2781 1637 2819 ordinatur.
1668 2781 1775 2819 Hinc

212 2856 293 2882 non
326 2843 528 2883 immerito
553 2843 704 2895 duplex
725 2844 899 2884 scientia
928 2845 1107 2884 discerni
1128 2852 1293 2897 posset:
1315 2846 1466 2886 Ethica
1495 2852 1533 2885 et
1555 2848 1623 2884 lus
1654 2852 1776 2884 natu-

213 2922 308 2958 rae;
339 2922 511 2961 quarum
545 2909 731 2961 superior
752 2910 936 2950 actiones
957 2910 1136 2950 hominis
1161 2911 1290 2962 primo
1311 2912 1445 2959 modo,
1476 2910 1676 2962 posterior
1705 2922 1775 2948 se—
