1970 3203
295 179 432 206 CAPUT
451 178 490 204 11·
512 177 566 204 DE
590 177 858 204 OPERATIONE
878 177 1057 204 HUMANA
1079 177 1219 204 PROUT
1242 177 1486 205 ORDINATUR
1506 179 1547 205 IN
1572 179 1700 206 FINEM
1745 168 1795 207 83

225 268 301 295 nes
315 252 581 300 conveniant;
593 252 667 292 sed
677 252 745 304 qui
761 251 942 292 hominis
959 252 1150 304 proprius
1165 253 1357 292 est.Inter
1370 258 1510 292 cetera
1521 266 1622 293 vero
1634 255 1714 293 hoc
1727 256 1798 294 ha-

225 320 291 360 bet
314 319 440 358 homo
457 316 668 370 proprium
689 317 730 356 in
752 330 827 357 suo
845 324 954 364 actu,
968 318 1076 370 quod
1096 317 1161 357 sui
1181 325 1301 358 actus
1323 323 1386 358 est
1403 318 1607 359 dominus.
1620 319 1798 366 Quilibet

225 385 350 437 igitur
362 390 493 433 actus,
506 383 624 423 cuius
636 383 761 423 homo
778 383 969 423 dominus
987 390 1060 433 est,
1072 390 1134 424 est
1145 384 1308 436 proprie
1324 384 1546 433 humanus;
1559 399 1642 425 non
1659 392 1798 426 autem

223 448 295 496 illi,
309 461 482 500 quorum
500 447 623 486 homo
640 459 724 486 non
741 453 804 486 est
820 447 1022 494 dominus,
1034 453 1076 486 ut
1093 448 1280 499 digerere
1296 453 1335 487 et
1350 448 1552 500 augeri‚et
1568 450 1651 488 alia
1662 450 1800 490 huius-

226 511 350 551 modi.
378 512 425 549 In
455 523 504 550 eo
533 509 657 562 igitur
687 511 795 562 quod
816 519 879 552 est
899 511 1144 563 principium
1167 512 1262 551 talis
1282 518 1413 561 actus,
1443 512 1563 553 cuius
1589 514 1715 553 homo
1736 514 1801 554 do-

227 577 364 617 minus
395 583 458 617 est
479 608 488 625 ‚
519 582 654 628 potest
681 576 778 628 poni
802 577 933 617 virtus
953 576 1148 615 humana.
1173 577 1394 616 Sciendum
1415 583 1554 619 tamen
1575 586 1663 628 est,
1693 580 1802 632 quod

229 641 466 681 huiusmodi
485 647 605 680 actus
623 645 755 692 potest
772 653 866 680 esse
891 640 1041 692 triplex
1057 640 1314 692 principium.
1333 642 1486 689 Unum,
1504 642 1611 682 sicut
1626 643 1802 694 primum

231 717 405 744 movens
428 711 468 744 et
488 704 712 756 imperans,
735 710 775 743 et
795 704 876 744 hoc
898 710 961 743 θεῖ
980 704 1085 743 ratio
1107 704 1172 743 vel
1190 705 1394 745 voluntas.
1411 705 1535 745 Aliud
1550 712 1612 746 θεῖ
1628 720 1804 748 movens

232 772 400 816 motum,
433 768 539 808 sicut
563 767 771 820 appetitus
800 767 1029 808 sensibilis:
1052 768 1119 820 qui
1139 775 1180 807 et
1200 776 1387 808 movetur
1407 768 1459 807 ab
1480 770 1665 822 appetitu
1686 785 1804 824 supe-

232 831 330 870 riori
350 831 391 870 in
412 836 610 884 quantum
634 831 670 871 ei
691 831 841 879 obedit,
863 839 903 871 θῖ
925 839 1022 871 tunc
1043 832 1190 872 iterum
1212 839 1351 872 movet
1385 833 1572 872 membra
1600 836 1807 875 exteriora

233 908 307 947 per
336 894 399 933 sui
432 894 662 946 imperium.
685 895 869 934 Tertium
892 902 1043 944 autem,
1065 896 1172 948 quod
1193 902 1257 935 θεῖ
1276 902 1431 936 motum
1453 903 1622 945 tantum,
1644 899 1806 939 scilicet

234 960 464 1000 membrum
495 960 689 1000 exterius.
722 961 924 1007 Quamvis
954 968 1092 1001 autem
1125 966 1343 1014 utrumque
1363 977 1371 1011 3
1394 962 1555 1003 scilicet
1575 965 1806 1004 membrum

239 1026 424 1066 exterius
454 1033 493 1066 et
522 1026 728 1079 appetitus
758 1027 938 1075 inferior,
969 1041 994 1066 a
1015 1027 1226 1080 superiore
1247 1034 1364 1081 parte
1384 1028 1552 1069 animae
1574 1037 1808 1079 moveatur,

238 1100 379 1133 tamen
409 1093 529 1133 aliter
559 1100 598 1133 et
628 1093 759 1133 aliter.
793 1095 899 1132 Nam
929 1094 1161 1134 membrum
1194 1095 1378 1135 exterius
1416 1096 1469 1134 ad
1498 1102 1640 1136 nutum
1671 1097 1811 1137 obedit

238 1158 442 1212 superiori
471 1158 715 1211 imperanti,
747 1159 903 1212 absque
937 1161 1021 1199 ulla
1049 1161 1338 1212 repugnantia,
1370 1162 1602 1201 secundum
1632 1169 1810 1204 naturae

239 1226 439 1274 ordinem;
469 1225 549 1264 nisi
579 1225 631 1265 sit
665 1224 1003 1277 impedimentum
1025 1227 1202 1278 aliquod,
1224 1232 1267 1266 ut
1288 1233 1401 1278 patet
1421 1227 1461 1266 in
1483 1241 1609 1267 manu
1631 1235 1670 1268 et
1691 1229 1808 1280 pede.

239 1291 458 1343 Appetitus
488 1296 628 1330 autem
656 1291 825 1331 inferior
854 1292 980 1332 habet
1008 1293 1218 1345 propriam
1248 1292 1565 1333 inclinationem
1587 1308 1639 1334 ex
1661 1300 1810 1334 natura

241 1368 330 1403 sua,
359 1354 467 1394 unde
497 1367 581 1393 non
612 1354 748 1394 obedit
780 1355 982 1407 superiori
1012 1356 1210 1408 appetitui
1239 1357 1292 1396 ad
1320 1364 1478 1405 nutum,
1506 1359 1581 1398 sed
1604 1358 1810 1398 interdum

241 1427 483 1473 repugnat...
506 1421 554 1459 In
576 1421 760 1460 membro
780 1421 904 1473 igitur
924 1422 1118 1462 exteriori
1142 1435 1226 1462 non
1246 1429 1308 1462 est
1328 1425 1613 1464 necessarium
1644 1426 1814 1478 aliquod

242 1486 514 1539 perfectivum
544 1491 664 1526 actus
692 1486 877 1535 humani,
898 1487 978 1527 nisi
998 1488 1200 1528 naturalis
1221 1488 1309 1528 eius
1330 1489 1556 1540 dispositio,
1582 1504 1655 1542 per
1692 1506 1815 1544 quam

244 1555 387 1589 natum
418 1555 481 1588 est
509 1549 667 1588 moveri
696 1563 721 1588 a
750 1550 922 1590 ratione.
954 1551 1035 1590 Sed
1063 1551 1104 1590 in
1134 1552 1316 1603 appetitn
1346 1551 1543 1601 inferiori,
1574 1555 1639 1606 qui
1661 1555 1814 1595 rationi

244 1626 480 1665 repugnare
511 1618 656 1664 potest,
689 1621 752 1652 est
780 1614 1066 1653 necessarium
1100 1614 1265 1667 aliquid,
1297 1621 1340 1654 ut
1369 1616 1667 1667 operationem,
1688 1632 1812 1670 quam

245 1677 351 1716 ratio
389 1675 566 1728 imperat
586 1676 784 1729 ,absque
821 1677 1097 1729 repugnantia
1127 1683 1451 1730 prosequatur....
1483 1680 1658 1726 Quando
1687 1681 1812 1733 igitur

247 1745 408 1791 oportet
438 1739 722 1791 operationem
744 1740 925 1780 hominis
947 1754 1040 1780 esse
1061 1741 1175 1780 circa
1195 1754 1269 1789 ea,
1297 1755 1403 1794 quae
1423 1749 1521 1781 sunt
1541 1742 1703 1782 obiecta
1725 1757 1815 1784 sen-

246 1806 377 1846 sibilis
398 1805 617 1858 appetitus,
648 1806 866 1858 requiritur
890 1807 942 1846 ad
963 1807 1189 1847 bonitatem
1210 1808 1463 1859 operationis
1484 1809 1591 1861 quod
1613 1810 1665 1848 sit
1687 1810 1729 1849 in
1752 1825 1818 1862 ap-

247 1870 376 1923 petitu
407 1870 594 1910 sensibili
624 1871 763 1923 aliqua
784 1870 998 1921 dispositio
1029 1871 1094 1910 vel
1124 1870 1333 1922 perfectio,
1356 1885 1429 1923 per
1459 1885 1581 1924 quam
1612 1874 1820 1924 appetitus

249 1933 488 1986 praedictus
509 1934 559 1973 de
581 1934 692 1974 sacili
714 1934 877 1974 obediat
899 1934 1061 1982 rationi,
1080 1941 1118 1973 θῖ
1138 1934 1249 1973 hanc
1266 1934 1457 1974 virtutem
1479 1948 1680 1975 vocamus
1700 1937 1776 1988 (1).
1798 1952 1817 1974 »

306 1999 434 2038 Obiz'c.
453 2000 501 2038 V.
525 2001 615 2039 Non
638 2006 809 2052 apparet
828 1999 946 2046 ratio,
968 2013 1041 2038 cur
1061 2013 1133 2052 pro
1156 2000 1368 2040 voluntate
1390 2014 1465 2040 seu
1485 2002 1668 2053 appetitu
1689 2002 1819 2042 ratio-

251 2065 433 2113 nali,una
445 2066 638 2106 statuitur
650 2066 779 2105 virtus
797 2065 1186 2117 cardinalis‚nempe
1198 2065 1502 2114 institia‚etnon
1519 2067 1656 2118 potius
1668 2069 1819 2120 plures.

305 2133 354 2171 R.
378 2133 497 2171 Haec
518 2131 624 2171 ratio
647 2131 799 2184 optime
822 2132 1054 2183 explicatur
1075 2145 1100 2170 a
1121 2132 1161 2170 S.
1184 2132 1365 2179 Thoma,
1392 2131 1476 2172 fere
1497 2132 1563 2171 his
1585 2133 1735 2173 verbis:
1758 2134 1824 2173 Ad

254 2196 306 2244 id,
325 2195 376 2234 ad
395 2195 503 2247 quod
518 2196 703 2247 potentia
723 2195 861 2248 aliqua
882 2208 928 2235 se
950 2195 1133 2235 extendit
1153 2209 1204 2235 ex
1219 2195 1310 2247 ipsa
1325 2195 1485 2235 ratione
1502 2196 1826 2246 potentiae,non

255 2275 358 2314 opus
379 2269 442 2301 est
462 2261 618 2301 habitu.
637 2261 829 2301 Iamvero
847 2262 1040 2301 voluntas
1061 2267 1104 2300 ut
1123 2261 1217 2301 talis
1239 2261 1367 2300 tendit
1387 2261 1440 2300 ad
1460 2261 1613 2300 bonum
1635 2263 1823 2310 rationis,

253 2328 362 2367 sicut
373 2327 577 2379 appetitus
589 2327 814 2367 sensitivus
827 2327 1016 2367 tenditad
1028 2326 1270 2366 delectabile
1281 2327 1511 2366 secundum
1524 2330 1824 2382 sensumErgo

254 2391 447 2429 voluntas
467 2402 539 2441 per
560 2403 606 2429 se
626 2403 710 2429 non
732 2397 826 2442 eget
846 2390 988 2429 habitu
1009 2390 1183 2437 virtutis,
1205 2389 1283 2429 nisi
1304 2396 1348 2428 ut
1368 2389 1591 2430 inclinetur
1610 2392 1650 2430 in
1669 2393 1825 2432 bonum

253 2455 558 2504 transcendens
581 2455 884 2507 proportionem
907 2456 1127 2507 potentiae,
1149 2455 1338 2507 praecise
1357 2461 1401 2494 ut
1421 2457 1607 2507 potentia
1628 2465 1703 2498 est.
1725 2460 1826 2498 Cum

255 2525 393 2559 autem
410 2518 737 2570 uniuscuiusque
754 2518 960 2571 appetitus
977 2519 1116 2558 tendat
1131 2518 1171 2557 in
1184 2518 1393 2570 proprium
1411 2518 1561 2558 bonum
1581 2521 1825 2572 appetentis;

259 2584 475 2637 dupliciter
502 2584 668 2636 aliquod
698 2584 851 2624 bonum
880 2590 1014 2637 potest
1034 2585 1238 2624 excedere
1264 2585 1490 2624 voluntatis
1510 2586 1826 2637 proportionem.

260 2651 356 2690 Uno
398 2651 520 2690 modo
554 2650 715 2689 ratione
745 2650 928 2702 speciei;
959 2650 1040 2690 alio
1069 2650 1190 2690 modo
1223 2650 1383 2689 ratione
1412 2650 1621 2690 individui.
1653 2652 1829 2692 Ratione

267 2714 430 2768 quidem
461 2713 629 2766 speciei,
660 2713 700 2752 in
731 2719 929 2765 quantum
950 2713 1114 2753 excedit
1132 2713 1283 2752 limites
1303 2722 1490 2763 naturae,
1512 2720 1549 2754 et
1570 2714 1649 2754 hoc
1672 2720 1734 2754 est
1754 2715 1831 2755 bo-

312 2855 361 2894 (1)
390 2855 450 2895 Qq.
478 2853 579 2895 Disp.
603 2853 775 2890 Quaestio
798 2853 851 2885 Dc
882 2853 1083 2886 Vis-tutibus
1105 2852 1144 2886 in
1168 2853 1363 2892 communi,
1385 2864 1411 2886 a.
1435 2854 1464 2886 4.
