1970 3203
306 237 442 264 CAPUT
470 237 521 263 111.
551 235 604 261 DE
633 236 862 263 socmTATE
892 236 1122 270 RELIGIOSA,
1151 236 1335 262 NlMlRUM
1363 235 1558 262 EccmzslA
1642 224 1719 263 317

152 311 311 351 bertate
330 309 482 362 privari
502 310 652 363 nequit,
673 311 769 364 quin
791 312 879 350 eius
898 311 988 350 iura
1015 311 1233 358 violantur3
1262 311 1322 350 sic
1352 311 1476 350 etiam
1505 311 1597 349 iura
1625 311 1716 350 vio-

151 375 290 414 lantur
311 375 538 422 Ecclesiae,
555 376 589 414 si
601 375 803 415 sacrailla
818 375 1031 414 consortia
1046 388 1071 414 a
1082 375 1192 414 civili
1213 380 1417 426 potestate
1432 375 1717 426 prohibentur.

204 437 286 476 Sed
306 437 512 476 violantur
531 438 700 490 insuper
715 439 806 478 iura
821 439 1004 490 ipsorum
1025 438 1188 486 civium,
1202 439 1269 490 qui
1286 444 1393 478 certe
1411 439 1524 477 nulla
1545 439 1721 478 auctori-

151 508 233 542 tate
251 509 416 543 terrena
431 503 618 555 impediri
633 511 820 556 possunt,
832 504 1051 557 quominus
1068 504 1205 543 divino
1225 505 1350 544 cultui
1366 511 1408 544 et
1424 505 1612 556 propriae
1630 519 1716 557 per-

148 566 315 607 fectioni
345 581 395 606 ac
417 575 613 608 aeternae
634 569 756 607 saluti
778 567 1031 620 prospiciant
1051 581 1100 607 eo
1122 569 1255 615 modo,
1273 582 1405 620 quem,
1426 569 1542 608 iuxta
1563 568 1716 608 Christi

151 632 406 681 doctrinam,
437 634 772 686 opportuniorem
803 641 843 674 et
870 633 947 672 sibi
977 633 1344 685 congruentiorem
1374 634 1613 674 existimant
1637 636 1708 684 (1).

661 723 898 762 Solvuntur
925 722 1206 774 difficultates.

202 814 290 853 131.
325 813 453 852 Obz’z'c.
486 814 516 851 I.
539 813 731 852 Ecclesia
751 818 814 852 est
833 812 1015 852 societas
1035 811 1272 864 spiritualis.
1295 812 1406 863 Ergo
1427 812 1710 863 spiritualibus

146 883 308 916 tantum
338 876 485 916 mediis
516 877 574 916 uti
603 876 735 925 debet;
766 876 902 915 media
931 876 1040 915 enim
1071 889 1124 915 ex
1154 877 1237 915 fine
1272 876 1607 916 determinantur.
1641 878 1711 916 Ius

145 943 272 995 igitur
301 942 547 990 coactivum,
579 943 715 994 quoad
744 942 827 981 vim
847 942 1104 982 materialem
1134 942 1406 989 inserendam,
1436 941 1514 993 ipsi
1546 955 1716 993 compe—

146 1014 232 1048 tere
261 1008 374 1047 nullo
404 1007 526 1046 modo
556 1013 702 1058 potest.

199 1074 249 1112 R.
278 1072 389 1112 Dist.
422 1071 615 1111 Ecclesia
635 1079 699 1111 est
727 1072 909 1112 societas
929 1072 1167 1123 spiritualis,
1191 1072 1353 1112 ratione
1382 1072 1489 1117 finis,
1523 1073 1714 1121 concedo3

144 1138 305 1176 ratione
325 1135 512 1183 subiecti,
533 1136 696 1187 integre
716 1135 980 1183 considerati,
1000 1149 1116 1187 nesso.
1135 1136 1255 1187 Neyo
1272 1135 1408 1187 itaque
1433 1148 1710 1187 consequen&

143 1209 182 1243 et
202 1203 255 1242 ad
275 1202 479 1242 rationem
499 1201 694 1249 additam,
711 1201 806 1241 dist:
826 1201 968 1240 Media
989 1201 1316 1240 determinantur
1335 1214 1388 1240 ex
1404 1202 1500 1248 fine,
1522 1206 1712 1253 spectato

141 1266 317 1306 relative
337 1266 390 1305 ad
409 1266 641 1306 subiectum
664 1265 991 1317 promovendum
1012 1264 1054 1302 in
1076 1265 1214 1308 finem,
1237 1277 1356 1310 conc;
1375 1264 1706 1303 determinantur

143 1346 196 1372 ex
224 1333 320 1380 fine,
349 1337 536 1383 spectato
567 1331 768 1379 absolate,
800 1344 918 1381 neyo.

195 1395 310 1435 Finis
339 1404 384 1436 ut
412 1395 531 1443 talis,
563 1409 656 1434 cum
686 1394 964 1434 essentialiter
995 1393 1239 1433 relationem
1268 1393 1454 1432 includat
1484 1393 1537 1430 ad
1567 1392 1710 1432 subie-

143 1467 255 1502 ctum
285 1462 402 1501 cuius
432 1469 494 1501 est
522 1462 633 1508 finis,
665 1460 806 1512 nequit
834 1473 1023 1499 normam
1054 1459 1340 1511 praescribere
1369 1458 1528 1505 mediis,
1559 1458 1707 1510 quibus

145 1524 319 1564 obtineri
342 1524 472 1571 debet,
495 1524 575 1563 nisi
596 1523 740 1563 habita
766 1523 927 1564 ratione
947 1522 1078 1574 ipsius
1108 1521 1294 1569 subiecti,
1317 1522 1424 1574 quod
1453 1535 1708 1572 promoven-

143 1588 237 1627 dum
269 1594 334 1628 est
362 1588 404 1626 in
432 1589 570 1628 finem.
615 1589 746 1628 Secus
776 1588 912 1627 media
942 1600 1025 1626 non
1064 1593 1203 1626 essent
1238 1593 1346 1638 apta.
1387 1587 1579 1625 Iamvero
1610 1586 1707 1626 licet

142 1651 237 1690 finis
269 1651 486 1690 Ecclesiae
508 1651 561 1690 sit
580 1651 762 1691 maxime
783 1651 1018 1703 spiritualis;
1041 1656 1180 1690 tamen
1200 1650 1433 1690 subiectum
1463 1662 1711 1701 promoven-

142 1716 237 1755 dum
266 1716 308 1754 in
328 1717 455 1754 finem
477 1722 539 1755 est
569 1717 708 1762 homo,
731 1717 798 1768 qui
819 1729 902 1755 non
932 1724 994 1755 est
1016 1728 1128 1755 mere
1145 1715 1324 1766 spiritus,
1346 1715 1420 1755 sed
1450 1714 1707 1766 compositus

142 1794 194 1820 ex
223 1781 369 1833 spiritu
398 1786 438 1820 et
467 1794 653 1833 corpore.
684 1782 805 1821 Unde
826 1781 974 1828 media,
1004 1781 1152 1833 quibus
1170 1780 1302 1820 iuvari
1333 1780 1465 1828 debet,
1496 1793 1579 1819 non
1610 1794 1713 1833 pos-

138 1854 234 1886 sunt
264 1859 360 1886 esse
377 1848 511 1886 solum
532 1846 776 1898 spiritualia,
793 1848 867 1887 sed
886 1860 1061 1887 necesse
1079 1853 1140 1886 est
1157 1853 1200 1885 ut
1216 1847 1300 1886 sint
1322 1847 1446 1886 etiam
1464 1847 1710 1894 materialia,

140 1910 238 1950 licet
268 1911 321 1950 ad
348 1911 474 1950 finem
505 1911 758 1963 spiritualem
789 1911 991 1950 ordinata.
1021 1912 1157 1962 Atque
1187 1910 1228 1949 id
1248 1911 1359 1949 valet
1378 1923 1462 1949 non
1493 1911 1628 1949 solum
1649 1924 1709 1950 re-

139 1980 285 2027 spectu
306 1975 536 2023 Ecclesiae,
565 1975 640 2014 sed
661 1976 797 2023 etiam,
819 1989 894 2015 suo
926 1976 1060 2021 modo,
1081 1982 1275 2027 respectu
1306 1975 1527 2014 Societatis
1558 1976 1704 2016 civilis.

139 2039 247 2078 Nam
277 2039 385 2078 haec
415 2053 509 2078 cum
540 2039 707 2079 adhibet
736 2039 817 2078 vim
847 2040 900 2078 ad
931 2040 1104 2078 tutanda
1134 2040 1226 2078 iura
1255 2039 1344 2078 sive
1373 2039 1589 2079 societatis
1618 2041 1707 2080 sive

139 2104 350 2143 hominum
369 2105 655 2156 singularium,
676 2105 802 2145 utitur
820 2105 968 2144 mediis
989 2105 1272 2145 materialibus
1294 2118 1365 2157 pro
1386 2106 1470 2144 fine
1487 2105 1708 2157 spirituali,-

140 2170 342 2223 siquidem
372 2171 436 2210 ius
466 2176 529 2211 est
558 2185 626 2211 res
652 2172 879 2223 spiritualis
910 2185 993 2211 non
1015 2184 1228 2223 corporea.

198 2236 406 2276 Instatis.-
437 2237 632 2277 Ecclesia
662 2243 776 2277 caret
805 2237 844 2276 vi
875 2237 1093 2276 materiali.
1116 2238 1228 2288 Ergo
1258 2251 1341 2277 non
1368 2237 1492 2277 habet
1523 2238 1586 2277 ius
1607 2239 1718 2278 adhi-

141 2302 267 2341 bendi
296 2302 567 2342 coactionem.
601 2303 840 2342 Absurdum
871 2303 979 2343 enim
1010 2311 1073 2342 est
1102 2303 1253 2351 dicere,
1280 2303 1388 2355 quod
1417 2305 1530 2342 Deus
1560 2304 1713 2344 tribuat

139 2370 205 2407 ius
236 2373 275 2408 et
304 2374 430 2421 neget
459 2369 652 2417 medium,
681 2382 761 2422 quo
791 2369 844 2408 ad
873 2374 1011 2408 actum
1042 2369 1184 2408 reduci
1214 2368 1355 2420 possit.

191 2433 241 2471 R.
264 2433 375 2472 Dis-c,
394 2435 485 2472 ant:
510 2433 635 2472 Caret
655 2433 695 2472 vi
711 2433 927 2481 materiali,
948 2433 1024 2472 sibi
1040 2432 1279 2472 immediate
1301 2433 1536 2481 coniuncta,
1561 2436 1703 2474 trans-

140 2503 226 2547 ραις·
258 2506 372 2539 caret
393 2498 432 2537 vi
455 2499 672 2546 materiali,
692 2499 770 2538 sibi
799 2498 1022 2538 coniuncta
1042 2499 1190 2539 saltem
1228 2498 1424 2546 mediate,
1455 2512 1572 2551 nego.
1604 2501 1712 2539 Tum

181 2605 230 2646 (1)
255 2605 291 2637 In
313 2605 395 2647 lege
419 2605 549 2638 Christi
573 2605 708 2646 duplex
731 2607 787 2637 est
810 2605 903 2637 vitae
927 2614 1051 2645 genus,
1075 2604 1226 2637 alterum
1251 2614 1452 2643 commune,
1470 2607 1567 2646 quod
1592 2606 1706 2638 consi-

140 2659 201 2691 stit
223 2658 256 2690 in
280 2658 509 2690 observantia
530 2659 791 2696 mandatorunn
816 2658 967 2690 alterum
986 2658 1246 2699 perfectionis,
1274 2659 1371 2698 quod
1387 2659 1564 2690 mandatis
1589 2659 1708 2691 adiun—

139 2712 190 2753 git
215 2712 480 2746 observantiam
497 2712 726 2745 consiliorum
744 2712 1040 2753 evangelicorum.
1057 2713 1136 2744 Hoc
1153 2712 1289 2753 duplex
1305 2712 1397 2744 vitae
1414 2721 1527 2753 genus
1546 2713 1709 2744 Christus

140 2765 341 2805 expressit,
367 2775 447 2797 cum
471 2764 713 2802 adolescenti,
736 2764 853 2805 ipsum
876 2763 1110 2803 interroganti
1134 2764 1178 2795 de
1205 2764 1314 2796 modo
1339 2763 1580 2803 consequendi
1604 2763 1712 2796 vitam

141 2818 332 2853 aeternam,
354 2816 550 2857 respondit:
575 2817 616 2848 Si
639 2817 695 2848 cis
719 2816 770 2848 ad
794 2816 911 2848 citam
934 2815 1092 2856 irzgyt‘t’cli‚
1119 2826 1230 2848 serva
1253 2815 1481 2848 mandata...
1503 2815 1543 2846 Si
1566 2815 1712 2857 visper-

132 2869 263 2910 fectus
287 2879 378 2907 esse,
397 2870 492 2903 vade
515 2870 631 2903 cende
647 2880 742 2914 quae
766 2870 880 2904 habes
895 2874 930 2903 et
945 2870 997 2903 (Za
1014 2871 1245 2913 pauperibus
1261 2875 1296 2904 et
1318 2870 1468 2903 habebis
1492 2869 1710 2902 thesauram

142 2921 180 2953 in
204 2920 324 2958 παῖζε),-
349 2924 383 2953 ct
405 2922 497 2960 ceni,
519 2931 670 2965 sequere
693 2932 758 2956 me.
783 2924 988 2960 ΜΑΤΤΠΛΕΙ,
1010 2923 1106 2961 XIX,
1133 2924 1179 2962 17,
1202 2924 1248 2956 21.
