1970 3203
401 247 536 274 CAPUT
567 245 591 272 1.
622 246 674 272 DE
703 245 800 272 IURE
828 246 881 272 ET
910 244 1068 271 OFFlClO
1098 244 1344 271 GENERATlM
1612 231 1689 270 117

131 335 295 374 semper
322 320 363 359 in
384 321 466 359 hoc
487 319 679 367 cernitur,
702 319 820 371 quod,
841 320 929 359 iure
958 318 998 357 in
1020 318 1155 371 aliquo
1177 319 1354 371 vigente,
1384 319 1529 371 reliqui
1551 319 1689 370 ipsum

127 399 209 425 non
223 383 420 436 impedire
440 389 670 431 teneantur;
696 382 771 422 sed
791 395 916 434 saepe
936 383 1058 421 etiam
1080 383 1133 421 ad
1149 396 1234 422 rem
1256 383 1320 422 vel
1341 383 1547 422 actionem
1569 383 1687 422 alteri

127 450 421 505 praestandam
441 448 674 499 adstringit.
697 450 816 488 Certe
838 462 920 488 non
950 448 1090 487 omnia
1109 449 1287 487 filiorum
1310 448 1461 495 officia,
1483 461 1590 500 quae
1610 448 1689 487 iuri

128 523 345 570 parentum
366 515 628 567 respondent,
659 515 856 566 negativa
884 520 1042 553 tantum
1068 513 1319 565 obligatione
1349 521 1554 554 constant.
1578 515 1694 554 Idem

125 581 190 621 dic
220 581 269 620 de
299 580 449 620 officiis
470 579 726 619 subditorum
756 591 858 630 erga
879 577 1105 629 principem
1136 584 1207 617 aut
1237 577 1485 618 famulorum
1506 591 1607 630 erga
1627 577 1696 616 do-

123 644 292 692 minum,
324 651 367 684 et
394 643 623 683 viceversa.

176 709 212 747 7.
241 709 312 748 Ius
341 708 432 747 sine
461 708 542 748 Deo
573 707 736 758 concipi
764 708 920 757 nequit.
951 707 1033 754 Ius,
1065 711 1108 745 ut
1135 706 1336 754 vidimus,
1370 719 1396 744 a
1425 707 1516 759 lege
1546 706 1689 758 progi-

123 771 265 824 gnitur
294 770 533 810 facultatem
563 769 603 808 in
635 783 743 818 uno,
775 769 1073 821 obligationem
1107 769 1149 808 in
1186 769 1278 809 aliis
1308 769 1505 821 pariente.
1536 772 1590 809 At
1620 771 1690 809 lex

126 837 218 877 sine
249 837 491 888 legislatore
521 835 684 888 concipi
705 835 855 888 nequit;
885 836 1099 888 legislator
1119 840 1258 875 autem
1280 844 1454 875 naturae
1485 842 1547 875 est
1568 837 1692 875 Deus.

128 900 240 952 Ergo
270 900 336 939 ius
366 907 540 938 naturae
570 899 660 938 sine
692 899 860 938 notione
891 899 966 938 Dei
996 899 1224 940 subsistere
1253 912 1515 952 nequaquam
1544 906 1690 951 potest.

178 965 270 1004 Hoc
293 963 560 1003 observatum
582 964 774 1003 volumus
794 969 940 1002 contra
957 976 1041 1011 eos,
1063 963 1132 1015 qui
1151 963 1194 1002 in
1210 963 1298 1002 iure
1314 963 1492 1003 naturali
1513 969 1692 1003 tractan-

124 1028 174 1067 do
192 1041 217 1067 a
234 1029 321 1067 Deo
343 1026 637 1079 cogitationem
659 1027 918 1075 abstrahunt,
935 1034 974 1067 et
993 1028 1035 1066 in
1055 1028 1146 1066 sola
1160 1027 1341 1067 hominis
1361 1034 1510 1066 natura
1529 1041 1693 1067 moran-

123 1097 198 1130 tur.
220 1092 275 1130 At
294 1097 444 1130 natura
462 1091 782 1142 propensionem
804 1092 966 1144 quidem
989 1092 1199 1143 explicare
1224 1098 1370 1144 potest,
1392 1092 1688 1145 obligationem

122 1161 263 1195 autem
281 1156 392 1194 nullo
408 1155 544 1194 modo.
565 1154 772 1206 Obligatio
789 1157 897 1195 enim
913 1155 1238 1196 iurisdictionem
1260 1156 1300 1195 in
1317 1157 1527 1209 obligante
1544 1157 1690 1197 subau-

122 1219 192 1266 dit,
212 1228 253 1259 et
283 1225 584 1271 consequenter
613 1220 736 1259 huius
766 1220 1072 1260 distinctionem
1103 1234 1128 1260 a
1157 1220 1333 1261 subdito.
1365 1223 1524 1261 Natura
1553 1227 1692 1261 autem

122 1285 302 1324 hominis
323 1298 407 1325 non
437 1285 704 1337 distinguitur
733 1286 785 1325 ab
814 1287 994 1335 homine,
1016 1287 1225 1339 multoque
1256 1287 1393 1326 minus
1414 1295 1476 1327 est
1507 1287 1596 1339 ipso
1618 1301 1691 1327 su-

122 1350 269 1402 perior.

174 1417 211 1457 8.
230 1418 420 1458 Definitio
448 1418 564 1458 iuris.
588 1418 665 1457 His
685 1418 815 1458 obiter
835 1418 1068 1470 explicatis,
1088 1421 1153 1458 ius
1174 1419 1352 1458 describi
1373 1425 1518 1470 potest:
1541 1419 1685 1459 Mora—

123 1481 385 1534 lissacaltas
415 1483 471 1521 ad
490 1483 658 1535 aliquid
673 1484 921 1533 faciendam
952 1485 1014 1523 vel
1043 1484 1307 1536 exigendam,
1331 1485 1589 1525 inviolabilis
1610 1487 1688 1537 (1).

124 1549 239 1595 Quae
262 1549 445 1589 definitio
465 1550 669 1589 elementa
688 1550 828 1589 omnia
844 1550 1142 1601 complectitur,
1160 1564 1266 1603 quae
1288 1551 1338 1590 ad
1355 1551 1455 1591 iuris
1477 1552 1686 1591 notionem

121 1615 326 1666 pertinere
357 1615 547 1654 diximus.
580 1617 687 1655 Nam
718 1629 811 1654 cum
836 1616 983 1655 dicitur
1014 1617 1194 1655 mor-alis
1218 1618 1422 1666 facultas,
1453 1618 1683 1658 secernitur

122 1693 148 1718 a
177 1679 216 1718 vi
245 1679 432 1731 physica,
454 1685 493 1719 et
521 1686 755 1731 respectum
785 1681 918 1719 innuit
938 1681 990 1719 ad
1012 1694 1259 1733 personam,
1281 1695 1387 1733 quae
1417 1683 1508 1722 sola
1538 1685 1685 1723 morali

120 1743 294 1783 influxui
323 1744 523 1784 subiacet.
544 1745 648 1784 Cum
679 1745 843 1785 additur
863 1746 920 1785 ad
937 1746 1106 1798 aliquid
1124 1746 1380 1797 faciendam
1412 1749 1473 1786 vel
1514 1749 1689 1801 eoec'ycn-

119 1808 221 1847 dam
251 1809 492 1860 exprimitur
522 1809 672 1861 duplex
693 1817 899 1862 aspectus,
930 1824 1050 1862 quem
1079 1810 1144 1850 ius
1173 1811 1355 1860 includit,
1386 1819 1588 1864 quatenus
1619 1817 1683 1854 vel

118 1872 231 1912 circa
263 1885 350 1912 rem
371 1879 558 1913 nostram
581 1874 643 1913 vel
671 1874 785 1913 circa
813 1887 899 1914 rem
921 1874 1041 1914 nobis
1071 1874 1250 1914 debitam
1272 1883 1472 1915 versatur.
1496 1877 1682 1929 Denique

117 1939 287 1978 verbum
308 1940 407 1978 illud
428 1940 689 1980 inviolabilis
719 1941 888 1980 denotat
917 1942 1204 1989 reverentiam,
1227 1942 1482 1981 servandum
1503 1943 1554 1982 ab
1575 1944 1679 1992 aliis,

117 2011 282 2057 propter
301 2005 472 2044 tutelam
489 2018 612 2057 quam
632 2006 711 2046 iuri
732 2007 800 2046 lex
820 2007 1068 2058 impartitur,·
1089 2007 1146 2045 ita
1167 2016 1210 2047 ut
1231 2007 1375 2046 violari
1405 2008 1469 2048 ius
1490 2017 1678 2062 nequeat,

119 2071 215 2123 quin
237 2072 412 2111 violetur
432 2071 531 2111 ordo
552 2071 725 2111 rationis
745 2085 796 2111 ac
817 2072 945 2112 divini
966 2072 1217 2124 legislatoris
1238 2074 1465 2114 auctoritas
1487 2076 1561 2127 (2).

160 2208 209 2248 (l)
234 2208 332 2241 Haec
355 2218 427 2241 vox
450 2209 680 2242 inviolabilis
702 2210 735 2241 in
752 2210 950 2242 definitione
974 2210 1060 2243 iuris
1084 2211 1196 2244 omitti
1220 2213 1420 2253 potuisset,
1443 2223 1521 2246 curn
1544 2214 1686 2247 inviola-

118 2258 236 2292 bilitas
259 2259 426 2301 implicite
449 2261 670 2293 contineatur
691 2261 723 2294 in
747 2265 923 2303 conceptu
946 2263 1104 2295 moralis
1125 2263 1337 2300 facultatis.
1354 2265 1464 2298 Nobis
1488 2268 1606 2298 tamen
1622 2268 1688 2299 ad-

118 2311 233 2342 denda
255 2311 332 2343 visa
355 2314 422 2349 est,
444 2322 512 2344 non
527 2313 753 2346 necessitatis
767 2315 832 2346 sed
855 2315 998 2347 maioris
1014 2315 1279 2357 perspicuitatis
1296 2318 1421 2358 gratia>
1440 2318 1476 2351 Si
1499 2318 1552 2350 cui
1569 2319 1692 2360 placet

94 2375 100 2382 ·
118 2374 197 2396 eam
215 2365 367 2403 demere,
382 2367 466 2398 tunc
482 2365 551 2408 ipsi
567 2367 631 2398 Ias
658 2367 795 2400 dicetur
810 2378 816 2400 :
840 2369 999 2401 Moralis
1012 2370 1194 2410 facultas
1210 2370 1262 2402 acl
1285 2371 1430 2413 aliquid
1443 2372 1687 2412 faciendam,

120 2416 175 2448 cel
199 2415 425 2457 eoeirqcndum
449 2420 488 2448 at
511 2427 619 2449 suam
643 2422 711 2452 aut
735 2419 805 2452 sibi
828 2419 998 2453 debitam.

159 2467 208 2508 (2)
233 2468 330 2501 Kant
351 2469 406 2501 ius
422 2479 489 2511 pro
507 2470 678 2503 facultate
695 2475 892 2513 acceptum,
909 2472 1027 2505 definit
1046 2477 1273 2515 potestatem
1292 2475 1468 2508 eliciendi
1483 2485 1549 2508 eas
1573 2476 1689 2508 actio-

118 2532 194 2560 nes,
212 2532 372 2565 quaram
388 2524 623 2562 eoeercitiwm
644 2527 814 2567 quamvis
831 2527 1373 2565 universale,eoem-sistentiam
1386 2530 1560 2568 alios-am,
1574 2535 1688 2573 prout

116 2574 219 2606 entia
237 2575 356 2608 libera
378 2579 476 2613 sunt,
503 2586 577 2608 non
604 2577 764 2619 impedit.
789 2579 924 2609 Verum
947 2578 1035 2609 haec
1058 2578 1211 2611 definitio
1234 2579 1294 2618 rei,
1318 2581 1361 2612 de
1386 2589 1457 2620 qua
1478 2582 1607 2622 agitur,
1626 2591 1690 2623 op-

114 2628 268 2665 portuna
281 2636 350 2659 non
362 2627 516 2665 videtum·
529 2628 660 2660 multae
674 2629 762 2660 enim
776 2630 936 2661 actiones
950 2639 1033 2662 esse
1045 2633 1210 2671 possunt,
1221 2640 1312 2671 quae
1325 2631 1524 2666 libertatem
1537 2633 1687 2665 aliorum

115 2685 184 2708 non
198 2678 363 2716 adimant,
377 2688 442 2711 nec
456 2682 575 2712 tamen
589 2680 722 2712 idcirco
738 2681 792 2713 ius
806 2682 968 2720 afferunt,
980 2682 1036 2713 vel
1053 2682 1134 2722 quia
1149 2686 1231 2715 sunt
1242 2693 1308 2725 per
1321 2693 1360 2716 se
1375 2687 1513 2726 turpes,
1529 2686 1583 2717 vel
1604 2685 1685 2725 quia

116 2727 198 2768 lege
214 2729 336 2768 divina,
359 2731 441 2763 licet
456 2731 621 2772 positiva,
636 2732 877 2773 prohibentur.
892 2734 991 2765 Haec
1012 2733 1131 2765 Kantii
1155 2734 1270 2775 opinio
1287 2736 1332 2766 ad
1348 2736 1417 2767 hoc
1439 2736 1560 2773 tendit,
1576 2739 1615 2768 ut
1632 2736 1686 2768 ius

119 2786 308 2822 separetur
330 2794 351 2816 a
372 2784 509 2817 morali.
533 2785 631 2821 Quae
654 2787 834 2827 separatio
848 2813 855 2825 ‚
878 2789 916 2819 ut
939 2786 1020 2819 alibi
1043 2787 1192 2819 vidimus
1206 2813 1214 2827 ‚
1242 2788 1400 2821 absurda
1422 2792 1497 2827 est3
1521 2789 1575 2820 ius
1600 2789 1689 2820 enim

120 2847 141 2868 a
163 2838 298 2875 ratione
321 2839 519 2879 procedere
542 2840 666 2879 debet3
690 2841 779 2873 ratio
804 2845 924 2873 autem
946 2841 1066 2882 nequit
1091 2842 1231 2875 sibimet
1260 2843 1341 2884 ipsa
1362 2843 1606 2876 contradicere
1628 2842 1690 2876 tri-

120 2891 261 2923 buendo
284 2891 490 2925 facultatem
514 2893 607 2926 circa
629 2904 714 2932 reni,
739 2905 844 2936 quam
867 2898 906 2927 ut
927 2896 1150 2929 inhonestam
1172 2898 1343 2939 prohibet.
