1970 3203
250 223 326 261 342
374 234 439 261 1th
460 232 661 259 NATURAE
681 243 701 248 —
722 232 831 259 PARS
850 231 904 258 111.
926 231 993 258 ius
1014 231 1384 259 INTERNATIONALE
1405 232 1484 259 sizo·
1505 232 1697 260 GENTmM

249 310 535 366 permutandis
556 309 810 350 necessariis
830 309 895 348 vel
916 307 1084 349 utilibus
1103 308 1239 361 posita
1258 313 1353 348 sunt
1375 311 1449 361 (1).
1473 311 1576 350 Cum
1606 310 1716 350 enim
1737 325 1817 351 na-

252 384 344 416 tura
373 390 457 416 non
487 376 628 416 omnia
657 375 807 427 ubique
836 376 1088 422 florescere,
1120 374 1193 413 sed
1221 373 1317 413 alibi
1346 373 1499 426 fruges,
1527 375 1623 415 alibi
1655 390 1820 429 pecora,

247 443 345 482 alibi
375 443 557 491 metalla,
588 447 711 494 atque
740 445 799 480 ita
828 440 878 479 de
907 439 1014 487 aliis,
1043 439 1259 479 abundare
1288 440 1475 489 voluerit,
1506 442 1739 482 ostendisse
1771 443 1826 482 vi-

248 507 366 546 detur
382 519 427 547 se
444 512 628 546 mutuam
645 504 868 558 quamdam
879 517 932 544 ex
946 504 1029 543 hac
1038 509 1155 555 parte
1167 503 1422 544 iunctionem
1433 506 1620 556 gentium
1637 512 1818 558 optasse.

247 574 380 612 Immo
410 584 509 611 vero
539 571 620 610 hac
641 570 843 610 bonorum
868 568 1150 621 discrepantia
1169 576 1316 620 gentes
1337 582 1483 610 omnes
1504 570 1689 611 vicissim
1716 571 1824 612 inter

248 653 294 679 se
325 638 536 678 subiectas
565 649 660 677 esse
689 636 829 685 voluit3
861 634 1063 687 siquidem
1085 634 1355 686 indigentiae,
1375 647 1482 686 quae
1503 635 1599 676 inde
1620 650 1826 676 enascun-

246 713 324 755 tur,
358 711 526 744 mutuae
556 708 652 743 sunt
672 707 795 755 atque
817 714 963 741 omnes
984 699 1218 753 generatim
1239 700 1439 740 afficiunt:
1461 701 1528 753 qui
1549 708 1689 743 autem
1715 709 1823 755 eget,

249 770 298 817 ei,
328 769 396 822 qui
427 768 636 816 abundat,
665 768 711 807 fit
740 765 959 806 obnoxius.
990 764 1060 803 Sic
1090 770 1243 803 natura
1271 770 1439 816 gentem
1469 777 1595 803 unam
1621 766 1673 804 ad
1703 780 1824 806 com-

247 834 546 874 municandum
578 846 672 872 cum
702 831 786 871 alia
816 829 1053 877 ordinavit,
1084 834 1210 881 atque
1240 828 1292 867 ad
1322 828 1638 869 benevolentiae
1668 830 1824 871 exerci-

248 900 349 939 tium
380 898 421 937 vi
451 898 574 938 etiam
607 896 799 950 propriae
829 894 1020 934 utilitatis
1049 893 1201 945 adegit.

299 967 336 1006 9.
366 965 622 1006 commercia
649 975 724 1016 per
754 975 799 1003 se
819 963 963 1002 favent
984 961 1178 1001 culturae
1198 962 1358 1002 morali.
1382 962 1470 1000 Nec
1492 974 1591 1001 vero
1613 974 1824 1002 commer—

251 1029 359 1069 cium
390 1028 673 1068 materialibus
702 1027 920 1066 dumtaxat
947 1025 1229 1073 incrementis,
1260 1025 1333 1064 sed
1353 1025 1580 1065 moralibus
1610 1026 1746 1072 etiam,
1769 1027 1825 1065 in-

251 1093 407 1133 directe
437 1093 599 1141 saltem,
619 1091 744 1131 favet.
767 1089 931 1130 Etenim
952 1102 1037 1129 non
1057 1090 1179 1129 modo
1202 1089 1390 1129 diversas
1410 1095 1558 1141 gentes
1586 1089 1643 1129 ita
1664 1091 1824 1140 miscet,

249 1162 293 1196 ut
321 1157 429 1209 quod
458 1156 644 1208 genitum
675 1155 828 1194 alicubi
858 1160 935 1201 est,
966 1153 1008 1192 id
1037 1154 1147 1205 apud
1169 1166 1315 1193 omnes
1336 1161 1481 1192 natum
1505 1167 1598 1194 esse
1619 1155 1823 1204 videatur;

251 1224 325 1263 sed
343 1223 468 1262 etiam
484 1222 687 1262 scientiae
702 1219 1026 1273 amplificandae
1043 1233 1094 1258 ac
1110 1219 1293 1258 moribus
1311 1221 1592 1271 temperandis
1608 1221 1827 1274 debitaque

249 1288 420 1328 lenitate
450 1287 656 1327 donandis
684 1300 768 1326 non
798 1299 945 1338 parum
975 1283 1145 1323 confert.
1168 1283 1302 1323 Valde
1323 1283 1433 1322 enim
1455 1283 1709 1324 intellectum
1731 1299 1825 1325 am-

251 1353 408 1406 plificat
437 1359 602 1406 propter
631 1352 875 1391 varietatem
908 1356 948 1389 et
976 1348 1140 1400 copiam
1171 1348 1426 1388 obiectorum
1447 1381 1456 1397 ,
1488 1363 1595 1401 quae
1624 1350 1824 1401 respicit;

250 1427 417 1472 propter
447 1418 685 1458 distantium
715 1418 902 1456 locorum
929 1413 1245 1467 inspectionem,
1275 1414 1329 1453 ad
1358 1428 1465 1466 quae
1493 1421 1604 1455 terra
1633 1417 1825 1470 marique

248 1483 453 1531 homines,
483 1482 685 1522 mercium
714 1479 1084 1533 permutandarum
1113 1478 1261 1531 gratia,
1292 1478 1471 1528 adducit;
1504 1487 1670 1532 propter
1699 1481 1823 1534 iuges

249 1547 440 1587 stimulos
460 1579 469 1594 ,
499 1559 603 1599 quos
633 1544 760 1585 menti
790 1545 904 1584 addit
939 1549 983 1582 ut
1012 1555 1124 1582 nova
1152 1542 1290 1582 media
1321 1543 1612 1596 excogitentur
1635 1577 1644 1593 ,
1675 1546 1824 1597 quibus

188 1610 194 1621 ⁴
248 1620 486 1653 mercatura
513 1613 639 1653 latius
669 1615 949 1658 exerceatur,
982 1614 1149 1661 propter
1179 1615 1365 1648 mutuam
1396 1611 1821 1651 communicationem

247 1681 511 1734 ingeniorum
541 1693 663 1733 quam
694 1678 861 1727 inducit,
891 1684 933 1718 et
961 1681 1200 1716 contactum
1231 1689 1391 1715 morum
1426 1677 1732 1729 oppositorum,
1772 1691 1824 1717 ex

250 1760 330 1799 quo
351 1752 540 1785 mutuum
560 1750 935 1796 temperamentum
957 1745 997 1780 et
1016 1739 1151 1779 maior
1171 1739 1393 1790 explicatio
1411 1740 1559 1779 virium
1584 1741 1823 1781 efflorescit.

303 1814 413 1852 Hinc
450 1813 539 1852 iure
578 1811 804 1851 observant
839 1806 1076 1861 philosophi
1115 1806 1344 1845 maximum
1376 1808 1566 1848 culturae
1596 1807 1825 1848 nationalis

249 1880 425 1933 gradum
455 1892 550 1920 cum
581 1874 833 1917 commercio
865 1873 1057 1913 connecti
1075 1887 1083 1920 ;
1114 1871 1223 1912 sicut
1252 1873 1518 1912 rudissimum
1549 1873 1660 1914 vitae
1689 1887 1824 1926 genus

248 1944 349 1983 illud
380 1948 455 1992 est,
485 1942 594 1995 quod
621 1941 710 1980 solo
739 1947 895 1978 venatu
923 1942 994 1976 aut
1015 1936 1180 1988 piscatu
1202 1935 1447 1976 continetur.
1471 1937 1584 1976 Inter
1605 1937 1712 1976 haec
1733 1949 1824 1976 me-

250 2011 361 2051 dium
381 2011 520 2050 locum
542 2012 720 2060 occupat
739 2005 998 2058 agricultura
1018 2008 1058 2042 et
1078 2002 1230 2040 artium
1250 2001 1593 2041 mechanicarum
1615 2015 1742 2051 usus;
1765 2002 1825 2042 ita

248 2083 390 2115 tamen
419 2079 464 2113 ut
493 2072 753 2125 agricultura
782 2066 1022 2110 domesticis
1043 2071 1083 2105 et
1105 2065 1297 2105 civilibus
1324 2066 1542 2106 virtutibus
1564 2066 1822 2115 excolendis,

248 2138 400 2179 artium
421 2150 523 2176 usus
543 2135 727 2176 externis
748 2134 856 2173 vitae
881 2129 1137 2171 ornamentis
1158 2129 1294 2182 magis
1310 2130 1531 2170 deserviat.
1544 2131 1623 2170 llla
1639 2131 1749 2171 enim
1765 2131 1821 2171 fa-

246 2205 384 2244 milias
406 2210 518 2244 certo
539 2204 633 2242 loco
654 2202 846 2253 affigens,
867 2211 1022 2250 vagum
1043 2196 1209 2236 vivendi
1229 2209 1385 2236 morem
1410 2197 1592 2237 excludit
1612 2211 1663 2237 ac
1683 2197 1820 2238 stabi—

245 2272 326 2311 lem
345 2270 682 2323 permansionem
700 2267 809 2316 facit,
821 2273 906 2306 tum
924 2264 1050 2305 etiam
1068 2276 1168 2302 cura
1179 2263 1456 2315 prospiciendi
1471 2264 1513 2303 in
1531 2270 1741 2316 posterum
1759 2277 1821 2304 so-

242 2338 443 2387 lertiaque
473 2350 611 2376 rerum
640 2332 1017 2386 comparandarum
1049 2329 1292 2382 prudentem
1323 2335 1362 2369 et
1383 2330 1600 2381 providum
1623 2332 1818 2371 colonum

243 2404 382 2444 efficit.
413 2404 540 2443 Artes
570 2414 669 2442 vero
690 2402 816 2452 longe
837 2398 1040 2437 maiorem
1058 2408 1277 2435 numerum
1298 2396 1555 2437 obiectorum
1578 2397 1818 2449 respiciunt,

240 2480 414 2519 quorum
430 2480 585 2518 magna
602 2479 700 2518 pars
717 2464 769 2503 ab
786 2462 1045 2515 agricultura
1061 2460 1498 2513 suppeditatur;neque
1515 2461 1637 2501 statis
1659 2467 1819 2500 tantum

237 2531 505 2583 temporibus,
527 2531 601 2571 sed
621 2530 790 2569 assidue
807 2534 847 2568 et
867 2526 1130 2566 continenter
1148 2525 1412 2565 exercendae
1428 2525 1657 2565 industriae
1673 2530 1711 2563 et
1728 2523 1819 2563 uti-·

286 2630 336 2672 (1)
361 2630 450 2663 Hinc
474 2633 625 2672 apparet
660 2628 873 2662 commercii
895 2627 1076 2660 notionem
1098 2626 1214 2667 magis
1238 2628 1384 2667 patere,
1407 2634 1514 2666 quam
1537 2624 1819 2665 negotiationis

243 2685 321 2718 Etsi
345 2685 434 2717 enim
459 2685 606 2725 quaevis
631 2684 762 2726 emptio
788 2686 823 2716 et
845 2683 998 2716 venditio
1023 2682 1141 2714 solent
1164 2681 1363 2724 improprie
1386 2680 1453 2712 dici
1465 2680 1688 2721 neyotiatio;
1701 2682 1820 2713 tamen

235 2739 390 2782 proprie
412 2739 609 2779 negotiatio
633 2738 664 2771 in
689 2749 731 2771 ea
755 2737 931 2779 emptione
954 2739 1093 2769 tanturn
1117 2738 1152 2768 et
1174 2735 1372 2767 venditione
1397 2732 1571 2771 consistit,
1585 2743 1656 2774 qua
1668 2743 1727 2766 res
1749 2744 1820 2767 em-

228 2797 311 2836 pta,
337 2794 411 2826 sine
434 2794 507 2826 ulla
531 2794 584 2825 sui
607 2794 802 2826 mutatione
819 2819 826 2832 ‚
851 2792 982 2825 carias
1005 2791 1196 2829 venditur,
1219 2792 1265 2823 ad
1289 2791 1428 2823 lucrum
1451 2790 1662 2823 faciendum.
1685 2791 1754 2822 Per
1778 2799 1819 2822 se

236 2848 333 2879 mala
355 2857 424 2880 non
448 2850 525 2886 est,
550 2847 656 2880 immo
672 2847 706 2879 in
729 2848 882 2880 humana
906 2847 1080 2879 societate
1105 2848 1161 2878 est
1183 2854 1337 2886 prorsus
1360 2845 1588 2884 necessaria3
1624 2846 1687 2878 sed
1713 2845 1818 2877 valde

233 2899 359 2937 ndiget
377 2903 415 2932 ut
431 2899 632 2932 honestatis
655 2899 797 2940 legibus
821 2899 1051 2940 gubernetur,
1075 2907 1117 2930 nc
1139 2898 1172 2930 in
1196 2897 1382 2930 avaritiam
1407 2901 1442 2931 et
1466 2899 1684 2940 quandoque
1709 2898 1814 2932 etiam

225 2961 247 2984 n
275 2951 483 2984 iniustitiam
508 2953 714 2993 degeneret.
