1970 3203
590 210 725 237 CAPUT
755 209 791 236 11.
821 209 875 236 DE
904 208 1132 236 SOCIETATE
1162 206 1281 234 CIVILI
1645 191 1724 231 233

155 290 499 339 obtemperarent;
520 298 695 326 necesse
715 284 789 324 fuit
808 290 852 324 ut
867 284 988 325 simul
1006 282 1253 335 congregati
1275 281 1355 321 vim
1378 279 1586 332 publicam
1607 291 1719 319 crea-

154 359 247 395 rent
264 385 274 402 ,
304 365 409 404 quae
439 357 642 404 potestate
672 364 750 390 sua
768 350 993 390 renitentes
1015 349 1068 388 ad
1089 347 1362 393 obediendum
1383 352 1552 398 cogeret
1573 351 1613 384 et
1634 358 1718 385 mu-

155 427 266 460 tuam
296 417 635 458 coexsistentiam
664 422 859 456 tueretur.
897 416 1155 466 Quapropter
1192 413 1302 453 civili
1335 411 1525 452 societati
1559 423 1714 463 scopus

151 486 258 525 alius
276 497 360 524 non
389 483 658 535 praefigitur,
689 482 768 523 nisi
798 479 986 533 aequalis
1016 479 1258 527 coarctatio,
1294 485 1417 531 atque
1454 477 1546 517 ideo
1576 482 1720 516 mutua

159 550 389 597 harmonia,
420 548 621 589 libertatis
652 548 911 600 singulorum
941 547 1015 597 (1).

202 617 324 656 Hanc
354 615 597 662 doctrinam,
619 628 742 666 quam
771 614 864 665 plus
894 611 1082 651 minusve
1112 617 1338 662 sequuntur
1367 617 1558 651 recentes
1585 610 1719 650 ratio-

149 678 310 726 naliste,
341 678 521 718 breviter
548 677 800 726 refellemus;
830 682 1054 727 antequam
1083 675 1209 714 finem
1239 675 1464 723 societatis,
1486 674 1620 726 qualis
1650 686 1720 713 no-

150 744 213 784 bis
242 757 336 784 esse
366 743 567 792 videatur,
600 743 879 783 ostendamus.

706 871 1173 912 PROPOSITIONES.

203 1006 266 1044 44.
296 1004 551 1044 PRoposiTio
583 1004 638 1042 1³.
677 1002 800 1041 Finis
823 1001 1030 1054 politicae
1058 999 1273 1040 societatis
1313 999 1466 1052 reponi
1494 999 1643 1051 nequit
1669 999 1715 1038 in

153 1069 303 1106 mutua
333 1067 621 1106 coarctatione
652 1069 691 1105 et
719 1064 948 1104 harmonia
980 1064 1201 1103 libertatis.

203 1131 325 1170 Proh.
355 1132 385 1169 Ι.
418 1144 471 1170 ex
500 1130 723 1182 principiis,
754 1129 903 1182 quibus
932 1127 1070 1180 opinio
1090 1127 1161 1166 illa
1182 1127 1333 1166 nititur.
1356 1128 1417 1166 Ne
1437 1126 1551 1165 nimii
1573 1126 1718 1174 simus,

150 1194 228 1234 tria
256 1200 416 1233 tantum
437 1194 706 1246 attingemus:
727 1191 1091 1244 independentiam
1112 1191 1219 1231 entis
1240 1191 1466 1236 rationalis,
1486 1189 1722 1229 absentiam

148 1260 394 1300 moralitatis
409 1274 435 1299 a
450 1260 615 1299 motivis
632 1258 1091 1311 empiricis,carentiam
1104 1257 1276 1297 limitum
1294 1256 1496 1296 libertatis
1512 1263 1723 1296 externae.

201 1328 264 1366 Ac
284 1326 416 1378 primo
433 1325 609 1378 quidem,
620 1326 736 1364 Kant
753 1331 793 1364 et
809 1323 1113 1364 Rationalistae
1134 1323 1384 1363 sententiam
1400 1322 1512 1361 illam
1531 1322 1720 1361 derivant

151 1403 204 1431 ex
234 1389 455 1441 hypothesi
488 1388 832 1440 independentiae
854 1387 961 1427 entis
982 1387 1210 1435 rationalis,
1233 1387 1342 1439 quod
1361 1386 1479 1426 iuxta
1499 1386 1612 1438 ipsos
1632 1398 1717 1425 non

149 1456 278 1495 alium
306 1456 432 1494 finem
462 1455 750 1507 praestitutum
779 1454 916 1502 habet,
948 1453 1028 1493 nisi
1058 1459 1100 1492 ut
1130 1453 1340 1505 propriam
1360 1453 1577 1500 rationem,
1599 1456 1720 1504 prout

150 1518 317 1571 propria
351 1524 425 1566 est,
454 1524 662 1570 sequatur.
692 1517 816 1569 Atqui
836 1517 907 1556 illa
926 1516 1170 1569 hypothesis
1191 1516 1494 1556 absurdissima
1514 1524 1588 1555 est.
1611 1517 1720 1555 Nam

151 1596 228 1622 ens
257 1582 473 1630 rationale,
504 1581 880 1634 quemadmoduum
910 1594 936 1619 a
965 1580 1053 1620 Deo
1082 1579 1231 1632 pendet
1261 1580 1302 1618 in
1332 1585 1494 1626 natura,
1516 1579 1575 1618 sic
1598 1579 1723 1619 etiam

151 1648 301 1700 pendet
316 1647 357 1686 in
378 1649 461 1687 fine
481 1653 521 1686 et
542 1646 862 1699 operationibus.
881 1646 1023 1692 Quare
1044 1659 1069 1685 a
1085 1658 1279 1696 supremo
1296 1644 1364 1684 illo
1381 1658 1521 1684 rerum
1539 1643 1722 1684 omnium

149 1713 330 1751 Auctore
346 1711 472 1751 finem
493 1719 534 1752 et
547 1725 738 1751 normam
756 1709 956 1763 operandi
976 1708 1177 1760 suscipiat
1197 1721 1371 1748 necesse
1393 1714 1466 1747 est.
1486 1709 1578 1747 Non
1599 1707 1724 1759 igitur

150 1775 285 1827 quoad
313 1775 517 1816 rationem
546 1775 842 1828 independens,
873 1775 946 1814 sed
975 1773 1157 1812 maxime
1187 1773 1426 1825 dependens
1455 1779 1531 1811 est.

201 1840 374 1889 Deinde,
402 1840 521 1880 Kant
549 1847 588 1880 et
615 1839 919 1881 Rationalistae
941 1837 1162 1890 opinantur
1183 1849 1328 1875 omnes
1350 1834 1719 1875 determinationes

149 1910 188 1943 et
217 1903 373 1943 motiva
401 1904 742 1956 experimentalia
771 1903 1002 1943 moralitate
1032 1913 1187 1940 carere.
1233 1900 1280 1939 Id
1309 1900 1432 1940 etiam
1464 1898 1615 1938 falsum
1646 1904 1719 1938 est.

148 1972 255 2017 Nam
287 1971 386 2011 ordo
416 1971 658 2018 obiectivus,
690 1983 739 2010 ex
772 1983 850 2022 quo
880 1969 1094 2009 moralitas
1124 1968 1333 2007 actionum
1355 1965 1533 2005 desumit
1551 1977 1723 2004 mensu-

147 2048 249 2083 ram,
279 2035 570 2075 manifestatur
585 2047 668 2074 non
686 2047 739 2073 ex
755 2034 885 2074 solius
909 2034 1082 2073 rationis
1101 2031 1323 2071 abstractis
1347 2037 1386 2070 et
1417 2028 1721 2069 universalibus

149 2098 363 2151 principiis
384 2131 394 2147 ,
423 2112 568 2139 verum
599 2100 722 2139 etiam
766 2112 820 2138 ex
848 2097 1107 2136 naturalibus
1137 2109 1275 2135 rerum
1305 2092 1651 2147 propensionibus
1681 2097 1721 2131 et

150 2176 202 2203 ex
231 2170 427 2204 concreto
459 2163 601 2203 ordine
620 2177 759 2203 rerum
775 2161 1079 2209 exsistentium,
1109 2159 1178 2212 qui
1207 2157 1463 2210 experientia
1491 2162 1562 2196 aut
1589 2154 1720 2195 ratio-

151 2226 359 2268 cinatione
380 2228 593 2279 detegitur.
616 2229 668 2268 Et
688 2240 790 2267 sane
810 2226 902 2279 quis
923 2224 1212 2264 stultissimam
1232 2222 1345 2261 illam
1366 2219 1511 2260 Kantii
1528 2218 1724 2270 blasphe-

151 2290 278 2330 miam
307 2290 397 2330 sine
424 2292 598 2331 horrore
629 2291 772 2330 audire
800 2295 948 2342 potest:
975 2287 1239 2326 Immoralem
1260 2297 1354 2324 esse
1375 2282 1594 2330 actionem,
1615 2293 1722 2334 quae

149 2369 204 2396 ex
232 2368 375 2395 amore
401 2356 477 2396 Dei
504 2355 764 2409 peragatur?
793 2354 1072 2395 Nihilominus
1102 2352 1142 2391 id
1171 2352 1213 2390 in
1243 2351 1331 2390 eius
1360 2349 1500 2400 inepta
1530 2346 1720 2387 doctrina

148 2429 363 2474 tamquam
392 2423 699 2463 consectarium
729 2423 805 2463 rite
835 2421 1055 2461 deductum
1085 2417 1349 2470 proponitur,
1372 2420 1590 2466 propterea
1610 2413 1718 2466 quod

147 2485 260 2525 Deus
289 2493 353 2526 est
382 2486 590 2526 obiectum
620 2491 857 2533 externum,
888 2491 928 2525 et
955 2496 1074 2523 amor
1102 2494 1185 2520 non
1215 2487 1278 2520 est
1308 2478 1552 2530 principium
1590 2477 1722 2517 ratio-

146 2548 241 2588 nale
268 2550 342 2589 sed
371 2550 547 2589 affectus
577 2548 703 2587 animi
734 2549 806 2600 (2).

198 2613 398 2665 Denique,
429 2613 529 2652 illud
558 2612 682 2653 etiam
711 2612 863 2651 falsum
893 2618 967 2658 est,
999 2609 1107 2662 quod
1136 2608 1204 2655 ait,
1235 2607 1468 2646 libertatem
1498 2612 1716 2646 externam

148 2691 219 2728 per
249 2692 294 2719 se
313 2685 546 2731 spectatam
567 2690 711 2718 carere
732 2676 939 2716 limitibus.
963 2677 1070 2715 Nam
1090 2674 1130 2713 id
1150 2675 1288 2713 locum
1309 2672 1435 2712 habet
1453 2672 1496 2710 in
1516 2669 1719 2711 libertatis

189 2806 239 2846 (1)
264 2807 458 2840 Elementa
480 2807 742 2850 Metaphysica
773 2805 954 2837 leeoriae
977 2805 1085 2836 Iuris.

192 2858 243 2898 (2)
267 2858 356 2891 Vide
379 2860 484 2891 etiam
507 2869 598 2900 quae
621 2861 748 2891 contra
770 2857 867 2889 Kant
887 2856 1055 2898 superius
1071 2855 1331 2896 disputavimus
1349 2854 1381 2886 in
1398 2853 1513 2894 capite
1535 2850 1643 2884 tertio
1662 2851 1722 2882 Ia·

155 2899 209 2932 ris
231 2898 479 2934 individualis
501 2900 731 2940 paragrapho
757 2900 807 2933 50:
