1970 3203
585 211 722 237 CAPUT
750 211 789 237 11.
818 211 871 238 DE
902 209 1132 238 socmTA'rE
1162 211 1281 237 eiv1L1
1642 199 1719 240 237

205 289 255 328 R.
284 285 396 326 Dz‘st.
414 288 546 325 antec.
564 284 720 325 Melius
736 285 961 336 respondet
980 284 1239 324 inclinationi
1254 290 1430 324 naturae
1452 285 1718 337 depravatae,

148 366 265 401 cone,·
293 357 448 400 rectae,
479 364 597 403 neyo.
626 350 693 390 Ad
721 350 1009 402 probationem
1029 350 1154 389 etiam
1174 350 1275 390 dist:
1299 351 1518 391 Inclinatio
1541 357 1715 391 naturae

145 420 189 459 in
215 416 336 458 nobis
356 417 410 456 ad
438 418 519 456 hoc
549 416 690 463 fertur,
720 422 764 455 ut
785 416 985 464 libertate,
1007 416 1145 467 quoad
1163 416 1344 456 maxime
1365 417 1509 468 possit,
1537 417 1716 470 perfrua-

143 496 236 523 mur
262 482 376 521 intra
405 480 592 520 ordinem
622 479 818 528 rationis,
850 492 980 526 conc;
1011 484 1132 519 extra
1159 479 1270 520 hunc
1301 479 1500 528 ordinem,
1535 481 1715 520 subdist-

145 544 359 585 inclinatio
389 553 566 583 naturae
596 544 861 596 depravatae,
892 556 1009 590 eorm,-
1038 548 1193 591 rectae,
1226 557 1345 595 neyo.

201 607 424 647 Inclinatio
454 613 570 647 recta
599 613 774 647 naturae
804 620 854 647 ea
883 613 958 655 est,
989 619 1095 659 quae
1124 606 1260 646 ordini
1290 607 1571 649 conformatur
1593 615 1633 649 et
1652 609 1719 648 in-

146 671 320 713 tentioni
352 672 529 712 divinae.
560 672 648 710 Iam
678 684 757 723 age
786 671 958 711 intentio
980 670 1130 718 divina,
1151 670 1193 709 in
1223 671 1391 711 homine
1413 672 1642 712 ordinando
1663 673 1717 712 ad

155 739 411 786 societatem,
442 738 526 777 alia
555 751 648 778 esse
677 751 761 777 non
790 739 930 789 potuit,
959 736 1040 776 nisi
1069 743 1113 776 ut
1141 736 1236 776 inde
1274 737 1485 777 iuvaretur
1514 738 1567 777 ad
1588 739 1713 779 finem

153 803 489 855 consequendum
509 835 519 851 ,
563 808 729 854 propter
771 815 889 853 quem
935 800 1126 841 conditus
1156 807 1230 840 est.
1259 801 1314 838 At
1343 813 1441 839 vero
1479 801 1716 841 huiusmodi

150 865 246 905 finis
263 872 375 906 certe
404 879 489 905 non
517 866 683 905 iuvatur
697 865 888 905 libertate
909 877 1015 917 quae
1035 877 1109 916 pro
1129 864 1243 904 libito
1266 870 1496 912 exercetur,
1519 865 1591 904 sed
1615 878 1720 917 quae

154 938 376 972 exercetur
404 931 521 971 iuxta
550 933 737 984 regulam
768 930 953 979 rationis,
984 931 1025 970 in
1047 930 1188 970 ordine
1208 930 1357 969 morali
1377 931 1660 970 consectando
1682 938 1722 971 et

152 997 450 1051 promovendo,
482 997 599 1037 cuius
629 997 831 1037 terminus
860 1003 923 1037 est
943 996 1153 1036 beatitudo
1178 996 1385 1036 caelestis.
1408 996 1472 1035 Ab
1493 997 1573 1036 hoc
1594 996 1719 1048 igitur

151 1071 346 1117 respectu
376 1063 637 1117 separandus
667 1077 752 1103 non
782 1070 842 1103 est
871 1062 968 1102 finis
998 1062 1224 1109 societatis,
1246 1062 1326 1102 nisi
1357 1068 1651 1114 praeposterus
1681 1067 1721 1101 et

149 1129 433 1181 incongruens
462 1128 606 1167 haberi
639 1127 746 1167 velit.
781 1129 924 1180 Neque
954 1127 994 1166 id
1022 1126 1241 1177 conceptui
1272 1139 1396 1166 verae
1424 1125 1626 1165 libertatis
1644 1125 1720 1164 ad-

152 1198 356 1241 versatur,
387 1207 493 1245 quae
523 1193 690 1232 vincula
720 1191 876 1243 respuit
903 1190 1112 1238 indebita,
1142 1203 1226 1229 non
1256 1203 1355 1229 vero
1386 1189 1577 1236 vincula,
1614 1201 1722 1241 quae

149 1256 272 1296 nobis
300 1270 326 1295 a
354 1256 519 1296 ratione
551 1255 771 1295 dictantur.
803 1255 846 1294 Si
875 1259 1000 1294 secus
1029 1254 1113 1301 fiat,
1143 1266 1227 1292 non
1256 1253 1425 1292 libertas
1447 1253 1520 1292 sed
1541 1252 1720 1301 licentia,

156 1337 240 1363 non
269 1324 456 1362 humana
485 1322 706 1374 propensio
737 1321 812 1361 sed
840 1320 1022 1360 belluina
1050 1327 1347 1372 propugnatur.

154 1411 156 1413 >
209 1388 337 1429 Obiic.
371 1389 421 1429 II.
453 1388 496 1427 Si
525 1388 620 1427 finis
649 1387 861 1428 societatis
883 1394 945 1427 est
968 1386 1069 1426 ordo
1092 1386 1282 1433 exterior,
1304 1385 1451 1425 morali
1473 1384 1606 1424 ordini
1628 1398 1723 1425 con-

153 1465 323 1504 gruens,
351 1459 449 1491 tunc
478 1458 663 1503 potestas
692 1450 864 1502 politica
892 1450 934 1488 in
963 1450 1099 1502 ipsum
1131 1449 1317 1489 ordinem
1339 1450 1538 1489 moralem
1568 1449 1725 1498 influet;

155 1517 264 1569 quod
293 1529 396 1556 sane
426 1515 655 1555 absurdum
685 1520 758 1554 est.

210 1583 260 1622 R.
280 1583 534 1634 Distingyuo:
558 1583 605 1620 In
622 1581 758 1633 ipsum
780 1580 967 1621 ordinem
989 1581 1192 1619 moralem
1213 1579 1357 1619 influet
1377 1579 1593 1627 indirecte,
1624 1591 1726 1617 con-

156 1647 272 1694 cedo;
302 1646 470 1693 directe,
502 1659 619 1698 ηερε).

208 1710 320 1749 Ordo
348 1711 520 1751 moralis
550 1724 576 1749 a
604 1710 819 1764 principiis
850 1710 1000 1761 pendet
1019 1709 1207 1756 internis,
1229 1709 1343 1748 circa
1364 1722 1469 1761 quae
1491 1707 1625 1747 civilis
1646 1719 1722 1758 po-

155 1782 285 1817 testas
318 1777 475 1815 nullam
505 1776 712 1815 actionem
743 1775 900 1814 habere
930 1780 1080 1826 potest.
1105 1773 1353 1813 Huiusmodi
1387 1773 1486 1812 ordo
1517 1771 1724 1823 originem

156 1841 270 1881 ducit
300 1855 325 1881 a
346 1842 450 1888 Deo,
481 1847 519 1880 et
549 1840 705 1879 directe
735 1838 954 1880 subiicitur
983 1839 1043 1878 illi
1072 1839 1320 1887 auctoritati,
1360 1852 1483 1890 quam
1515 1838 1628 1876 Deus
1657 1835 1724 1873 in-

154 1905 287 1944 stituit
316 1905 369 1944 ad
398 1905 601 1952 homines,
633 1917 706 1956 per
734 1904 968 1943 honestatis
989 1911 1028 1943 et
1049 1903 1212 1944 virtutis
1232 1903 1416 1951 semitas,
1438 1903 1479 1941 in
1500 1903 1626 1940 finem
1648 1912 1722 1938 ae—

155 1975 300 2009 ternae
330 1969 439 2008 vitae
469 1969 767 2020 perducendos.
800 1969 930 2015 Haec,
962 1975 1004 2006 ut
1036 1966 1276 2014 videbimus,
1308 1973 1372 2007 est
1401 1963 1629 2004 auctoritas
1650 1975 1721 2001 re-

155 2035 319 2088 ligiosa,
350 2035 542 2074 nimirum
565 2034 794 2075 Ecclesiae.
817 2033 1097 2074 Nihilominus
1119 2033 1312 2073 Societas
1332 2032 1497 2084 politica
1516 2031 1597 2070 hoc
1618 2029 1721 2080 ipso,

158 2100 268 2151 quod
299 2100 485 2139 ordinem
516 2106 736 2140 externum
766 2098 826 2137 sic
856 2105 1065 2150 procurat,
1095 2103 1139 2136 ut
1167 2096 1391 2136 moralitati
1414 2094 1634 2141 deserviat,
1656 2092 1723 2131 in-

159 2163 313 2203 directe
341 2163 477 2215 ipsum
507 2162 696 2202 ordinem
726 2162 928 2201 moralem
958 2160 1074 2200 iuvat
1102 2160 1220 2212 eique
1247 2159 1515 2200 obsecundat.

216 2228 343 2268 Obic‘c.
375 2229 448 2268 III.
476 2228 543 2268 Sic
575 2228 699 2269 etiam
728 2227 852 2266 nimis
881 2225 1124 2266 conceditur
1153 2224 1342 2264 societati
1379 2224 1585 2277 politicae.
1616 2223 1722 2262 Nam

160 2305 256 2332 cum
286 2293 387 2332 ordo
416 2295 594 2332 exterior
625 2292 751 2332 etiam
780 2291 834 2330 ad
862 2296 981 2331 actus
1010 2289 1230 2342 religiosos
1259 2302 1304 2328 se
1335 2288 1543 2335 extendat,
1573 2285 1724 2338 poterit

159 2357 387 2397 auctoritas
415 2357 582 2409 politica
611 2364 730 2398 actus
759 2355 996 2396 huiusmodi
1026 2368 1052 2394 a
1084 2353 1245 2394 civibus
1276 2352 1457 2404 exigere:
1488 2358 1588 2404 puta
1607 2350 1722 2390 iura-

159 2430 345 2463 mentum
376 2424 442 2463 vel
472 2424 717 2463 exercitium
748 2425 894 2463 cultus.

210 2488 260 2526 R.
289 2487 411 2539 Nego
442 2491 667 2534 assertum·
689 2486 1040 2540 etprobationem
1060 2485 1161 2524 dist:
1185 2483 1336 2523 Poterit
1369 2481 1597 2521 auctoritas
1618 2480 1724 2533 poli—

156 2550 241 2589 tica
269 2556 388 2590 actus
417 2557 615 2590 externos
643 2550 863 2602 religiosos
893 2562 919 2588 a
949 2548 1110 2588 civibus
1139 2547 1318 2599 exigere,
1341 2546 1376 2585 si
1396 2546 1460 2585 ius
1480 2545 1606 2585 habet
1631 2545 1724 2584 exi-

157 2616 285 2668 gendi
314 2630 414 2665 rem,
445 2630 551 2669 quae
582 2616 744 2656 actibus
773 2615 854 2655 illis
883 2615 1176 2661 confirmatur,
1207 2618 1251 2651 ut
1280 2611 1322 2651 in
1361 2611 1617 2659 iuramento;
1649 2616 1719 2650 aut

158 2679 224 2719 ius
251 2680 377 2720 habet
406 2680 603 2733 exigendi
632 2678 941 2720 observantiam
970 2676 1197 2729 religionis,
1237 2676 1355 2716 cuius
1384 2683 1506 2717 actus
1535 2675 1591 2715 illi
1621 2681 1716 2715 sunt

164 2744 390 2794 expressio,
421 2751 463 2784 ut
492 2744 534 2783 in
565 2744 691 2792 cultu,
722 2756 839 2790 conc;
870 2754 1005 2789 secus,
1041 2754 1156 2792 nego.

218 2806 262 2845 Si
277 2808 456 2847 exterior
475 2808 689 2860 religionis
707 2813 829 2848 actus
845 2819 929 2846 non
945 2804 997 2845 sit
1018 2804 1130 2844 aliud
1145 2803 1224 2844 nisi
1241 2803 1501 2844 confirmatio
1516 2802 1587 2851 rei,
1605 2815 1728 2855 quam

166 2872 280 2912 cives
296 2879 509 2923 praestare
525 2878 716 2914 tenentur
732 2871 933 2920 societati;
949 2869 1052 2911 nihil
1068 2875 1182 2910 vetat
1197 2871 1417 2923 quominus
1428 2870 1561 2911 civilis
1577 2877 1723 2910 aucto-
