1970 3203
504 214 640 241 CAPUT
669 213 693 240 1.
723 213 775 240 DE:
802 214 899 241 iuni-3
928 214 981 240 ET
1011 213 1174 241 OFFICIO
1206 213 1451 240 GENERATiM
1683 203 1759 241 123

197 293 368 335 caritate
405 289 715 343 complectitur!
749 291 854 339 Sed,
892 291 1046 332 relictis
1075 291 1178 331 iocis
1197 324 1206 340 ,
1236 290 1325 330 eius
1354 289 1492 342 opinio
1532 303 1687 343 magno
1717 291 1760 331 in

195 372 334 400 errore
354 362 556 398 versatur.
589 356 750 396 Etenim
781 369 932 396 nomen
949 356 1045 408 filii
1069 356 1111 395 in
1141 356 1308 408 propria
1337 355 1643 408 significatione
1672 370 1755 396 non

195 421 363 462 cuilibet
391 420 555 460 effectui
582 419 805 471 competit,
835 419 909 459 sed
939 419 1154 458 dumtaxat
1183 419 1336 459 viventi
1367 420 1476 471 quod
1509 432 1560 458 ex
1590 419 1755 460 vivente

192 487 392 540 procedat
420 485 462 525 in
492 485 676 526 eiusdem
705 491 880 524 naturae
923 483 1241 525 similitudinem.
1274 485 1411 531 Quare
1448 485 1622 524 strictim
1651 486 1751 525 nulli

191 559 404 592 creaturae
434 551 628 591 convenit
647 556 840 602 respectu
867 550 956 599 Dei;
986 549 1188 602 siquidem
1211 563 1278 589 res
1299 557 1466 590 creatae
1495 564 1521 589 a
1549 552 1637 591 Deo
1666 564 1750 591 non

188 623 443 670 generantur
458 617 533 656 sed
551 617 842 668 producuntur,
858 614 1017 667 ipsique
1038 615 1258 666 analogice
1278 620 1435 654 tantum
1458 616 1751 657 assimilantur.

188 679 440 720 Hominibus
468 686 607 720 tamen
629 694 678 720 ea
699 678 991 726 denominatio,
1014 678 1160 717 latiore
1192 690 1330 725 sensa,
1355 679 1476 718 tribui
1506 680 1624 726 solet,
1644 692 1761 732 prop-

189 751 252 786 ter
272 746 477 798 duplicem
497 746 714 785 rationem.
732 745 927 792 Primum,
944 744 986 783 in
1002 743 1144 783 ordine
1165 744 1482 795 supernaturali,
1500 745 1550 783 ob
1573 745 1756 784 divinam

190 811 466 864 adoptionem,
488 825 595 864 quae
624 812 669 850 fit
699 824 775 863 ope
796 809 969 863 gratiae.
1002 809 1207 857 Secundo,
1224 809 1333 848 intra
1361 809 1475 861 ipsos
1505 816 1679 851 naturae
1700 811 1753 850 li-

190 875 323 924 mites,
354 875 405 915 ob
436 882 555 915 actus
584 876 778 922 morales,
809 875 955 928 quibus
985 874 1037 913 ad
1066 875 1198 913 Deum
1234 873 1295 913 sic
1323 873 1548 921 referimur,
1580 881 1623 914 ut
1652 889 1753 928 erga

188 941 325 992 ipsum
356 954 536 993 capaces
566 940 696 980 simus
719 940 915 992 obsequii,
937 939 1212 987 reverentiae,
1243 939 1512 988 obedientiae,
1543 954 1646 992 quae
1667 955 1759 993 pro-

189 1005 276 1058 prie
305 1019 331 1045 a
358 1006 453 1046 filiis
483 1006 642 1058 parenti
672 1012 947 1058 praestantur.
979 1005 1062 1045 Sed
1090 1005 1196 1044 haec
1227 1004 1387 1052 omnia,
1415 1010 1458 1043 ut
1488 1006 1752 1058 perspicuum

191 1074 255 1108 est
284 1069 333 1108 de
354 1069 515 1108 entibus
542 1069 816 1120 intelligentia
837 1068 1073 1108 carentibus
1103 1068 1181 1107 dici
1203 1075 1423 1120 nequeunt.
1440 1069 1498 1109 Iis
1527 1069 1652 1122 igitur
1671 1083 1752 1110 no-

191 1144 287 1171 men
308 1131 381 1170 filii
397 1132 534 1184 quoad
554 1133 684 1171 Deum
709 1145 759 1171 ne
782 1133 862 1172 late
891 1132 1052 1184 quidem
1071 1132 1277 1183 competit.
1299 1133 1417 1178 Quod
1448 1133 1481 1173 si
1506 1135 1753 1187 quandoque

190 1199 342 1234 natura
369 1193 620 1233 irrationalis
648 1196 806 1246 poetice
835 1194 1073 1234 nominatur
1103 1195 1178 1234 Dei
1208 1195 1304 1243 filia;
1334 1196 1374 1235 id
1405 1197 1446 1235 in
1477 1203 1634 1236 tantum
1665 1206 1755 1246 est,

189 1258 231 1298 in
261 1266 458 1311 quantum
479 1259 793 1312 imaginationis
814 1260 1016 1301 beneficio
1038 1253 1312 1313 intelligentia
1337 1269 1376 1301 et
1397 1263 1577 1315 dignitas
1606 1277 1755 1316 perso—

190 1322 300 1362 nalis
329 1323 461 1362 eidem
482 1323 731 1375 appingitur.
761 1326 816 1363 At
838 1324 1046 1372 Damiron,
1069 1324 1110 1362 ni
1131 1323 1262 1372 fallor,
1291 1337 1374 1363 non
1396 1331 1545 1377 poema
1574 1327 1647 1366 sed
1667 1327 1756 1379 phi-

190 1388 451 1439 losophicum
482 1394 702 1428 tractatum
735 1390 1017 1429 elucubrabat.

243 1452 387 1491 Altera
416 1465 515 1491 vero
545 1466 654 1504 pars,
684 1453 724 1491 in
747 1466 827 1505 qua
857 1453 1056 1492 Damiron
1079 1453 1405 1494 consentientem
1426 1456 1554 1496 habet
1574 1457 1754 1505 Ahrens,

193 1528 278 1554 non
293 1515 442 1554 minori
459 1516 714 1557 absurditate
732 1517 904 1556 laborat.
922 1518 1028 1555 Nam
1048 1516 1113 1555 ius
1135 1517 1221 1556 veri
1238 1518 1429 1566 nominis,
1447 1519 1511 1558 cui
1528 1520 1752 1571 respondet

191 1580 386 1628 officium,
408 1581 449 1620 in
471 1582 600 1621 brutis
620 1583 776 1620 nullum
800 1588 873 1629 est,
895 1583 1104 1634 multoque
1124 1582 1263 1622 minus
1280 1583 1320 1621 in
1338 1584 1460 1623 rebus
1473 1585 1594 1636 plane
1614 1585 1755 1624 inani-

187 1643 280 1683 mis.
302 1643 372 1682 Ius
402 1644 511 1683 enim
543 1645 681 1696 nequit
713 1645 897 1684 residere
924 1645 966 1683 in
996 1653 1102 1693 ente,
1132 1646 1238 1697 quod
1273 1648 1383 1687 nullo
1413 1649 1534 1688 modo
1565 1655 1628 1688 est
1656 1650 1752 1688 finis

186 1708 227 1748 in
259 1710 439 1757 mundo,
471 1711 543 1749 sed
573 1710 741 1749 omnino
783 1716 825 1750 ut
853 1711 1032 1750 medium
1062 1711 1275 1750 ordinatur
1315 1713 1355 1750 in
1386 1713 1537 1753 bonum
1569 1715 1750 1755 alterius

187 1772 318 1811 Bruta
338 1785 451 1820 vero,
483 1780 526 1812 ut
545 1780 710 1813 ceterae
731 1787 799 1813 res
818 1773 1048 1820 inferiores,
1069 1774 1192 1814 medii
1214 1775 1429 1816 dumtaxat
1456 1778 1659 1818 rationem
1681 1780 1751 1818 ha-

185 1836 296 1877 bent.
318 1839 412 1878 Non
434 1838 542 1877 enim
560 1846 727 1878 exstant
756 1845 920 1891 propter
949 1840 1101 1879 bonum
1122 1840 1197 1887 sui,
1219 1842 1293 1880 sed
1319 1849 1485 1895 propter
1506 1844 1658 1884 bonum
1679 1845 1748 1884 ho-

185 1900 321 1949 minis;
345 1915 422 1941 nec
442 1901 614 1954 proinde
645 1910 740 1941 sunt
760 1903 948 1955 propriae
970 1903 1156 1943 utilitatis
1177 1905 1323 1955 gratia,
1345 1907 1417 1945 sed
1446 1907 1632 1947 utilitatis
1651 1909 1748 1948 alie-

185 1977 278 2004 nae.
301 1966 414 2017 Ergo
443 1966 506 2005 ius
536 1966 714 2019 aliquod,
745 1967 811 2006 cui
841 1966 882 2005 in
902 1967 1069 2006 homine
1095 1967 1276 2006 officium
1306 1971 1569 2020 respondeat,
1591 1972 1748 2012 habere

185 2039 405 2084 nequeunt.
444 2032 510 2070 Ad
548 2045 635 2071 rem
667 2033 943 2084 Taparellius:
974 2032 1082 2084 Ogni
1113 2032 1263 2072 dovere
1294 2047 1422 2074 nasce
1453 2035 1519 2075 dal
1548 2040 1745 2089 generale

183 2095 398 2146 principio:
420 2097 478 2147 sa
510 2096 541 2134 z'l
569 2095 679 2135 bene.
712 2099 763 2135 Se
794 2096 1001 2136 avessimo
1033 2096 1173 2135 doveri
1204 2109 1325 2135 verso
1358 2098 1393 2136 le
1424 2105 1614 2140 creature
1638 2101 1745 2141 irra-

183 2157 404 2210 gionevoli,
435 2172 641 2199 saremmo
673 2161 837 2212 dunque
866 2160 1064 2212 obbligati
1093 2173 1119 2198 a
1147 2159 1264 2200 farne
1293 2161 1317 2199 il
1352 2162 1466 2202 bene.
1498 2165 1573 2204 Ma
1592 2166 1619 2205 il
1653 2167 1740 2206 loro

182 2220 288 2261 bene
317 2227 339 2260 e
368 2222 395 2259 il
423 2222 511 2261 loro
540 2223 635 2271 fine,
658 2223 747 2262 cioe
794 2236 1019 2275 cooperare
1049 2236 1075 2262 a
1099 2224 1272 2264 servizio
1303 2227 1392 2265 dell'
1410 2240 1545 2267 uomo.
1567 2230 1744 2283 Dunque

182 2284 210 2322 il
231 2284 382 2324 dovere
404 2299 524 2325 verso
548 2287 586 2325 di
616 2300 709 2327 esse
730 2288 906 2328 sarebbe
927 2289 1153 2328 realmente
1163 2303 1218 2328 un
1244 2290 1395 2330 dovere
1427 2306 1547 2332 verso
1578 2294 1743 2334 l'uomo.

183 2352 231 2390 In
252 2352 344 2391 altri
366 2353 529 2393 termini
543 2354 568 2392 il
590 2356 774 2407 padrone
794 2369 877 2396 non
897 2356 953 2395 ha
973 2355 1115 2395 doveri
1131 2369 1252 2395 verso
1274 2357 1300 2394 il
1319 2370 1453 2406 servo,
1476 2359 1743 2399 considerato

181 2416 244 2454 sol
266 2428 384 2456 come
413 2429 548 2466 servo;
579 2419 755 2470 giacche
785 2420 954 2460 l'essere
983 2434 1105 2460 servo
1135 2421 1318 2461 consiste
1349 2423 1565 2462 nell’esser
1592 2424 1637 2463 in
1671 2438 1745 2476 pro

180 2479 313 2518 altrui.
337 2480 426 2520 Che
455 2494 501 2521 se
521 2481 548 2520 il
569 2484 751 2534 padrone
781 2484 837 2523 ha
857 2497 979 2524 verso
1008 2485 1020 2523 i
1041 2485 1151 2524 servi
1172 2486 1285 2524 molti
1316 2487 1468 2534 «loveri,
1498 2487 1555 2539 gli
1581 2488 1637 2527 ha
1658 2501 1743 2528 non

177 2544 219 2584 in
239 2554 392 2599 quanto
413 2549 536 2600 quelli
562 2563 664 2588 sono
694 2551 816 2598 servi,
845 2565 915 2590 ma
934 2551 976 2590 in
1005 2558 1158 2604 quanto
1184 2564 1288 2591 sono
1320 2553 1483 2601 nomini,
1514 2555 1602 2606 pari
1624 2568 1650 2594 a
1671 2556 1745 2594 lui.

178 2608 236 2648 Or
266 2610 304 2650 le
336 2619 527 2652 creature
557 2613 853 2665 irragionevoli
886 2628 970 2655 non
1002 2615 1141 2656 hanno
1179 2617 1283 2656 altro
1321 2630 1462 2658 essere
1491 2619 1740 2658 correlativo

180 2675 401 2726 all'uomo,
433 2690 479 2717 se
508 2691 594 2717 non
624 2679 663 2717 di
694 2680 825 2729 servi;
856 2681 1010 2732 perche
1039 2687 1183 2734 questo
1213 2688 1236 2722 e
1264 2683 1292 2722 il
1323 2685 1409 2723 loro
1439 2685 1547 2734 fine;
1581 2685 1746 2735 dunque

180 2736 334 2779 l’uomo
362 2754 446 2780 non
473 2742 530 2782 ha
560 2743 701 2782 doveri
733 2756 855 2783 verso
886 2744 924 2783 di
954 2757 1047 2785 esse
1077 2746 1150 2797 (1).
1182 2760 1203 2784 »

233 2801 356 2841 Ratio
386 2810 536 2854 autem,
565 2819 688 2858 quam
719 2807 886 2848 Ahrens
916 2807 957 2847 in
987 2809 1241 2849 contrarium
1270 2812 1449 2861 adducit,
1480 2811 1588 2864 quod
1616 2812 1741 2852 homo

228 2903 278 2943 (1)
305 2904 443 2947 Sa99io
467 2909 643 2941 teor‘etico
668 2908 708 2941 cli
729 2909 868 2943 Diritto
892 2913 1071 2945 naturale
1092 2912 1159 2945 vol.
1186 2914 1209 2951 I,
1231 2916 1302 2946 not.
1320 2915 1367 2946 28.
