1970 3203
837 211 1078 239 PRAEFATlo
1721 202 1744 240 7

169 292 287 332 ctant
303 291 346 331 et
362 286 454 331 iam
464 300 637 344 magna
648 300 706 331 ex
716 293 845 345 parte
857 287 1212 346 compleverunt;
1227 288 1348 334 aliud
1367 303 1461 333 non
1479 304 1585 336 esse
1598 290 1709 348 quid
1718 316 1735 322 -

148 385 320 431 quam,
354 370 442 414 nisi
473 370 763 415 corollarium
794 371 910 415 Iuris
943 372 1159 416 naturalis
1193 378 1330 430 prout
1372 374 1674 418 concinnatur
1707 389 1736 418 a

169 452 492 506 Rationalistis;
518 452 594 510 qui
616 452 715 497 suis
738 453 1011 497 commentis
1034 453 1094 498 ad
1122 455 1389 500 societatem
1421 455 1728 500 abstractione

165 534 329 580 mentis
362 534 657 580 evertendam
689 539 825 592 atque
857 534 958 579 solo
990 535 1178 580 rationis
1212 536 1350 582 ductu
1388 538 1550 583 iterum
1586 537 1724 582 fabri-

166 618 365 663 candam
396 618 602 663 animum
633 618 942 663 adiunxerunt
973 621 1049 673 (1).

222 702 351 753 Quae
383 716 490 746 cum
521 701 581 745 ita
613 701 712 755 sint,
746 702 787 746 si
820 715 878 746 ex
911 702 1060 746 fructu
1092 703 1390 759 cognoscitur
1422 704 1560 749 arbor
1593 711 1635 748 et
1667 718 1725 749 ex

161 782 315 841 planta
346 785 529 835 'semen3
564 782 761 839 quisque
792 797 875 840 per
906 795 958 827 se
990 782 1120 826 facile
1152 783 1273 828 videt.
1305 788 1528 841 quantum
1560 785 1725 829 veneni

164 863 297 908 lateat
317 862 363 906 in
386 846 605 917 doctrina,
630 875 688 907 ex
710 876 802 920 qua
824 867 948 907 tanta
971 862 1233 920 depravatio
1252 864 1458 920 profecta
1474 868 1555 908 est.
1577 863 1738 906 Enim-

164 959 274 991 vero
308 959 546 1003 nunquam
580 959 673 1003 pax
706 945 750 988 in
783 945 1050 990 societatem
1082 952 1123 990 et
1156 945 1270 990 ordo
1305 947 1348 990 in
1393 946 1530 990 vitam
1576 946 1743 991 huma—

166 1041 276 1072 nam
307 1027 508 1072 reditura
541 1032 659 1080 sunt,
695 1027 844 1072 donec
866 1041 1051 1072 morum
1084 1027 1321 1085 disciplina
1343 1043 1370 1071 a
1404 1042 1550 1074 coeno
1586 1029 1738 1075 deter-

166 1114 312 1168 gatur,
348 1123 441 1167 quo
474 1109 801 1155 Rationalistae
831 1109 951 1153 illam
974 1109 1287 1168 deturparunt.
1321 1111 1418 1154 Nec
1452 1111 1565 1155 satis
1599 1117 1668 1157 est
1690 1118 1739 1156 ut

167 1194 382 1239 adiuncta
412 1199 588 1239 tantum
620 1194 772 1252 aliqua
794 1200 871 1239 aut
896 1194 1118 1238 illationes
1140 1200 1416 1248 resecentur,
1442 1196 1576 1254 quasi
1602 1197 1740 1241 luxu-

166 1280 336 1326 riantes
354 1279 482 1332 rami;
502 1279 587 1323 sed
605 1279 792 1324 omnino
812 1284 988 1336 oportet
998 1284 1045 1323 ut
1062 1279 1239 1324 securis
1257 1279 1398 1324 radici
1416 1280 1734 1326 admoveatur,

168 1367 209 1406 et
241 1362 458 1420 principia
488 1361 590 1419 ipsa
622 1361 826 1406 funditus
860 1361 1181 1407 convellantur
1216 1362 1317 1406 Huc
1351 1363 1471 1407 vires
1505 1363 1735 1409 intendant

170 1451 349 1504 oportet
382 1460 559 1499 omnes
594 1460 793 1504 quorum
826 1451 985 1504 pectus
1019 1460 1179 1491 amore
1210 1447 1411 1491 hominis
1445 1453 1486 1494 et
1508 1448 1737 1493 societatis

168 1530 360 1575 incaluit.
384 1530 458 1575 Ad
480 1530 537 1583 id,
562 1544 647 1588 pro
671 1531 838 1587 ingenii
859 1531 950 1575 mei
966 1531 1190 1583 tenuitate,
1216 1545 1405 1589 operam
1423 1532 1588 1577 contuli
1609 1533 1736 1576 hisce

170 1611 491 1657 elucubrandis
514 1612 883 1666 institutionibus;
918 1627 1049 1670 quae,
1075 1614 1114 1657 si
1136 1627 1230 1657 non
1253 1627 1313 1658 ex
1338 1614 1462 1657 omni
1484 1620 1610 1671 parte
1632 1627 1740 1672 per-

170 1694 347 1746 fectam,
383 1708 549 1738 sanam
581 1700 701 1740 certe
733 1701 870 1753 atque
904 1709 962 1740 ex
995 1696 1117 1741 veris
1141 1701 1329 1742 naturae
1352 1696 1583 1754 principiis
1625 1698 1742 1742 hau-

171 1780 293 1820 stam
326 1776 581 1822 doctrinam
614 1777 907 1823 exhibebunt.

219 1916 268 1963 (1)
294 1919 384 1953 Vide
409 1920 451 1953 de
478 1920 546 1954 hac
571 1931 608 1954 re
634 1920 884 1954 doctissimum
911 1920 1016 1955 Stahl
1041 1921 1080 1954 in
1107 1931 1222 1966 opere,
1251 1922 1309 1955 cui
1338 1921 1477 1957 titulus:
1498 1922 1616 1956 Scorc'a
1643 1922 1742 1956 della

173 1977 350 2022 Fifosofia
368 1978 427 2012 del
443 1979 586 2021 Dz'rz'tt0,
611 1979 675 2013 lib.
701 1978 734 2022 3,
760 1991 824 2013 sez.
853 1979 886 2022 6,
912 1991 940 2014 c.
967 1979 992 2019 Ι,
1020 1980 1228 2015 traduzione
1245 1981 1305 2014 dal
1325 1982 1471 2016 tedesco.
1487 1979 1740 2016 Torino1833.
