1970 3203
229 196 307 237 256
603 209 668 236 IUS
697 209 900 236 NATURAE
917 219 937 225 ··
962 209 1071 236 PARS
1099 209 1135 236 11.
1165 210 1230 237 IUS
1260 210 1432 238 soclALE

227 283 460 322 ctoritatem
492 281 636 335 affigit,
668 289 731 322 est
759 294 926 334 semper
955 295 1190 322 consensus
1225 283 1292 322 vel
1313 283 1418 323 liber
1439 284 1503 323 vel
1526 284 1810 325 necessarius.

225 348 347 389 Unde
376 350 606 388 auctoritas
637 348 785 397 civilis,
815 361 888 401 per
917 362 963 389 se
993 356 1170 400 sumpta,
1202 355 1266 388 est
1296 349 1534 390 immediate
1566 364 1592 390 a
1622 351 1740 399 Deo;
1772 350 1817 390 in

222 414 409 467 principe
440 422 579 455 autem
611 425 675 455 est
706 415 884 455 mediate
913 429 939 454 a
969 416 1071 464 Deo,
1102 415 1342 455 immediate
1363 417 1415 456 ab
1435 417 1688 457 hominibus.
1713 418 1809 457 Me-

221 480 304 520 lius
337 486 478 520 tamen
509 480 588 519 dici
619 488 772 532 posset,
805 480 930 521 etiam
961 480 1004 518 in
1033 480 1115 519 hac
1136 482 1346 520 sententia
1367 483 1428 533 (ut
1450 494 1602 534 reapse
1627 482 1816 521 nonnulli

224 546 439 598 dixerunt)
465 546 694 586 auctoritas
725 560 902 598 semper,
935 546 1025 586 sive
1053 545 1269 586 abstracte
1299 547 1387 586 sive
1418 554 1624 597 concrete,
1656 562 1751 588 esse
1782 561 1808 587 a

221 615 324 662 Deo;
355 613 407 653 ab
438 613 676 653 hominibus
713 627 812 654 vero
843 619 1002 652 tantum
1025 612 1238 665 designari
1268 613 1503 654 subiectum
1530 615 1572 654 in
1601 629 1682 668 quo
1712 615 1816 654 resi·

221 679 328 718 deat.
360 679 562 718 Homines
595 679 704 719 enim
736 678 941 718 electione
970 691 1049 718 sua
1077 691 1163 717 non
1183 678 1295 717 aliud
1326 678 1522 727 facerent,
1545 679 1625 719 nisi
1658 680 1809 720 offerre

219 745 467 792 materiam,
501 745 573 785 sed
604 746 718 784 Deus
749 750 871 792 esset,
903 744 971 796 qui
1002 743 1154 783 tribuat
1185 743 1374 783 formam.

271 811 337 851 60.
368 813 401 851 Α
431 812 644 852 sententia
678 810 925 852 Rousseavii
952 810 1135 850 maxime
1158 810 1308 850 differt.
1339 811 1428 848 Iam
1449 824 1549 850 vero
1570 824 1693 850 nemo
1718 824 1802 850 non

219 877 344 926 videt,
376 877 578 917 eiusmodi
609 877 843 918 doctrinam
873 876 977 915 nihil
1007 876 1164 916 habere
1195 889 1417 916 commune
1453 882 1525 915 aut
1553 877 1681 917 affine
1711 891 1804 917 cum

221 947 345 993 pacto
376 941 535 989 sociali,
566 941 674 993 quod
705 953 832 992 supra
856 939 1144 980 refutavimus.
1167 941 1304 992 Atque
1325 946 1369 979 ut
1390 940 1431 979 id
1452 941 1607 981 clarius
1629 942 1804 984 eluceat,

222 1005 474 1057 praecipuas
504 1005 718 1057 utriusque
748 1004 982 1045 sententiae
1012 1003 1271 1043 differentias
1298 1006 1534 1044 innuemus.

272 1073 302 1111 Ι.
337 1073 492 1111 Suarez
531 1071 678 1123 repetit
717 1070 1010 1111 auctoritatem
1039 1084 1065 1110 a
1095 1071 1195 1110 Deo.
1226 1071 1385 1111 Contra
1406 1103 1414 1118 ,
1445 1076 1614 1122 pactum
1653 1071 1811 1110 sociale

218 1138 387 1178 omnino
419 1138 603 1177 eliminat
631 1138 696 1177 ius
727 1137 924 1186 divinum,
955 1144 996 1177 et
1025 1137 1158 1177 solam
1189 1137 1371 1177 hominis
1407 1137 1583 1177 liberam
1614 1139 1812 1178 volunta-

214 1210 297 1241 tem
327 1202 496 1250 inducit,
528 1215 634 1254 quae
665 1202 800 1253 ipsam
828 1201 1119 1242 auctoritatem
1151 1209 1275 1242 creet.

266 1269 319 1307 II.
351 1269 506 1308 Suarez
535 1269 679 1309 statuit
708 1269 1000 1308 auctoritatem
1042 1281 1128 1306 non
1159 1281 1247 1307 esee
1280 1268 1323 1305 ίη
1352 1267 1539 1320 singulis
1569 1268 1658 1307 sive
1692 1272 1804 1307 tota-

213 1333 312 1373 liter
340 1334 426 1374 sive
444 1335 729 1387 partialitem
763 1335 890 1373 immo
921 1347 972 1372 ne
1003 1333 1047 1372 in
1079 1333 1171 1385 ipsa
1201 1333 1373 1386 quidem
1404 1332 1509 1371 radi
1538 1333 1795 1380 collectione,

211 1400 287 1438 sed
318 1412 410 1439 eam
440 1400 645 1440 resultare
685 1399 728 1438 vi
755 1403 940 1439 naturae
978 1412 1027 1438 ex
1056 1397 1362 1436 communitate
1392 1411 1447 1437 UT
1479 1411 1540 1437 sic
1564 1430 1573 1445 ,
1606 1397 1800 1437 nimirum

214 1472 422 1518 quatenus
442 1466 632 1518 praecise
654 1466 838 1505 societas
859 1473 934 1513 est,
956 1478 1033 1504 seu
1056 1470 1202 1504 coetus
1222 1464 1441 1504 hominum
1463 1471 1632 1517 propter
1658 1465 1808 1504 bonum

210 1544 430 1571 commune
451 1532 777 1572 coalescentium
801 1533 876 1584 (1).
900 1532 1058 1571 Contra
1074 1564 1083 1580 ,
1112 1537 1282 1583 pactum·
1312 1530 1470 1571 sociale
1507 1531 1803 1571 auctoritatem

209 1596 392 1648 concipit
422 1604 634 1649 tamquam
657 1609 863 1636 summam
886 1595 1036 1634 iurium
1058 1595 1321 1646 singulorum
1343 1594 1501 1633 civium
1522 1626 1531 1642 ,
1553 1608 1605 1633 ac
1626 1594 1800 1646 proinde

206 1659 319 1700 illam
348 1660 577 1713 partialiter
607 1660 791 1700 attribuit
821 1659 998 1712 singulis
1027 1659 1154 1699 sociis
1185 1659 1424 1711 separatim.

262 1727 336 1765 ΙΙΙ.
368 1728 522 1767 Suarez
551 1727 645 1766 licet
675 1734 852 1774 asserat,
884 1732 1132 1778 potestatem
1161 1738 1187 1764 a
1216 1724 1508 1764 consentiente
1530 1724 1798 1764 multitudine

205 1791 248 1829 in
279 1791 593 1832 determinatam
615 1804 837 1843 personam
854 1790 1081 1839 transferri,
1098 1797 1240 1829 tamen
1257 1789 1408 1828 fatetur
1426 1802 1555 1841 posse
1569 1789 1801 1841 aliquando

203 1858 317 1897 hunc
343 1870 596 1897 consensum
628 1871 721 1897 esse
751 1856 1055 1903 necessarium,
1086 1862 1292 1908 quatenus
1309 1855 1418 1894 iusto
1441 1855 1559 1895 titulo
1585 1855 1639 1895 ab
1661 1855 1803 1907 aliqua

206 1922 481 1962 determinata
496 1934 679 1973 persona
699 1922 891 1973 exigatur
908 1922 983 1973 (2).
1004 1921 1174 1968 Contra,
1190 1923 1370 1973 pactum
1388 1920 1550 1960 sociale
1566 1933 1652 1959 non
1670 1932 1802 1971 agno-

205 1989 285 2028 scit
313 1989 393 2028 nisi
422 1989 595 2028 liberam
624 1987 927 2040 paciscentium
958 1988 1228 2035 voluntatem,
1245 2001 1323 2027 nec
1354 1987 1534 2028 admittit
1561 1987 1687 2026 ullum
1717 1986 1804 2027 titu-

203 2054 302 2101 lum,
334 2053 372 2092 vi
403 2053 522 2092 cuius
550 2052 877 2104 independenter
906 2065 932 2091 a
960 2051 1091 2090 libero
1123 2051 1402 2091 multitudinis
1431 2063 1643 2091 consensu
1680 2063 1802 2090 com-

202 2124 317 2171 petat
345 2119 523 2171 cuipiam
553 2118 617 2156 ius
648 2116 892 2169 imperandi.

258 2186 327 2225 IV.
359 2185 513 2224 Suarez
543 2183 685 2223 statuit
714 2196 954 2234 supremam
984 2187 1249 2235 potestatem,
1279 2180 1406 2222 etiam
1428 2193 1523 2219 cum
1548 2179 1591 2218 in
1612 2179 1794 2219 multitu-

205 2250 300 2290 dine
319 2249 485 2298 residet,
506 2261 591 2287 non
607 2261 693 2288 esse
716 2248 759 2287 in
780 2262 828 2288 ea
850 2247 1176 2288 immutabiliter
1194 2247 1252 2298 (3)
1273 2260 1282 2294 ;
1301 2259 1350 2285 ac
1367 2244 1552 2298 proinde,
1571 2252 1794 2296 postquam

246 2397 296 2438 (1)
323 2407 338 2425 «
363 2398 404 2428 111
427 2395 489 2428 tali
512 2403 602 2435 ergo
627 2393 879 2426 communitate
903 2396 942 2425 ut
967 2393 1028 2430 sic,
1045 2395 1101 2424 est
1118 2392 1208 2424 haec
1223 2393 1390 2432 potestas
1405 2401 1449 2423 ex
1468 2395 1597 2423 natura
1612 2391 1675 2428 rei,
1697 2391 1747 2422 ita
1763 2393 1800 2422 ut

203 2460 273 2484 non
297 2451 342 2483 sit
365 2451 396 2483 in
420 2449 601 2482 hominum
625 2451 809 2490 potestate
833 2448 882 2480 ita
905 2445 1121 2488 congregari
1145 2448 1180 2478 et
1203 2445 1376 2487 impedire
1400 2446 1492 2478 hanc
1515 2447 1749 2487 potestatem.
1771 2456 1788 2474 »

204 2505 258 2536 De
282 2504 363 2545 Legy.
387 2505 408 2537 l.
434 2506 460 2541 5,
484 2514 511 2535 c.
536 2505 564 2541 5,
588 2502 605 2543 ,ξ
630 2503 659 2540 4,
686 2502 836 2534 Iterum:
863 2512 879 2530 «
901 2502 946 2534 Ut
970 2500 1032 2532 illa
1055 2498 1292 2532 communitas
1317 2499 1448 2531 habeat
1472 2498 1703 2540 praedictam
1726 2506 1792 2538 po-

203 2560 399 2593 testatem,
422 2566 491 2589 non
515 2558 571 2588 est
594 2555 803 2587 necessaria
826 2554 994 2596 specialis
1018 2554 1185 2586 voluntas
1209 2552 1400 2590 hominum,
1425 2552 1491 2583 sed
1515 2560 1560 2582 ex
1583 2552 1713 2582 natura
1737 2551 1787 2582 rei

205 2609 438 2651 consequitur
462 2612 496 2641 et
523 2618 568 2640 ex
591 2607 816 2650 1;›rovidentia
838 2605 1011 2639 Auctoris
1036 2608 1193 2638 naturae.
1219 2616 1236 2634 >›
1262 2604 1310 2636 Ih.
1333 2603 1350 2644 ἓ
1374 2604 1402 2635 6.

247 2662 297 2704 (2)
324 2672 339 2690 «
365 2661 579 2701 Contingere
599 2662 725 2702 potest
747 2662 786 2692 ut
810 2658 1019 2700 respublica
1048 2667 1113 2699 per
1142 2657 1277 2689 iustum
1311 2655 1445 2688 bellum
1472 2653 1719 2686 subiiciatur....
1757 2657 1793 2687 et

201 2720 287 2751 tunc
299 2717 380 2759 ipsa
394 2725 556 2748 TENETUP„
572 2723 714 2747 PARERE
726 2717 761 2747 et
777 2722 999 2747 CONSENTIRE
1023 2711 1244 2745 subiectioni.
1260 2723 1276 2741 »
1294 2710 1348 2742 De
1371 2710 1452 2751 Legy.
1469 2711 1495 2742 t.
1513 2710 1542 2747 3,
1559 2719 1586 2741 c.
1600 2710 1629 2740 4.
1646 2709 1793 2752 Iterum3

203 2769 288 2801 «Ab
305 2767 374 2801 alio
390 2765 543 2799 habente
566 2768 788 2806 potestatem
811 2768 846 2797 et
868 2764 1013 2798 titulum
1029 2764 1162 2796 iustum
1177 2764 1302 2804 potest
1327 2760 1560 2802 (multitado)
1596 2761 1662 2794 tali
1692 2764 1796 2803 pote-

203 2825 299 2856 state
325 2820 456 2864 privari
481 2821 516 2851 et
539 2819 570 2851 in
583 2819 737 2860 aliquam
750 2827 944 2860 personam
961 2817 1016 2850 vel
1034 2818 1197 2849 senatum
1211 2814 1435 2848 transferri.»
1461 2814 1546 2856 Des.
1569 2814 1690 2853 Fidei,
1719 2815 1740 2847 l.
1766 2815 1794 2854 3,

206 2878 296 2971 C⁸(23')
313 2877 381 2961 §DZ
398 2926 565 2968 Lessibzcs,
584 2926 603 2958 l.
627 2927 653 2959 3.
672 2936 698 2958 c.
717 2927 746 2965 3,
763 2926 780 2968 ς’
796 2926 823 2957 4.
