1970 3203
195 201 271 241 158
527 212 592 239 ms
622 212 824 239 NATURAE
846 222 866 228 -
889 211 996 237 PARS
1027 210 1052 236 1.
1083 210 1149 237 lus
1180 210 1450 238 mnivaALE

247 289 452 337 Tandem,
483 289 684 341 obligatio
705 287 958 341 procurandi
981 287 1133 327 bonum
1156 287 1371 327 societatis
1401 301 1613 341 nunquam
1644 287 1778 328 extin-

192 356 345 408 guitur.
378 357 466 395 Nec
488 368 600 403 vero,
617 354 715 407 quia
730 354 913 395 societas
934 353 1094 393 muneri
1111 366 1187 393 suo
1204 353 1309 393 forte
1335 353 1458 402 desit;
1477 354 1597 394 nobis
1616 353 1774 394 idcirco

193 428 337 462 nostro
369 422 517 462 deesse
548 421 612 461 fas
635 425 715 461 est:
748 433 830 459 non
854 420 979 467 enim,
1001 419 1097 472 quia
1127 419 1197 458 alii
1217 419 1326 458 male
1351 426 1493 470 agunt,
1513 420 1636 467 nobisv
1666 419 1777 459 male

193 486 347 538 agendi
364 486 410 525 fit
426 491 622 537 potestas.
642 486 831 537 Itemque
847 483 1132 535 suimetipsius
1148 483 1379 523 interfectio
1402 496 1487 523 non
1507 483 1773 532 fortitudinis,

192 552 268 591 sed
293 551 489 603 ignaviae
521 551 754 603 exemplum
785 550 956 603 praebet
978 563 986 597 ;
1019 554 1239 602 propterea
1260 549 1370 589 enim
1392 549 1568 602 eligitur,
1600 555 1644 589 ut
1665 550 1780 589 mala

195 616 318 657 huius
347 617 458 657 vitae
502 616 726 669 fugiantur.
758 617 896 657 Fortis
926 621 1064 655 autem
1104 614 1172 655 ille
1203 622 1290 663 est,
1331 615 1399 668 qui
1429 615 1780 657 tumultuantibus

195 682 415 722 affectibus
433 682 681 730 dominatur,
698 688 738 723 et
753 681 964 722 constanti
985 681 1125 721 animo
1143 682 1254 720 mala
1271 680 1395 721 etiarn
1412 681 1598 733 ingentia
1614 683 1776 731 suffert,

201 759 253 785 ne
283 759 309 784 a
337 745 486 787 virtute
518 746 695 786 deficiat.

819 863 1069 903 ARTlcunus
1099 864 1172 902 ΙΙΙ.

562 970 629 1009 De
661 970 822 1010 iniusta
853 970 1131 1022 aggressione
1163 970 1418 1022 repellenda.

255 1078 317 1117 57.
348 1077 507 1128 Duplex
537 1077 742 1127 quaestio.
767 1077 831 1116 Ex
853 1075 994 1116 officio
1018 1076 1158 1117 tuendi
1179 1076 1306 1115 vitam
1327 1089 1378 1116 ac
1405 1076 1516 1117 bona
1535 1081 1620 1116 tum
1644 1077 1785 1126 animi,

204 1148 288 1179 tum
320 1139 519 1192 corporis,
552 1140 737 1192 sequitur
767 1140 946 1180 facultas
975 1140 1219 1180 removendi
1249 1140 1469 1180 obstacula
1487 1173 1496 1189 ,
1529 1154 1635 1193 quae
1676 1140 1783 1181 forte

203 1212 473 1258 oggeruntur.
494 1205 603 1245 Hinc
624 1206 688 1246 ius
710 1206 845 1247 iustae
876 1206 1143 1247 defensionis.
1165 1208 1216 1245 At
1246 1206 1281 1246 si
1312 1207 1526 1247 materiam
1557 1207 1668 1247 hanc
1686 1207 1789 1256 late,

204 1277 406 1323 quantum
436 1277 560 1324 patet,
593 1272 804 1324 explicare
832 1273 1046 1319 vellemus,
1068 1272 1141 1310 vix
1162 1277 1233 1311 aut
1258 1285 1310 1312 ne
1332 1273 1402 1312 vix
1432 1273 1596 1325 quidem
1618 1273 1781 1324 integer

204 1338 311 1378 liber
337 1338 561 1378 sufficeret.
594 1338 841 1378 Sermonem
862 1339 989 1391 igitur
1010 1338 1063 1377 ad
1084 1338 1163 1377 duo
1185 1344 1344 1378 tantum
1367 1339 1531 1390 potiora
1559 1338 1699 1391 capita
1719 1351 1787 1377 re-

213 1403 467 1456 stringimus,
499 1417 606 1456 quae
637 1403 800 1443 facilius
829 1410 1058 1444 occurrunt
1087 1409 1129 1444 et
1158 1403 1296 1444 minus
1327 1403 1495 1443 dubiam
1525 1403 1792 1456 disceptatio-

206 1481 303 1507 nem
335 1467 613 1519 suppeditant.
645 1468 832 1507 Primum
863 1472 950 1515 est,
981 1481 1036 1507 an
1066 1467 1190 1507 liceat
1220 1467 1303 1506 vim
1332 1467 1372 1505 vi
1402 1467 1629 1519 repellere,
1659 1478 1792 1519 usque

209 1534 262 1572 ad
292 1533 434 1573 iniusti
466 1533 732 1586 aggressoris
762 1533 1105 1574 interfectionem.
1135 1534 1346 1582 Alterum,
1378 1546 1477 1572 num
1518 1546 1591 1585 pro
1630 1533 1794 1572 honore

208 1597 365 1638 tuendo
395 1597 553 1638 licitum
584 1597 638 1637 sit
668 1597 882 1650 singulare
913 1603 1139 1646 certamen,
1171 1597 1280 1649 quod
1310 1597 1490 1636 duellum
1521 1596 1743 1648 appellant.

769 1729 1239 1769 PROPOSITIONES.

262 1860 326 1900 58.
358 1861 614 1901 PRoposxTio
646 1860 701 1899 1³.
733 1860 854 1900 Licet
881 1860 964 1899 vim
997 1859 1039 1898 vi
1066 1859 1284 1911 repellere,
1308 1870 1440 1910 usque
1461 1857 1519 1897 ad
1548 1856 1703 1896 iniusta·
1720 1869 1791 1908 ag]-

205 1927 422 1979 yressoris
453 1940 605 1976 necem,
637 1929 807 1966 seruato
840 1929 981 1965 tamen
1011 1924 1303 1964 moderamine
1334 1924 1579 1976 inculpatae
1620 1922 1789 1962 tutelae.

264 1993 387 2032 Prob.
420 1993 605 2033 Iniustus
634 2005 864 2045 aggressor
893 1992 928 2031 is
959 1990 1118 2039 dicitur,
1151 1990 1218 2042 qui
1248 1989 1522 2042 aggrediendi
1542 1989 1607 2028 ius
1629 1988 1789 2027 nullum

211 2057 350 2097 habet.
381 2058 497 2097 Talis
527 2071 610 2097 non
643 2063 726 2106 est,
758 2056 825 2109 qui
854 2055 1172 2109 aggressionem
1205 2059 1374 2094 exercet
1404 2053 1573 2094 nomine
1602 2052 1794 2105 publicae

211 2121 445 2174 potestatis,
476 2121 542 2161 cui
572 2121 769 2161 resistere
785 2133 871 2160 non
888 2119 985 2159 licet
1001 2118 1163 2172 privato
1179 2117 1349 2158 homini.
1369 2118 1426 2158 Ut
1441 2122 1581 2157 autem
1598 2120 1791 2155 servetur

212 2188 481 2228 moderamen
495 2188 742 2240 inculpatae
758 2187 929 2234 tutelae,
941 2185 1023 2224 hae
1041 2183 1303 2224 conditiones
1318 2182 1595 2235 requiruntur:
1609 2183 1639 2220 I.
1658 2181 1714 2220 Ut
1731 2180 1797 2219 vis

214 2255 257 2293 in
277 2260 374 2294 actu
394 2252 683 2306 aggressionis
704 2257 948 2304 opponatur,
971 2263 1049 2290 nec
1067 2254 1259 2302 suppetat
1279 2248 1386 2288 alius
1408 2248 1556 2288 modus
1573 2246 1792 2287 evadendi.

215 2319 266 2356 II.
286 2319 342 2357 Ut
358 2316 596 2370 aggressori
617 2330 701 2356 non
722 2317 814 2368 plus
839 2315 977 2354 damni
995 2314 1207 2360 inferatur,
1226 2325 1348 2365 quam
1367 2324 1544 2352 necesse
1563 2310 1615 2350 sit
1634 2310 1687 2349 ad
1705 2309 1795 2348 eius

214 2385 532 2437 aggressionem
558 2383 840 2422 frustrandam
862 2382 1025 2421 effectu.
1047 2381 1120 2419 III.
1143 2380 1201 2420 Ut
1222 2379 1329 2419 inter
1350 2378 1445 2426 vim,
1469 2390 1575 2430 quae
1610 2388 1793 2429 aggres-

215 2448 301 2487 sori
329 2447 515 2496 infertur,
537 2454 577 2488 et
596 2447 765 2494 bonum,
789 2446 897 2498 quod
917 2458 989 2497 per
1011 2456 1105 2483 eam
1128 2442 1371 2490 defenditur,
1394 2441 1448 2482 sit
1475 2438 1699 2492 proportio.
1727 2438 1799 2493 IV.

217 2515 273 2553 Ut
303 2526 354 2552 ea
383 2513 446 2551 vis
468 2526 552 2552 non
573 2512 805 2552 ulciscendi
825 2510 966 2550 animo
987 2509 1199 2557 inferatur,
1221 2508 1296 2547 sed
1314 2507 1506 2560 propriae
1539 2509 1700 2546 tantum
1722 2503 1802 2542 de-

217 2575 419 2616 fensionis
436 2576 585 2627 gratia.
610 2575 687 2614 His
704 2574 941 2627 praeiaotis,
959 2572 1186 2626 propositio
1205 2572 1327 2611 facile
1350 2572 1673 2611 demonstratur.
1691 2568 1799 2607 Nam

218 2641 287 2694 qui
307 2655 333 2680 a
353 2647 504 2680 natura
524 2642 588 2681 ius
609 2641 734 2680 habet
756 2639 996 2693 possidendi
1013 2638 1181 2691 aliquid,
1199 2637 1325 2677 habet
1341 2637 1464 2677 etiam
1483 2635 1547 2674 ius
1564 2631 1791 2686 repellendi

220 2721 291 2759 per
307 2707 390 2745 vim
412 2707 638 2755 contraria,
656 2720 762 2759 quae
784 2704 1045 2759 possessioni
1066 2704 1122 2743 illi
1141 2708 1417 2756 opponuntur.
1435 2702 1506 2740 Ius
1525 2699 1650 2748 enim,
1673 2704 1717 2737 ut
1747 2697 1802 2736 di-

220 2773 370 2820 ximus,
392 2778 544 2811 natura
565 2786 642 2811 sua
663 2772 901 2812 coactivum
923 2777 997 2811 est.
1020 2772 1123 2810 Cum
1144 2782 1244 2820 ergo
1267 2769 1391 2807 homo
1408 2780 1433 2805 a
1455 2772 1606 2806 natura
1636 2765 1702 2804 ius
1722 2764 1803 2802 ha-

222 2840 318 2879 beat
348 2838 627 2879 conservandi
659 2838 786 2877 vitam
817 2851 868 2877 ac
889 2837 1048 2889 reliqua
1068 2836 1190 2883 bona,
1213 2833 1302 2873 sive
1332 2831 1460 2872 animi
1483 2831 1575 2871 sive
1598 2829 1800 2883 corporis:

226 2919 489 2959 consequens
520 2910 583 2945 est
611 2909 655 2944 ut
683 2906 748 2944 ius
775 2903 929 2944 habeat
953 2899 1221 2955 propulsandi
1253 2899 1293 2939 vi
1328 2897 1661 2952 aggressionem,
1693 2907 1801 2950 quae
