1970 3203
194 218 248 259 38
417 230 746 258 ETHlGA-CAPUT
775 230 800 255 1.
830 229 883 256 DE
913 229 1008 256 FINE
1037 228 1320 277 opeaArloisJis
1349 229 1559 256 HUMANAE

194 308 412 360 quiruntur
443 308 495 347 ad
525 307 639 347 illam
679 306 1007 355 beatitudinem,
1039 319 1134 346 cum
1169 306 1413 347 ordinentur
1444 308 1497 346 ad
1529 307 1655 347 vitam
1687 307 1780 347 ani-

198 373 363 412 malem.
395 373 446 413 Et
475 372 571 425 quia
595 372 637 411 in
665 371 747 410 hac
776 370 864 410 vita
892 370 1030 424 magis
1059 370 1222 411 accedit
1250 370 1303 410 ad
1326 370 1637 410 similitudinem
1667 371 1778 411 illius

200 438 411 492 perfectae
441 437 708 479 beatitudinis
738 436 917 478 felicitas
948 437 1273 489 contemplativa
1308 449 1431 489 quam
1462 436 1614 486 activa,
1639 442 1780 490 utpote

201 505 327 546 etiam
353 506 441 545 Deo
473 503 657 553 similior,
688 509 732 543 ut
760 516 813 543 ex
850 503 971 543 dictis
998 508 1134 556 patet3
1164 503 1256 542 ideo
1286 503 1425 541 minus
1454 502 1611 555 indiget
1640 503 1780 542 huius-

203 571 312 611 modi
343 570 465 610 bonis
495 569 708 622 corporeis
738 570 811 621 (1).
835 584 855 607 »

259 633 389 673 Obz'z'c.
426 633 498 672 III.
530 632 728 673 Felicitas
757 639 912 673 metum
951 633 1194 673 amissionis
1224 647 1250 673 a
1279 647 1324 673 se
1362 634 1555 674 excludit.
1586 634 1712 687 Atqui
1742 634 1783 674 id

203 702 343 740 locum
379 712 462 740 non
492 699 620 741 habet
649 699 691 739 in
734 700 816 739 hac
846 699 943 740 vita.
974 700 1086 752 Ergo
1116 700 1232 739 nulla
1269 700 1447 740 felicitas
1476 715 1549 753 pro
1586 702 1668 741 hac
1699 702 1785 742 vita

204 766 363 807 homini
393 766 585 819 suppetit.

257 832 307 871 R.
337 831 450 871 Dist.
495 834 634 871 antec:
675 831 874 871 Felicitas
904 830 1090 883 perfecta
1118 835 1159 870 et
1196 831 1321 882 plena
1351 836 1507 870 metum
1542 831 1784 871 amissionis

204 911 232 937 a
260 910 306 936 se
335 891 530 944 excludit,
561 896 754 944 concedo,
785 895 961 935 felicitas
992 894 1249 947 imperfecta,
1278 908 1396 947 negyo.

262 962 339 1003 Dei
369 963 565 1014 cognitio,
596 975 703 1015 quae
733 962 786 1000 ad
814 962 980 1013 plenam
1010 961 1174 1001 futurae
1195 960 1306 1001 vitae
1336 961 1573 1002 felicitatem
1595 963 1784 1015 pertinet,

205 1028 419 1068 hominem
448 1041 474 1066 a
504 1027 642 1067 divino
673 1039 816 1066 amore
846 1025 1043 1066 recedere
1073 1025 1242 1069 minime
1269 1025 1379 1065 sinit.
1412 1027 1504 1066 Non
1533 1025 1592 1066 ita
1614 1026 1690 1066 Dei
1722 1040 1788 1067 co-

207 1093 340 1146 gnitio
361 1126 371 1142 ,
401 1106 508 1145 quae
538 1092 660 1132 modo
699 1091 875 1131 habetur
905 1096 944 1130 et
973 1103 1080 1142 quae
1112 1089 1232 1129 nobis
1261 1091 1394 1130 Deum
1425 1096 1712 1141 repraesentat
1743 1097 1785 1130 ut

207 1156 432 1197 terminum
462 1156 632 1205 ordinis,
653 1156 695 1194 in
716 1168 795 1208 quo
816 1155 1098 1206 nosmetipsos
1121 1154 1263 1194 liberis
1283 1154 1446 1194 actibus
1467 1155 1789 1194 constituamus.

210 1222 318 1260 Nam
350 1220 589 1272 cognitione
618 1220 700 1268 illa,
730 1219 894 1259 futurae
924 1218 1035 1258 vitae
1066 1218 1303 1258 felicitatem
1334 1218 1609 1258 constituente
1630 1253 1641 1267 ,
1674 1220 1790 1259 Deus

209 1284 402 1324 distincte
432 1290 472 1323 et
501 1285 613 1323 clare
642 1282 1023 1336 repraesentabitur
1054 1296 1132 1322 ceu
1161 1282 1255 1323 fons
1284 1283 1410 1322 totius
1439 1282 1549 1331 boni,
1578 1285 1688 1335 quod
1719 1297 1787 1324 no-

206 1350 272 1390 bis
302 1350 522 1402 provenire
550 1356 698 1403 potest,
727 1350 785 1390 ita
814 1354 859 1389 ut
893 1349 1055 1388 bonitas
1086 1349 1234 1398 omnis,
1273 1362 1379 1402 quae
1409 1350 1450 1389 in
1481 1350 1570 1402 ipso
1602 1350 1788 1403 perfecta

207 1413 425 1466 reperitur,
442 1420 563 1454 extra
578 1414 715 1466 ipsum
733 1414 901 1454 nonnisi
923 1413 1152 1453 defectibus
1173 1413 1361 1454 admixta
1382 1422 1421 1454 et
1442 1414 1665 1454 terminata
1686 1429 1790 1455 con-

209 1479 424 1533 spiciatur.
457 1481 608 1528 Quare,
639 1493 733 1519 cum
764 1480 956 1519 voluntas
985 1480 1138 1519 nonnis
1169 1493 1194 1519 a
1222 1480 1331 1520 bono
1362 1480 1476 1519 allici
1506 1480 1649 1532 possit,
1670 1480 1791 1534 idque

209 1546 359 1587 melius
386 1547 430 1586 in
460 1548 560 1595 Deo,
591 1560 714 1599 quam
744 1547 786 1585 in
817 1546 1000 1599 quolibet
1028 1546 1109 1586 alio
1140 1547 1315 1595 obiecto,
1346 1546 1522 1586 inveniri
1553 1548 1790 1600 perspiciat;

207 1610 468 1662 impossibile
508 1618 571 1650 est
599 1617 644 1650 ut
672 1624 698 1650 a
728 1612 815 1651 Deo
846 1624 893 1650 se
922 1617 1116 1658 avertat,
1145 1616 1312 1662 propter
1341 1610 1512 1650 alterius
1543 1611 1640 1651 boni
1670 1625 1792 1651 amo-

209 1689 312 1716 rem.
342 1677 397 1715 At
434 1683 582 1716 contra
612 1678 725 1716 Deus
746 1709 755 1724 ,
795 1676 1006 1728 praesenti
1037 1682 1206 1715 nostrae
1236 1676 1465 1727 cognitioni
1499 1679 1786 1730 respondens,

211 1745 334 1793 prout
377 1740 580 1779 terminus
615 1747 679 1780 est
707 1740 866 1780 ordinis
904 1739 1075 1779 moralis
1105 1740 1415 1789 conservandi,
1448 1741 1568 1781 nobis
1599 1742 1793 1782 obiicitur

209 1811 424 1859 tamquam
453 1806 609 1858 aliquid
638 1806 857 1859 adeptione
887 1807 1079 1856 arduum,
1111 1808 1220 1860 quod
1250 1807 1442 1848 nimirum
1475 1809 1622 1862 attingi
1653 1823 1678 1848 a
1709 1807 1790 1849 no-

210 1869 275 1910 bis
304 1876 495 1922 nequeat,
526 1871 623 1924 quin
654 1872 735 1910 vim
763 1870 1032 1923 passionibus
1061 1871 1303 1920 inferamus,
1337 1877 1377 1911 et
1406 1885 1489 1911 non
1525 1887 1661 1925 pauca
1682 1873 1792 1913 bona

211 1937 456 1976 abdicemus
479 1969 488 1984 ,
527 1951 632 1989 quae
671 1938 712 1976 in
742 1937 950 1989 praesenti
992 1950 1069 1977 nos
1100 1938 1370 1978 vehementer
1407 1939 1607 1981 alliciunt.
1648 1941 1788 1987 Quare

211 2002 407 2041 voluntas
437 2007 558 2041 extra
587 2002 774 2043 ordinem
810 2002 1012 2041 moralem
1043 2007 1083 2041 et
1113 2008 1233 2041 extra
1263 2003 1396 2042 Deum
1427 2002 1487 2042 sic
1512 2010 1788 2057 perspectum,

212 2066 334 2118 plura
363 2064 474 2104 bona
511 2066 688 2118 reperit,
719 2065 868 2119 quibus
898 2065 1115 2106 sollicitari
1151 2079 1196 2106 se
1225 2067 1490 2119 persentiscit
1524 2073 1564 2107 et
1594 2082 1619 2107 a
1649 2068 1788 2108 divino

212 2145 356 2172 amore
385 2133 586 2173 abstrahi.
618 2137 755 2186 Atque
783 2133 823 2171 id
852 2132 989 2184 ipsum
1024 2132 1334 2184 sapientissime
1364 2147 1389 2172 a
1419 2147 1580 2173 summo
1612 2135 1792 2175 Rectore

214 2197 450 2237 ordinatum
481 2204 555 2246 est,
585 2203 627 2237 ut
656 2196 819 2249 adeptio
850 2196 1057 2236 felicitatis
1094 2195 1264 2236 ultimae
1294 2203 1333 2237 et
1363 2197 1644 2249 sempiternae
1674 2212 1793 2250 prae-

218 2264 348 2304 mium
378 2266 430 2304 sit
459 2264 621 2303 virtutis
651 2270 691 2303 et
720 2264 771 2303 ab
801 2262 970 2302 homine
999 2263 1177 2315 propriis
1207 2263 1295 2303 suis
1328 2263 1562 2303 actionibus
1592 2265 1788 2316 quodam-

205 2329 328 2369 modo
360 2330 608 2379 elaboretur;
641 2328 993 2381 quemadmodum
1024 2333 1174 2366 natura
1214 2327 1322 2368 entis
1352 2327 1468 2368 liberi
1504 2334 1543 2367 et
1571 2327 1789 2368 rationalis

212 2395 403 2445 exquirit.

262 2527 312 2568 (1)
337 2528 490 2559 Summa
516 2527 553 2559 th
577 2528 617 2559 1,·
642 2527 696 2559 2⁸¹0
713 2535 743 2566 q.
768 2525 834 2562 IV,v
850 2525 912 2555 art.
939 2523 965 2554 7.
