1970 3203
585 191 722 220 CAPUT
751 191 786 217 11.
818 193 870 219 DE
900 193 1128 221 SOCIETATE
1157 194 1274 220 C1V1L1
1637 183 1714 222 255

145 267 334 307 ordinem
363 266 500 318 quoad
529 273 693 306 mutuas
723 268 947 309 relationes
976 269 1249 321 singulorum,
1271 271 1571 312 multitudinem
1592 285 1710 313 com—

147 331 397 384 ponentium.
427 331 492 370 Ad
526 331 634 383 quod
655 331 719 371 ius
738 333 814 373 rite
834 335 1113 373 exercendum
1134 336 1351 388 requiritur
1371 349 1473 377 sane
1494 338 1710 389 prudentia

145 404 184 437 et
214 395 369 436 virtus:
400 397 474 436 sed
501 397 613 436 aliud
642 404 706 437 est
735 399 917 439 conditio
946 400 1146 451 requisita
1174 402 1227 441 ad
1256 408 1583 443 consentaneum
1603 404 1707 445 iuris

141 461 386 502 exercitium
404 476 413 511 ;
444 462 557 502 aliud
577 469 641 502 est
659 463 811 513 titulus,
834 478 887 505 ex
909 478 988 517 quo
1008 466 1071 504 ius
1094 467 1229 518 ipsum
1248 474 1446 520 emergat.
1469 470 1706 519 Praeterea,

138 527 173 568 si
203 540 304 567 vera
334 538 445 567 esset
474 528 638 567 illorum
668 529 805 580 opinio
827 563 835 579 ,
866 530 1090 571 indicanda
1119 540 1230 572 esset
1273 533 1515 581 academia,
1555 534 1597 573 in
1626 548 1709 587 qua

136 590 259 630 huius
288 590 517 642 sapientiae
546 592 714 631 laureae
736 592 1059 643 distribuantur;
1080 602 1122 634 et
1141 594 1418 634 definiendum
1448 602 1559 636 esset
1580 597 1709 638 crite-

139 657 256 704 rium,
277 669 357 708 quo
380 657 610 698 certissime
630 664 670 698 et
691 658 782 697 sine
799 671 939 698 errore
956 659 1216 711 optimismus
1231 660 1298 700 ille
1317 674 1342 700 a
1359 664 1508 714 populo
1527 662 1709 704 discerni

139 728 291 774 posset.
325 724 458 763 Secus
478 756 487 772 ,
518 723 745 775 periculum
776 724 864 771 erit,
895 737 946 764 ne
978 726 1150 777 populus
1182 728 1557 778 (quemadmodum
1587 743 1714 783 saepe

147 789 365 841 contingit)
400 789 542 829 fraude
572 795 644 829 aut
671 789 850 842 pecunia
879 796 1054 841 captus,
1084 803 1167 830 non
1197 791 1453 843 sapientibus
1483 794 1557 833 sed
1587 795 1717 835 nebu-

143 852 318 901 lonibus,
347 866 430 893 non
462 852 601 905 probis
631 853 705 893 sed
733 853 873 905 pravis
903 854 1150 906 suffragium
1180 854 1343 894 tribuat.

753 982 999 1022 ARTioULus
1029 983 1099 1022 VI.

354 1112 420 1152 De
450 1111 816 1151 Scholasticoram
845 1112 1054 1151 sententia
1084 1114 1229 1165 quoad
1255 1114 1485 1154 subiectam

563 1189 789 1229 supremae
812 1179 1032 1230 potestatis
1059 1180 1274 1231 politicae.

190 1308 252 1348 59.
282 1307 380 1347 Eius
407 1305 643 1358 explicatio.
674 1304 879 1351 Quoniam
909 1307 1094 1345 nonnulli
1125 1320 1345 1359 perperam
1382 1310 1621 1363 intelligunt
1654 1310 1723 1349 do-

140 1370 316 1409 ctrinam
344 1376 530 1409 veterum
559 1368 862 1420 theologorum,
880 1369 1015 1421 quoad
1036 1369 1268 1411 subiectum
1304 1373 1568 1414 auctoritatis
1593 1388 1618 1414 a
1648 1388 1718 1415 na-

139 1442 232 1474 tura
266 1432 455 1485 primitus
492 1432 724 1472 institutum
746 1464 755 1480 ‚
786 1446 961 1485 eamque
997 1447 1090 1472 cum
1114 1439 1243 1487 pacto
1281 1437 1436 1476 sociale·
1464 1439 1716 1478 Rousseavii

139 1499 420 1548 confundunt,
453 1499 550 1539 utile
580 1498 656 1538 erit
685 1498 734 1538 de
763 1498 843 1538 hac
872 1512 916 1538 re
946 1499 1099 1552 aliquid
1128 1501 1313 1543 innuere.

193 1564 337 1615 Itaque
366 1561 571 1602 theoriam
592 1561 863 1610 auctoritatis,
884 1562 970 1602 sere
991 1563 1063 1602 toti
1085 1564 1265 1605 Scholae
1286 1579 1562 1616 communem,
1585 1581 1719 1620 expo—

139 1628 221 1667 suit
251 1627 404 1665 Suarez
433 1632 518 1665 tum
546 1625 589 1664 in
618 1626 881 1677 Defensione
909 1627 1035 1667 Fidei
1066 1630 1299 1670 catholicae
1320 1632 1528 1672 adversus
1560 1634 1722 1686 Regem

137 1692 328 1744 Angliae‚
359 1698 445 1730 tum
474 1691 517 1730 in
547 1698 742 1740 tractatu,
772 1705 893 1744 quem
923 1693 974 1732 cle
1000 1694 1184 1746 Legibus
1204 1696 1430 1749 inscripsit.
1452 1699 1515 1736 En
1536 1699 1718 1739 breviter

139 1758 229 1798 eius
259 1770 434 1797 summa:
464 1756 530 1796 Ad
561 1756 855 1809 perfectionem
875 1758 1033 1798 homini
1053 1769 1353 1812 congruentem
1371 1776 1454 1803 non
1476 1764 1630 1803 sufficit
1651 1763 1719 1804 fa-

140 1822 267 1872 milia,
284 1823 358 1862 sed
377 1822 596 1875 requiritur
616 1822 790 1862 ulterius
811 1825 1089 1865 communitas
1106 1827 1285 1877 politica,
1306 1841 1411 1879 quae
1432 1830 1583 1868 saltem
1606 1829 1714 1868 civi-

137 1895 265 1929 tatem
295 1889 534 1929 constituat.
566 1888 704 1935 Quare
734 1889 857 1928 homo
889 1897 951 1929 est
998 1891 1175 1931 civiliter
1222 1893 1392 1933 socialis
1432 1894 1471 1932 vi
1522 1901 1711 1935 naturae.

139 1954 196 1993 Ut
224 1953 330 1993 haec
362 1952 542 1992 societas
563 1952 707 1992 ordine
723 1952 898 1993 donetur
919 1962 959 1992 et
979 1955 1135 1995 unitate
1156 1958 1354 2008 operandi
1376 1971 1448 2009 pro
1471 1958 1578 1998 bono
1601 1972 1709 1998 com·

140 2018 252 2057 muni
283 2018 368 2070 (cui
398 2030 633 2070 repugnare
663 2026 836 2069 possunt
870 2020 1009 2060 studia
1037 2021 1344 2075 singulorum),
1376 2024 1619 2064 necessaria
1651 2032 1715 2064 est

143 2089 328 2135 potestas
356 2096 432 2122 seu
459 2083 525 2122 ius
555 2096 794 2134 supremum
824 2085 995 2135 regendi
1024 2087 1335 2138 rempublicam.
1356 2091 1486 2130 Porro
1509 2089 1713 2129 eiusmodi

143 2155 328 2201 potestas
356 2162 429 2201 per
458 2161 504 2188 se
547 2148 837 2197 considerata,
869 2150 1151 2192 abstrahendo
1182 2153 1234 2193 ab
1264 2154 1346 2194 hac
1376 2155 1441 2194 vel
1478 2154 1548 2193 illa
1581 2154 1717 2194 forma

142 2214 369 2266 regiminis,
399 2226 483 2254 non
511 2214 697 2266 procedit
723 2215 802 2254 nisi
831 2228 856 2254 a
887 2216 974 2256 Deo
994 2216 1244 2266 immediate,
1267 2227 1309 2258 ut
1329 2227 1501 2260 auctore
1524 2226 1716 2268 naturae,

142 2286 182 2318 et
210 2280 322 2318 nullo
351 2279 473 2318 modo
504 2284 568 2319 est
587 2279 630 2318 in
648 2279 883 2327 individuis,
905 2293 978 2332 per
998 2295 1043 2321 se
1064 2284 1276 2334 spectatis,
1298 2284 1386 2324 sive
1410 2286 1601 2324 totaliter
1621 2284 1716 2325 sive

135 2344 403 2398 partialiter.
434 2344 710 2384 Nihilominus
738 2345 843 2385 haec
872 2354 1059 2398 potestas
1097 2349 1227 2400 primo
1258 2357 1297 2389 et
1327 2363 1398 2402 per
1437 2363 1481 2390 se
1513 2357 1718 2391 concreta

142 2410 325 2451 redditur
353 2411 394 2450 in
424 2411 516 2462 ipsa
544 2411 864 2460 communitate;
895 2420 1098 2465 quatenus
1115 2447 1124 2461 ,
1146 2415 1361 2467 supposita
1384 2417 1717 2468 congregatione

142 2474 355 2513 hominum
386 2478 551 2525 propter
579 2474 704 2513 finem
726 2474 935 2525 politicum
956 2476 1236 2526 obtinendum,
1259 2492 1331 2530 per
1351 2492 1395 2518 se
1412 2480 1587 2519 resultat
1608 2486 1716 2520 tam-

141 2551 264 2590 quam
294 2536 523 2589 proprietas
551 2537 752 2576 naturalis
781 2538 822 2576 in
843 2552 1017 2591 corpore
1037 2541 1106 2580 illo
1129 2542 1276 2581 morali
1296 2542 1361 2582 ius
1382 2543 1601 2583 ordinandi
1623 2544 1714 2584 sin-

141 2602 287 2653 gulos,
316 2602 432 2641 iuxta
461 2602 713 2654 exigentiam
743 2602 839 2642 boni
870 2606 1115 2645 communis.
1149 2607 1339 2647 Societas
1369 2622 1480 2657 vero,
1511 2622 1585 2649 seu
1607 2610 1715 2649 mul—

141 2666 270 2706 titudo
309 2667 370 2707 sic
410 2673 668 2720 congregata
691 2700 701 2715 ,
730 2675 867 2720 potest
906 2671 1152 2711 auctoritate
1189 2672 1260 2712 illa
1292 2686 1337 2714 se
1367 2674 1590 2723 abdicare,
1621 2689 1714 2715 eam

145 2731 432 2772 transferendo
448 2733 490 2773 in
506 2747 632 2773 unam
649 2747 871 2786 personam
887 2742 957 2775 aut
974 2749 1100 2775 unum
1114 2737 1429 2780 determinatum
1454 2747 1632 2790 coetum;
1645 2747 1716 2780 aut

148 2795 273 2835 etiam
301 2803 437 2848 potest
466 2805 631 2852 propter
649 2799 802 2840 iustum
823 2800 983 2840 titulum
1015 2814 1065 2841 ea
1094 2803 1261 2855 spoliari
1289 2818 1340 2845 ac
1361 2805 1403 2845 in
1434 2806 1627 2845 ditionem
1648 2820 1716 2858 po-

151 2857 275 2898 tentis
305 2859 480 2901 alicuius
508 2862 650 2915 redigi.
672 2863 811 2909 Quare
833 2878 975 2913 causa,
997 2879 1102 2917 quae
1124 2866 1396 2909 determinato
1430 2869 1616 2909 subiecto
1637 2884 1714 2910 au-
