1970 3203
558 196 1352 296 PRAEFATIO

823 415 1099 423 ——ae-——.

230 1009 427 1054 Duobus
465 1008 704 1054 ordinibus
744 1014 838 1052 tota
869 1008 959 1052 vita
1001 1006 1233 1059 hominis,
1279 1008 1411 1063 prout
1452 1003 1594 1047 homo
1638 1005 1742 1053 est,

174 1094 425 1139 continetur
458 1099 499 1138 et
531 1094 664 1151 viget;
700 1106 903 1150 quorum
937 1091 1130 1138 alterum
1163 1089 1481 1148 perspicientia
1513 1087 1634 1140 veri,
1679 1085 1743 1129 al-

173 1180 324 1219 terum
357 1174 569 1233 appetitio
603 1174 712 1218 boni
744 1172 1015 1230 suppeditat.
1050 1172 1123 1215 Illa
1155 1171 1199 1214 in
1233 1170 1333 1214 sola
1365 1182 1519 1214 rerum
1538 1172 1741 1212 contem-

175 1256 370 1314 platione
403 1257 531 1310 sistit,
566 1256 680 1302 haec
711 1256 772 1300 ad
805 1255 1123 1314 operationem
1156 1267 1208 1298 se
1242 1252 1429 1311 porrigit
1448 1264 1457 1304 ;
1492 1251 1560 1295 illa
1593 1250 1742 1294 scien-

172 1339 260 1382 tiae
304 1338 546 1397 adeptione
594 1343 805 1383 contenta
839 1343 939 1389 est,
988 1336 1104 1381 haec
1154 1334 1215 1379 ad
1247 1333 1421 1377 virtutis
1477 1331 1743 1376 exercitium

173 1418 359 1475 aspirat.

232 1498 349 1542 Hinc
381 1498 502 1542 duae
533 1498 851 1556 philosophiae
883 1503 989 1542 sunt
1022 1502 1191 1554 partes:
1224 1496 1521 1554 speculativa
1554 1500 1594 1538 et
1622 1507 1740 1551 pra-

173 1582 320 1635 ctica,
354 1586 490 1638 prout
522 1595 577 1626 ea
610 1581 796 1624 scientia
836 1580 1100 1624 alterutrum
1132 1578 1273 1621 finem
1306 1578 1392 1621 sihi
1423 1576 1631 1634 praefigit
1654 1611 1668 1625 ‚
1701 1581 1743 1618 et

172 1662 242 1707 vel
259 1662 527 1707 intellectum
549 1662 619 1706 vel
641 1662 919 1706 voluntatem
942 1660 1269 1719 perficiendam
1293 1659 1502 1703 assumit.
1519 1659 1589 1701 En
1612 1657 1740 1701 obie-

172 1754 294 1792 ctum
327 1754 368 1793 et
399 1748 591 1793 materia
611 1748 767 1793 tertiae
789 1748 928 1805 partis
951 1747 1287 1791 Institutionum
1308 1751 1591 1799 nostrarum,
1617 1757 1738 1801 quae

173 1830 261 1874 hoc
294 1830 524 1874 volumine
556 1830 855 1873 continentur.
891 1829 1007 1873 Cum
1041 1829 1160 1872 enim
1193 1827 1510 1886 superioribus
1536 1826 1739 1882 Logicae

174 1918 216 1958 et
246 1913 588 1972 Metaphysicae
619 1913 742 1957 libris
778 1913 822 1956 in
855 1911 1233 1969 contemplatione
1265 1910 1433 1954 versati
1465 1910 1626 1961 simus,
1661 1921 1741 1951 ne-

172 2008 308 2041 cesse
343 2001 411 2040 est
442 2001 490 2040 ut
521 2009 606 2054 pro
639 1994 958 2054 philosophiae
991 1993 1325 2051 complemento
1360 1993 1420 2037 ad
1437 1991 1619 2050 praxim
1652 2003 1739 2034 nos

171 2084 511 2132 convertamus,
524 2078 796 2136 inquirendo
819 2077 944 2135 leges
963 2077 1131 2135 quibus
1148 2076 1289 2121 libera
1299 2075 1499 2120 hominis
1518 2073 1737 2133 operatio,

173 2163 221 2203 ut
253 2159 376 2202 bono
409 2158 670 2211 adhaereat,
703 2163 995 2215 temperatur.
1029 2159 1082 2202 Et
1116 2158 1336 2215 quoniam
1369 2157 1457 2202 sub
1490 2157 1576 2200 hac
1603 2155 1737 2198 etiam

175 2243 546 2289 consideratione
581 2243 752 2301 duplex
783 2243 938 2288 relatio
972 2258 1061 2288 nos
1095 2244 1242 2295 afficit,
1269 2249 1496 2301 quatenus
1524 2241 1738 2284 nimirum

174 2343 280 2372 cum
296 2328 471 2372 mundo
490 2328 713 2373 nectimur
730 2329 800 2373 vel
817 2329 1004 2387 physico
1024 2329 1094 2373 vel
1111 2330 1328 2382 humano;
1348 2329 1517 2372 idcirco
1536 2326 1743 2384 sequitur

176 2416 222 2455 ut
255 2412 412 2468 quoad
445 2416 691 2469 utrumque
737 2417 1000 2470 respectum
1032 2412 1148 2456 actio
1182 2417 1342 2456 nostra
1389 2410 1738 2462 consideretur,

175 2507 342 2551 nempe
373 2497 509 2550 prout
541 2493 610 2537 vel
643 2494 784 2538 rebus
821 2495 999 2548 utimur,
1032 2494 1102 2539 vel
1125 2508 1230 2539 cum
1254 2494 1351 2537 aliis
1373 2492 1636 2536 hominibus
1660 2505 1739 2536 so-

176 2578 334 2623 cietate
368 2578 705 2636 coniungimur.

173 2689 175 2691 ·
238 2660 310 2714 At,
331 2660 427 2705 sive
449 2675 591 2705 unam
609 2662 707 2706 sive
718 2662 913 2720 *alteram
929 2663 1193 2707 relationem
1211 2668 1488 2721 spectemus,
1507 2676 1744 2719 nunquam

174 2740 388 2796 cogitatio
422 2742 664 2786 avocanda
706 2748 775 2786 est
806 2756 834 2785 a
864 2744 978 2797 Deo;
1013 2757 1041 2787 a
1073 2758 1180 2801 quo,
1213 2749 1451 2800 tamquam
1473 2757 1501 2786 a
1523 2756 1742 2800 supremo

178 2820 401 2879 Principe,
421 2822 654 2868 dimanant
674 2824 802 2882 leges
822 2839 999 2880 omnes,
1023 2826 1191 2883 quibus
1213 2826 1417 2870 humana
1439 2826 1609 2883 regitur
1632 2839 1742 2884 ope-

777 3030 916 3113 'sut
952 3051 1031 3115 16
1069 3059 1182 3127 1981
