1970 3203
578 226 714 253 CAPUT
745 225 780 251 11.
813 224 865 251 DE
895 223 1127 251 SOClETATE
1156 221 1275 248 CIVlLl
1637 206 1714 245 247

147 304 358 345 hominem
388 302 572 341 inclinat.
603 302 722 348 Nam,
754 313 847 340 cum
878 300 1003 339 horno
1033 306 1185 337 natura
1214 310 1292 336 sua
1320 295 1373 336 sit
1401 294 1632 342 rationalis;
1661 292 1713 332 li-

149 372 288 411 bertas
311 367 496 408 hominis
523 367 694 420 propria
722 379 772 406 ea
801 373 876 413 est,
897 377 1001 417 quae
1031 364 1234 402 rationem
1263 374 1336 414 pro
1367 361 1471 401 duce
1503 360 1630 400 habet
1659 371 1710 398 ac

147 446 295 474 norma
328 431 539 484 operandi.
569 431 692 483 Atqui
722 443 795 482 per
825 428 1122 468 subiectionem
1157 427 1322 465 civilem
1359 425 1484 464 homo
1523 422 1712 463 subditur

146 499 240 551 legi,
271 511 377 550 quae
407 497 614 537 ordinatio
633 495 808 537 rationis
829 502 902 534 est.
927 494 1036 545 Ergo
1057 493 1182 532 homo
1204 490 1461 531 subiectione
1482 489 1591 529 civili
1615 501 1707 527 con-

148 562 344 602 ditionem
374 561 570 613 sequitur,
591 573 696 612 quae
725 559 916 612 propriae
937 566 1113 596 naturae
1135 556 1368 608 respondet.
1391 555 1501 605 Ergo
1522 551 1706 599 libertas,

151 638 257 678 quae
277 624 496 676 opponitur
516 623 762 664 subiectioni
801 622 922 670 civili,
943 622 1063 661 iuxta
1084 626 1276 658 naturam
1300 617 1502 664 hominis,
1524 627 1607 654 non
1648 620 1712 654 est

149 691 428 731 inalienabilis
451 691 524 730 sed
545 696 702 730 contra.

200 757 323 796 Prob.
356 757 406 795 II.
440 769 492 796 ex
520 755 798 808 repugnantia
827 755 930 806 ipsa,
962 766 1084 806 quam
1107 757 1347 791 contractus
1367 747 1712 788 Rousseavianus

145 822 331 862 includit.
364 822 463 862 Eius
491 821 600 862 enim
630 827 728 874 quot
757 827 853 860 sunt
884 820 1009 859 verba
1030 851 1038 865 ‚
1069 825 1128 857 tot
1157 824 1252 857 sunt
1291 814 1496 862 absurda3
1538 826 1713 865 quorum

146 894 287 928 tamen
319 903 369 929 ne
400 888 647 941 prolixiores
678 887 824 934 simus,
855 886 994 938 aliqua
1023 890 1183 924 tantum
1214 883 1446 922 innuemus.

204 953 357 1001 Primo,
388 953 530 994 statuit
560 952 675 991 cives
697 951 887 992 cessione
907 950 978 989 illa
999 949 1163 1000 integra
1184 960 1354 987 suorum
1375 944 1536 991 iurium,
1562 955 1708 994 aequa-

148 1021 228 1060 lem
264 1020 414 1059 viritim
445 1023 605 1071 partem
635 1017 825 1058 conferre
856 1017 908 1055 ad
939 1014 1242 1055 efformandam
1272 1024 1505 1057 summam,
1535 1020 1641 1061 quae
1671 1007 1713 1045 in

145 1092 231 1126 toto
262 1086 452 1125 resideat.
484 1085 575 1131 Qua
602 1084 645 1122 in
675 1097 719 1122 re
749 1083 980 1122 libertatem
1007 1094 1100 1120 cum
1122 1078 1372 1132 aequalitate
1393 1075 1617 1116 confundit.
1641 1073 1710 1112 Sic

147 1150 256 1190 enim
287 1149 527 1188 ratiocinari
558 1148 747 1188 videtur:
777 1159 923 1186 omnes
953 1146 1252 1185 contrahentes
1280 1143 1469 1182 libertate
1503 1140 1712 1185 fruuntur;

146 1227 247 1265 ergo
277 1225 422 1252 omnes
452 1211 695 1263 aequalibus
724 1211 882 1250 iuribus
912 1217 1124 1249 ornantur.
1157 1208 1278 1254 Quod
1307 1208 1365 1246 ita
1394 1218 1477 1245 non
1499 1210 1573 1251 est3
1595 1201 1716 1254 siqui-

147 1279 238 1318 dem
270 1291 323 1317 ex
352 1277 540 1316 libertate
568 1289 651 1315 non
682 1276 914 1328 aequalitas
944 1275 1116 1321 iurium,
1147 1273 1220 1313 sed
1261 1270 1538 1323 inaequalitas
1577 1267 1714 1319 potius

150 1342 334 1394 emergit.
366 1342 470 1380 Nam
502 1340 613 1379 facta
642 1353 747 1392 quae
774 1353 828 1379 ex
858 1339 1047 1379 libertate
1078 1338 1283 1383 oriuntur,
1314 1336 1395 1374 hoc
1423 1334 1513 1385 ipso
1545 1331 1712 1370 diversa

148 1410 256 1452 sunt;
286 1404 505 1443 diversitas
535 1411 674 1443 autem
703 1404 907 1443 factorum
930 1403 1213 1442 diversitatem
1234 1399 1402 1440 adducit
1420 1397 1581 1442 iurium;
1604 1406 1709 1446 quae

149 1477 343 1509 concrete
373 1474 562 1520 spectata
586 1481 751 1520 semper
780 1482 804 1507 a
835 1468 943 1507 facto
973 1467 1110 1518 aliquo
1142 1464 1481 1505 determinantur.

203 1532 374 1579 Deinde,
396 1532 448 1570 ad
477 1531 707 1571 libertatem
739 1531 989 1570 servandam
1021 1528 1201 1569 medium
1222 1526 1412 1580 proponit
1431 1521 1608 1564 libertati
1630 1533 1713 1558 ma-

149 1598 261 1638 xime
273 1597 490 1644 infensum,
501 1597 634 1649 qualis
651 1605 716 1638 est
728 1597 950 1649 expoliatio
967 1596 1149 1636 omnium
1160 1594 1321 1634 iurium.
1336 1592 1404 1631 Sic
1416 1591 1524 1630 enim
1536 1597 1714 1640 persona

148 1663 190 1702 in
218 1675 307 1701 rem
337 1660 499 1712 penitus
530 1660 863 1707 transformatur,
894 1668 933 1700 et
965 1673 1121 1699 merum
1145 1656 1398 1708 mancipium
1416 1651 1630 1694 societatis
1651 1649 1715 1688 ef·-

147 1724 294 1764 ficitur.
326 1725 413 1763 Nec
443 1724 730 1776 reciprocatio,
752 1737 875 1776 quam
905 1724 1046 1769 iactat,
1064 1723 1156 1762 iura
1176 1722 1246 1760 illa
1267 1718 1438 1772 privatis
1455 1714 1645 1756 restituit:
1668 1713 1719 1752 si-

149 1790 313 1844 quidem
343 1789 461 1837 haec,
491 1790 608 1829 iuxta
624 1790 770 1842 ipsum,
790 1803 871 1829 non
894 1789 1004 1828 aliud
1024 1788 1236 1840 elargitur,
1259 1786 1340 1826 nisi
1361 1784 1534 1836 aequale
1554 1782 1619 1820 ius
1636 1779 1715 1819 suf-

148 1857 270 1909 fragii
298 1856 338 1895 in
369 1856 544 1908 publicis
575 1855 948 1896 deliberationibus.
983 1855 1075 1902 Sed,
1106 1855 1186 1893 hoc
1226 1854 1314 1892 iure
1335 1858 1522 1902 excepto,
1553 1847 1712 1898 reliqua

150 1923 259 1962 bona
279 1928 319 1962 et
339 1921 559 1961 facultates
580 1934 726 1960 omnes
746 1929 784 1961 et
808 1922 934 1960 vitam
955 1921 1088 1973 ipsam
1107 1920 1367 1971 singulorum
1386 1916 1462 1956 sub
1484 1914 1636 1953 ditione
1653 1911 1722 1950 ab-

150 1986 288 2025 soluta
300 1990 339 2025 et
351 1984 742 2037 arbitrioptttralz'ta
749 1985 797 2024 tis
808 1985 1010 2036 relinquit.
1026 1985 1076 2023 Et
1087 1979 1528 2036 quoniamplztralz'tas
1552 1974 1720 2015 assidue

150 2051 304 2091 variari
334 2057 479 2103 potest,
498 2056 536 2090 et
556 2051 677 2089 novis
706 2051 902 2090 membris
923 2049 1109 2097 conflari;
1135 2049 1307 2101 quisque
1338 2046 1442 2086 civis
1458 2043 1593 2096 quoad
1624 2040 1718 2079 ani-

150 2131 261 2157 mam
292 2124 331 2158 et
360 2129 511 2169 corpus
539 2119 698 2155 incerto
729 2116 893 2155 cuidam
910 2123 949 2155 et
966 2129 1075 2168 vago
1105 2116 1301 2167 despotae
1329 2110 1582 2156 subiicietur,
1601 2107 1717 2147 cuius

152 2181 368 2233 tyrannide
389 2181 560 2233 gravius
581 2180 846 2232 opprimatur,
876 2194 1000 2233 quam
1030 2185 1172 2220 vetera
1202 2177 1463 2218 ethnicorum
1494 2171 1714 2223 mancipia.

206 2248 393 2294 Demum,
424 2246 687 2286 manifestam
709 2247 1080 2287 contradictionem
1099 2245 1283 2292 incurrit,
1299 2250 1517 2296 propterea
1538 2238 1646 2291 quod
1664 2250 1717 2276 ex

155 2323 238 2348 una
254 2316 369 2361 parte
386 2310 620 2350 libertatem
636 2311 931 2350 individualem
949 2310 1121 2350 alienari
1138 2322 1222 2349 non
1238 2320 1364 2361 posse
1382 2304 1579 2350 decernit,
1596 2302 1717 2352 idque

153 2379 363 2425 tamquam
380 2373 693 2415 fundamentum
715 2375 838 2414 totius
858 2374 967 2426 pacti
989 2373 1156 2414 socialis
1177 2370 1400 2417 constituit3
1425 2381 1478 2407 ex
1501 2367 1583 2406 alia
1604 2365 1719 2404 cives

153 2440 211 2479 ita
241 2453 318 2479 sua
346 2440 437 2479 iura
459 2441 742 2480 communitati
763 2441 910 2480 cedere
926 2440 1047 2487 iubet,
1070 2447 1113 2479 ut
1143 2452 1193 2479 ea
1213 2437 1390 2489 amplius
1418 2446 1620 2473 revocare
1640 2445 1718 2471 ne-

156 2512 318 2557 queant.
342 2506 460 2546 Haec
482 2512 619 2545 autem
642 2507 910 2546 vehementer
939 2514 1126 2558 pugnant
1154 2505 1260 2543 inter
1286 2516 1346 2542 se.
1377 2503 1483 2541 Nam
1503 2501 1568 2539 vel
1590 2500 1714 2538 homo

157 2571 215 2610 ita
244 2578 395 2611 natura
423 2585 501 2611 sua
531 2578 594 2612 est
622 2572 736 2619 liber,
766 2578 810 2610 ut
838 2585 1048 2623 nunquam
1076 2570 1269 2622 pactione
1286 2568 1426 2620 aliqua
1446 2580 1491 2607 se
1511 2565 1714 2606 subiicere

158 2635 291 2685 possit
319 2635 471 2684 alicui;
503 2642 541 2675 et
572 2642 669 2674 tunc
699 2648 751 2674 ne
780 2635 852 2675 toti
883 2635 1044 2687 quidem
1078 2632 1239 2686 corpori
1270 2632 1416 2672 sociali
1452 2631 1512 2671 ita
1540 2629 1718 2669 submit-

157 2700 307 2739 tendus
337 2708 413 2748 est,
442 2707 486 2740 ut
513 2700 633 2740 nefas
663 2700 698 2740 ei
731 2699 784 2740 sit
812 2713 837 2739 a
866 2706 1083 2739 contractu
1112 2699 1181 2737 illo
1212 2698 1408 2750 deinceps
1436 2696 1609 2736 resilire.
1642 2693 1719 2732 Vel

157 2769 357 2813 perpetua
385 2770 425 2803 et
453 2764 742 2804 irrevocabilis
773 2763 969 2816 obligatio
1000 2762 1174 2802 libertati
1204 2763 1382 2802 naturali
1419 2760 1600 2801 hominis
1629 2771 1712 2797 non

154 2835 370 2879 repugnat,
401 2836 441 2869 et
471 2836 568 2870 tunc
598 2830 753 2871 corruit
781 2830 1105 2876 fundamentum,
1137 2842 1216 2881 quo
1247 2830 1469 2868 Rousseau
1489 2825 1642 2872 nititur,
1663 2824 1716 2862 ad

155 2892 364 2943 proprium
395 2900 579 2945 systema
609 2894 888 2934 excitandum.
911 2893 1029 2939 Quod
1059 2899 1194 2932 autem
1217 2892 1441 2944 subiungit:
1460 2889 1616 2929 ideirco
1630 2900 1717 2939 pa-
