1970 3203
211 191 288 231 126
538 204 603 231 lUs
632 204 834 230 NATURAE
854 214 875 219 -
896 204 1003 231 PARS
1032 204 1057 231 1.
1087 204 1154 231 1th
1182 205 1450 246 1NDlviDUALE

205 293 285 332 que
308 280 415 320 haec
436 281 595 333 regula,
619 293 742 333 quam
763 281 996 333 generatim
1015 279 1082 320 his
1103 280 1310 321 classibus
1331 282 1561 322 officiorum
1585 282 1776 336 applica-

203 343 363 392 vimus,
395 343 644 396 applicanda
664 357 824 396 quoque
853 344 931 384 erit
955 343 1132 396 singulis
1162 344 1255 384 aliis
1286 346 1566 398 peculiaribus
1602 347 1753 387 officiis
1771 380 1781 398 ‚

209 410 371 462 quoties
392 411 499 450 inter
520 424 567 450 se
590 420 897 463 comparantur.

814 539 1062 578 ARTicULUs
1093 537 1167 577 III.

568 669 635 708 De
665 669 912 709 necessitate
942 669 1145 708 eximente
1175 668 1224 707 ab
1256 668 1407 721 officio.

255 800 317 839 22.
351 799 453 849 Quid
471 799 577 839 haec
607 800 855 841 necessitas.
880 799 1135 852 Contingunt
1155 801 1402 853 quandoque
1422 805 1622 853 tempora,
1638 801 1680 842 in
1695 803 1780 855 qui-

205 867 279 907 bus
299 866 438 914 homo,
457 865 546 905 sine
563 866 747 918 periculo
764 865 1019 908 imminentis
1036 866 1253 906 cuiusdam
1272 867 1382 915 mali,
1400 867 1584 907 officium
1601 867 1774 921 implere

200 947 285 974 non
306 939 455 985 potest.
479 933 622 973 Status
643 932 711 971 hic
732 932 966 973 necessitas
988 933 1231 985 appellatur.
1264 933 1369 972 Cum
1390 946 1489 973 xero
1512 934 1592 974 hoc
1612 934 1770 984 incidit,

201 1001 237 1040 si
259 998 539 1040 consideratio
562 997 717 1038 ordinis
738 1000 960 1050 persuadet
979 1012 1028 1039 eo
1049 1006 1235 1051 tempore
1256 999 1440 1040 officium
1466 1013 1552 1040 non
1573 1000 1774 1053 obligare,

200 1065 379 1105 facultas
405 1076 511 1116 quae
540 1068 638 1102 tunc
661 1061 789 1101 oritur
810 1076 856 1103 se
875 1063 982 1103 iuste
1003 1062 1209 1104 eximendi
1240 1063 1292 1102 ab
1314 1063 1467 1111 officio,
1499 1064 1566 1103 ias
1593 1065 1775 1104 necessi-

202 1132 301 1171 tatis
330 1129 537 1170 nominari
558 1129 687 1177 solet;
718 1142 801 1168 non
822 1130 930 1182 quod
949 1129 1042 1182 ipsa
1061 1128 1296 1170 necessitas
1324 1129 1390 1169 ius
1411 1130 1638 1172 constituat
1659 1163 1668 1179 ,
1699 1133 1774 1173 sed.

200 1198 298 1251 quia
318 1196 545 1237 occasione
564 1195 829 1237 necessitatis
841 1201 1014 1248 apparet
1034 1195 1130 1248 quid
1150 1195 1213 1235 ius
1235 1195 1352 1244 serat,
1365 1196 1459 1249 quid
1476 1211 1612 1238 secus.
1626 1199 1772 1250 Itaque

202 1263 509 1305 discutiendum
532 1261 713 1301 breviter
737 1267 803 1302 est
823 1263 989 1315 quando
1009 1262 1049 1301 id
1070 1263 1206 1302 locum
1228 1262 1364 1311 habet,
1386 1276 1439 1303 ne
1458 1264 1549 1316 quis
1570 1278 1773 1317 perversa

195 1326 536 1381 interpretatione
555 1324 666 1364 illius
681 1325 808 1366 effati:
831 1330 1056 1367 necessitas
1078 1339 1162 1364 non
1180 1325 1303 1365 habet
1318 1327 1461 1378 leyem,
1479 1327 1771 1380 intemperanti

139 1383 142 1386 ⁵
194 1396 389 1436 licentiae
411 1396 529 1436 frena
550 1397 677 1437 laxet.
706 1397 773 1437 Ad
793 1394 993 1434 iudicium
1021 1393 1102 1432 hoc
1122 1392 1199 1431 rite
1228 1391 1456 1442 ferendum,
1489 1394 1568 1433 duo
1590 1395 1771 1434 scrutari

195 1465 372 1513 oportet:
403 1466 597 1500 naturam
619 1459 888 1501 necessitatis
917 1470 1024 1511 quae
1045 1463 1205 1509 urgeat,
1228 1463 1266 1496 et
1288 1462 1480 1497 naturam
1503 1457 1631 1498 officii
1660 1459 1773 1511 quod

193 1528 306 1564 esset
335 1524 760 1575 praetermittendum.

245 1591 309 1629 23.
339 1591 579 1632 Necessitas
598 1591 791 1632 absoluta
811 1594 854 1631 et
870 1590 1155 1642 hypothetica.
1177 1589 1241 1628 Ad
1263 1589 1560 1631 necessitatem
1581 1590 1690 1643 quod
1710 1596 1767 1630 at-

193 1654 308 1702 tinet,
340 1668 390 1694 ea
415 1654 592 1706 primum
625 1654 833 1707 dispartiri
862 1659 998 1706 potest
1025 1653 1067 1692 in
1097 1653 1336 1693 absolutam
1367 1659 1406 1693 et
1436 1654 1762 1706 hypotheticam.

192 1720 444 1761 Absolutam
467 1721 656 1769 dicimus,
678 1734 785 1773 quae
805 1719 1129 1773 independenter
1150 1733 1175 1758 a
1195 1719 1329 1767 nobis,
1360 1719 1474 1759 nulla
1499 1720 1582 1760 alia
1601 1720 1768 1761 ratione

167 1783 393 1823 ›declinari
414 1791 561 1836 potest,
593 1798 715 1837 quam
748 1784 972 1824 violatione
993 1782 1141 1832 officii;
1173 1783 1485 1835 hypotheticam
1517 1797 1628 1833 vero,
1659 1798 1769 1837 quae

189 1847 312 1887 vitari
333 1849 477 1901 nequit
496 1857 663 1902 propter
684 1847 1035 1895 circumstantias,
1053 1847 1095 1886 in
1116 1860 1221 1899 quas
1242 1847 1390 1899 aliquis
1412 1860 1458 1887 se
1488 1854 1637 1900 sponte
1659 1860 1766 1889 con-

188 1914 333 1964 stituit,
365 1920 405 1955 et
426 1929 532 1968 quae
554 1917 605 1955 ab
629 1916 718 1968 ipso
748 1915 954 1956 removeri
975 1920 1159 1966 possunt.
1192 1915 1245 1954 Ut
1269 1913 1392 1954 facile
1412 1920 1536 1966 patet,
1558 1915 1665 1955 haec
1695 1929 1767 1956 se-

191 1979 331 2018 cunda
352 1980 588 2021 necessitas
609 1980 674 2020 ius
694 1980 850 2020 nullum
874 1978 1024 2028 tribuit3
1046 1979 1247 2031 siquidem
1270 1979 1585 2020 excusationem
1604 1981 1763 2021 nullam

187 2051 370 2086 meretur
387 2047 434 2095 is,
459 2047 526 2099 qui
548 2048 731 2099 prudens
747 2054 788 2088 et
809 2047 955 2087 volens
975 2046 1314 2099 impedimentum
1336 2046 1506 2099 apponit
1526 2046 1676 2087 officio.
1700 2048 1763 2088 Ea

186 2110 314 2164 igitur
336 2112 508 2159 omissa,
530 2113 766 2152 absolutam
788 2112 1005 2152 dumtaxat
1022 2111 1321 2152 necessitatem
1343 2112 1674 2153 consideremus.

239 2177 301 2215 24.
333 2177 502 2229 Triplex
522 2189 653 2229 qenus
673 2177 946 2218 necessitatis
963 2176 1192 2226 absolutae,
1211 2180 1253 2216 et
1265 2177 1469 2227 quoduam
1486 2187 1538 2216 ex
1552 2177 1618 2217 his
1639 2188 1762 2218 excu-

185 2251 283 2281 sare
302 2245 457 2291 potest.
490 2241 764 2281 Necessitatis
786 2241 1004 2280 absolutae
1025 2240 1171 2292 triplex
1187 2253 1321 2292 genus
1342 2242 1595 2292 assignatur:
1620 2244 1762 2281 extr-e-

188 2318 272 2352 ma,
293 2304 447 2357 gravis
467 2315 505 2344 et
527 2305 776 2345 communis.
809 2306 1010 2344 Extrema
1026 2304 1186 2352 dicitur,
1208 2317 1299 2343 cuno
1321 2304 1425 2356 quis,
1447 2311 1490 2344 ut
1511 2310 1656 2357 pareat
1677 2305 1763 2344 offi-

188 2368 266 2417 cio,
288 2369 502 2409 incurrere
525 2370 645 2409 debet
674 2369 904 2422 periculum
929 2369 1035 2409 vitae
1064 2368 1224 2407 aliusve
1245 2368 1355 2417 mali,
1387 2369 1494 2420 quod
1514 2374 1647 2409 morte
1678 2381 1763 2408 non

189 2434 360 2474 inferius
381 2441 602 2487 reputetur.
635 2436 722 2476 Erit
743 2436 899 2489 gravis,
921 2449 1014 2475 cum
1036 2439 1159 2487 urget
1178 2436 1332 2474 malum
1354 2435 1524 2475 minime
1553 2448 1761 2488 spernen-

189 2498 300 2547 dum,
331 2512 394 2538 ex.
416 2512 477 2550 gr.
494 2500 677 2540 notabile
699 2500 988 2540 detrimentum
1010 2499 1213 2548 sanitatis,
1239 2513 1322 2538 non
1344 2499 1448 2539 levis
1469 2504 1569 2539 nota
1589 2499 1764 2539 dedeco-

186 2561 426 2614 ris,magna
445 2563 504 2603 rei
522 2563 740 2604 familiaris
761 2565 984 2610 iactura‚et
1000 2564 1083 2603 alia
1099 2563 1265 2615 generis
1282 2562 1675 2603 eiusdem.Tandem
1694 2576 1764 2603 ne-

177 2626 357 2666 cessitas
375 2629 610 2668 communis
629 2629 790 2677 dicitur,
805 2643 901 2669 cum
918 2629 1073 2667 malum
1090 2627 1279 2669 imminet
1297 2632 1557 2674 consuetum,
1580 2639 1660 2666 nec
1677 2640 1760 2666 ma-

179 2691 252 2743 gni
273 2692 483 2741 momenti,
515 2699 557 2731 ut
578 2694 749 2734 amissio
781 2707 912 2747 parva
933 2694 1149 2741 bonorum,
1179 2692 1285 2732 levis
1307 2691 1529 2739 calumnia,
1561 2696 1755 2730 contem-

180 2759 275 2807 ptus
291 2756 584 2795 nonnullorum
603 2764 642 2797 et
654 2758 953 2798 similiaPorro
970 2757 1123 2797 nemini
1141 2757 1307 2796 dubium
1325 2760 1387 2796 est
1399 2755 1495 2807 quin
1511 2755 1618 2795 haec
1631 2755 1759 2796 tertia

178 2820 412 2860 necessitas
442 2821 738 2873 obligationem
770 2822 896 2862 officii
936 2835 1149 2874 nunquam
1180 2822 1328 2861 solvat.
1365 2820 1408 2859 Si
1437 2820 1550 2860 enim
1580 2819 1757 2872 quodvis

179 2886 335 2926 malum
365 2886 585 2928 imminens
616 2888 668 2928 ab
698 2888 916 2941 implendis
947 2888 1096 2929 officiis
1126 2901 1200 2929 nos
1232 2892 1473 2937 excusaret-3
1506 2901 1589 2928 non
1618 2888 1753 2928 solum
