1970 3203
240 198 318 238 334
383 210 449 237 lUS
469 210 671 237 NATURAE
686 211 825 239 -PARS
845 212 895 238 111.
919 212 984 240 IUS
1004 213 1372 243 lNTERNATIONALE
1393 217 1469 244 SEU
1491 217 1681 246 GENTIUM

235 284 276 323 in
308 283 618 335 prolegomenis
647 283 711 324 sui
740 284 877 337 operis
917 286 967 326 de
998 299 1047 326 eo
1077 286 1166 328 iure
1195 289 1257 329 sic
1295 290 1506 344 loquitur:
1538 307 1557 330 ‹<
1594 293 1676 333 Sed
1705 294 1815 336 sicut

242 350 446 402 cuiusque
476 348 659 389 civitatis
680 350 773 390 iura
794 351 1014 391 utilitatem
1037 366 1140 393 suae
1157 354 1338 395 civitatis
1366 357 1607 410 respiciunt,
1629 359 1687 399 ita
1706 360 1815 401 inter

238 414 430 455 civitates
460 419 532 454 aut
553 428 699 456 omnes
720 422 792 455 aut
812 417 1032 470 plerasque
1054 431 1106 458 ex
1123 431 1334 460 consensu
1355 420 1447 462 iura
1467 424 1673 476 quaedam
1694 426 1834 474 nasci,

238 488 460 533 potuerunt
490 488 529 522 et
549 488 649 522 nata
665 489 881 535 apparent,
902 497 1010 536 quae
1027 484 1242 525 utilitatem
1265 486 1493 540 respiceret
1512 503 1595 530 non
1618 497 1812 532 coetuum

238 545 512 598 singulorum,
542 547 617 586 sed
647 560 827 600 magnae
856 547 965 588 illius
996 548 1308 600 universitatis3
1335 558 1375 592 et
1398 553 1478 592 hoc
1508 553 1572 594 ius
1587 556 1698 607 quod
1717 570 1815 609 gen-

232 611 332 651 tium
366 612 527 661 dicitur,
558 612 718 665 quoties
747 612 788 652 id
817 627 968 654 nomen
998 628 1023 654 a
1052 615 1141 655 iure
1162 617 1341 656 naturali
1363 617 1657 670 distinguimus
1681 623 1756 674 (1).
1782 637 1802 661 »

228 679 279 717 Et
307 678 480 718 inferius
511 678 560 718 de
581 679 803 731 partitione
823 680 926 720 iuris
946 681 1172 731 disserens,
1192 683 1257 722 ius
1273 684 1459 735 gentium
1482 686 1535 726 ad
1572 687 1684 738 illud,
1707 691 1817 742 quod

233 758 287 784 ex
319 745 533 784 voluntate
555 744 762 797 originem
784 746 909 795 ducit,
931 754 1114 796 revocat,
1137 753 1260 801 atque
1280 750 1338 789 ita
1359 750 1501 790 definit
1522 765 1530 791 z
1560 752 1811 807 andyen-

234 811 341 850 tium
372 811 564 850 omnium
595 818 673 850 αῑιί
700 812 938 852 multarum
959 814 1175 854 voluntate
1206 815 1288 854 vim
1310 815 1534 868 obligandi
1552 821 1715 873 accepit
1735 823 1814 873 (2).

233 878 288 919 At
319 877 414 917 licet
443 877 550 917 inter
580 876 722 918 varias
750 884 898 930 gentes
928 879 1021 918 iura
1041 881 1243 920 nonnulla
1258 881 1375 921 nasci
1394 883 1555 934 possint
1585 886 1625 924 vi
1655 887 1815 938 pactio-

235 954 334 980 num
366 946 438 980 aut
470 940 710 990 foederum,
741 955 847 993 quae
892 942 996 983 sorte
1025 942 1278 996 iungantur3
1309 945 1416 986 haec
1461 954 1601 988 tamen
1631 963 1716 989 non
1745 950 1812 992 ius

229 1005 415 1058 gentium
433 1005 624 1045 absolute
647 1005 814 1054 dictum,
837 1007 911 1047 sed
932 1007 1213 1048 voluntarium
1236 1014 1275 1048 et
1295 1010 1517 1061 positivum
1540 1013 1814 1054 constituunt.

232 1073 371 1118 Quare
402 1084 496 1110 cum
527 1077 654 1123 pacta
683 1071 851 1111 nonnisi
880 1071 1150 1126 paciscentes
1180 1072 1376 1126 obligent,
1408 1074 1473 1114 ius
1508 1077 1714 1116 eiusmodi
1743 1077 1813 1116 in-

229 1135 507 1176 ternationale
537 1136 761 1188 positivum
792 1149 864 1176 eas
895 1141 1055 1175 tantum
1085 1136 1277 1177 nationes
1307 1137 1503 1187 devincit,
1525 1153 1631 1192 quae
1662 1140 1716 1180 ad
1742 1155 1810 1193 pa-

226 1201 473 1242 ciscendum
494 1201 603 1242 inter
623 1216 669 1242 se
691 1209 991 1243 convenerunt.
1007 1203 1063 1242 At
1082 1216 1192 1251 vero,
1209 1217 1303 1243 cum
1320 1204 1585 1256 pactionibus
1606 1205 1811 1247 eiusmodi

229 1269 460 1309 relationes
489 1269 704 1308 naturales
731 1268 839 1308 inter
869 1275 1016 1321 gentes
1035 1282 1120 1308 non
1142 1269 1288 1309 violari
1318 1270 1393 1310 sed
1423 1272 1669 1311 confirmari
1689 1279 1812 1325 atque

224 1334 428 1386 applicari
459 1334 663 1382 debeant;
694 1334 797 1374 satis
837 1334 964 1387 liquet
1005 1333 1108 1386 ipsis
1150 1335 1465 1386 supereminere
1506 1335 1571 1375 ius
1602 1337 1812 1389 quoddam

223 1399 415 1452 gentium
446 1399 638 1439 absolute
669 1399 837 1447 dictum,
869 1399 978 1451 quod
1008 1411 1155 1438 omnes
1186 1398 1354 1439 omnino
1384 1405 1533 1452 gentes
1566 1401 1607 1440 vi
1628 1408 1805 1443 naturae

226 1465 472 1517 adstringat,
503 1478 582 1504 nec
613 1478 639 1504 a
667 1477 879 1504 consensu
899 1465 1147 1517 populorum
1168 1471 1238 1504 aut
1259 1466 1473 1506 voluntate
1494 1466 1810 1519 imperantium,

223 1530 298 1570 sed
328 1530 380 1570 ab
410 1530 503 1582 ipsa
531 1530 693 1570 ratione
723 1529 953 1582 profectum
984 1530 1048 1569 sit.
1080 1530 1204 1569 Unde
1234 1530 1387 1579 oritur,
1419 1536 1463 1570 ut
1491 1532 1801 1573 universalibus

222 1601 262 1635 et
291 1594 616 1635 immutabilibus
646 1594 861 1647 principiis
891 1599 1068 1642 constet,
1099 1599 1220 1646 prout
1249 1601 1391 1635 tamen
1422 1608 1505 1634 non
1536 1596 1589 1634 ad
1615 1596 1806 1648 privatos

220 1662 425 1710 homines,
456 1662 531 1702 sed
562 1662 616 1701 ad
645 1661 838 1701 nationes
869 1674 914 1700 se
944 1667 1086 1700 mutuo
1117 1660 1392 1712 respicientes
1420 1660 1656 1701 reseruntur
1689 1663 1766 1714 (3).

278 1729 389 1769 Hinc
421 1728 647 1768 discrimen
676 1729 824 1776 elucet,
855 1728 963 1780 quod
992 1727 1099 1767 inter
1128 1727 1262 1778 ipsum
1286 1732 1325 1766 et
1344 1726 1409 1766 ius
1438 1732 1524 1766 tum
1546 1727 1802 1768 individuale

218 1800 316 1833 tum
346 1793 505 1833 sociale
532 1792 764 1832 intercedit.
796 1793 888 1831 Non
920 1791 1030 1830 enim
1047 1790 1099 1830 ab
1120 1790 1171 1830 iis
1192 1790 1328 1829 differt
1347 1790 1511 1831 ratione
1534 1804 1703 1840 causae,
1722 1793 1797 1832 sed

218 1866 381 1900 tantum
412 1858 575 1899 ratione
607 1857 795 1898 subiecti.
828 1857 987 1897 Eadem
1016 1858 1127 1896 enim
1157 1857 1225 1895 lex
1255 1861 1433 1896 naturae
1463 1863 1503 1897 et
1534 1857 1634 1897 ordo
1665 1871 1805 1897 rerum
1847 1852 1855 1860 ’

215 1924 452 1964 obiectivus
483 1923 616 1963 tribus
646 1923 765 1962 hisce
795 1922 954 1962 iuribus
983 1920 1188 1972 originem
1214 1919 1397 1971 praebet.
1431 1920 1630 1960 Subiecta
1659 1930 1803 1962 tamen

215 1991 383 2030 diversa
412 1996 534 2037 sunt;
564 1988 769 2041 siquidem
798 1988 840 2027 in
870 1988 959 2027 iure
979 1985 1222 2026 individuali
1242 1984 1463 2037 respicitur
1495 1986 1622 2026 homo
1653 1987 1795 2039 singu-

216 2056 334 2104 laris,
363 2056 481 2095 iuxta
511 2055 704 2095 diversas
720 2054 958 2102 relationes,
979 2066 1084 2106 quas
1103 2053 1230 2092 habet
1247 2058 1366 2104 prout
1386 2066 1570 2104 persona
1589 2054 1799 2106 quaedam

218 2126 296 2169 est,
327 2119 438 2159 sacto
468 2125 627 2159 tantum
649 2124 824 2158 naturae
855 2117 1134 2158 considerato.
1156 2118 1203 2156 In
1223 2116 1311 2156 iure
1334 2116 1479 2157 sociali
1501 2117 1793 2158 consideratur

216 2193 364 2226 coetus
385 2185 600 2226 hominum
622 2185 824 2225 stabiliter
845 2185 1042 2232 sociatus,
1063 2185 1138 2224 sed
1153 2184 1290 2237 quoad
1313 2183 1538 2225 relationes
1570 2184 1790 2224 dumtaxat

214 2251 403 2291 internas
432 2264 538 2303 quae
567 2250 761 2290 nimirum
806 2249 948 2301 vigent
977 2250 1042 2289 vel
1085 2250 1193 2291 inter
1235 2250 1375 2291 socios
1405 2262 1450 2289 se
1482 2254 1622 2287 mutuo
1653 2248 1790 2301 respi—

215 2318 387 2366 cientes,
419 2318 484 2357 vel
512 2317 619 2356 inter
647 2316 787 2355 socios
819 2322 859 2355 et
887 2315 1206 2366 auctoritatem,
1237 2331 1263 2357 a
1292 2330 1375 2370 qua
1403 2315 1587 2355 societas
1617 2314 1790 2366 regitur.

213 2386 269 2424 At
302 2385 367 2425 ius
407 2383 728 2424 internationale
771 2383 945 2436 populos
984 2396 1210 2436 eorumque
1239 2390 1425 2425 rectores
1469 2381 1790 2433 contemplatur,

213 2449 353 2500 quoad
383 2448 608 2488 relationes
638 2453 847 2495 externas,
878 2460 954 2487 seu
983 2461 1089 2500 quae
1105 2461 1189 2488 non
1209 2448 1316 2489 inter
1336 2453 1479 2502 partes
1496 2446 1682 2487 eiusdem
1704 2458 1796 2484 cor-

209 2513 323 2565 poris
355 2512 521 2564 politici,
553 2513 626 2553 sed
654 2512 761 2552 inter
790 2511 956 2551 diversa
977 2512 1146 2564 politica
1168 2526 1346 2566 corpora
1364 2512 1640 2553 intercedunt.
1675 2510 1794 2556 Qua—

209 2585 376 2630 propter
406 2578 653 2618 societatem
683 2578 796 2617 illam
828 2590 1066 2628 supremam
1096 2578 1295 2631 respicit,
1337 2591 1443 2631 quae
1474 2578 1565 2630 plus
1596 2575 1793 2615 minusve

213 2643 416 2684 stabiliter
446 2657 498 2683 ex
529 2643 723 2684 omnibus
753 2643 943 2683 civilibus
974 2643 1244 2685 societatibus
1275 2645 1529 2685 efformatur.

254 2776 306 2816 (1)
336 2776 388 2808 De
414 2775 495 2809 iure
518 2776 607 2808 belli
630 2779 664 2808 el
683 2776 803 2818 pacis.
835 2776 978 2817 Proleg.

251 2828 302 2870 (2)
328 2828 418 2862 Ibid.
444 2828 461 2870 ξ
491 2828 587 2860 XIV.

251 2883 302 2923 (3)
326 2884 382 2915 Ad
405 2893 480 2915 rem
496 2882 635 2914 Vattel:
656 2893 672 2911 «
687 2884 735 2915 Le
752 2883 846 2916 droit
863 2884 928 2916 des
945 2893 1035 2924 gens
1052 2883 1148 2917 n'est
1162 2882 1450 2925 originairement
1463 2883 1565 2914 autre
1585 2881 1709 2918 chose,
1721 2888 1791 2920 que

208 2936 242 2969 lc
269 2937 363 2970 droit
387 2937 430 2970 de
454 2939 581 2970 nature
611 2937 779 2978 applique
804 2947 877 2971 aux
898 2937 1048 2972 nations.
1067 2949 1082 2968 »
1103 2938 1151 2971 Le
1174 2937 1275 2971 droit
1291 2937 1357 2971 des
1373 2946 1476 2979 yens,
1495 2938 1517 2968 t.
1533 2933 1792 2978 I,prelim.§V.
