1970 3203
828 230 1110 259 INTRODUCTIO
1676 215 1752 255 191

237 308 345 350 Hinc
366 308 591 348 discrimen
612 307 758 354 elucet,
789 306 896 358 quod
917 306 1024 345 inter
1045 304 1290 345 societatem
1311 310 1351 344 et
1371 302 1665 356 proprietatem
1686 301 1753 340 in-

183 374 366 415 tercedit.
398 374 504 413 Nam
526 372 664 420 horno,
686 371 726 410 vi
754 370 1032 423 proprietatis,
1054 382 1122 409 res
1142 368 1219 409 sibi
1241 368 1423 409 devincit
1443 373 1611 420 propter
1632 380 1751 406 suam

183 441 399 479 dumtaxat
420 438 651 486 utilitatem,
673 451 827 489 easque
849 436 1021 488 proinde
1043 443 1086 474 ut
1102 435 1239 474 media
1258 442 1418 476 tantum
1439 433 1690 481 considerat;
1708 440 1750 471 at

182 512 329 545 contra
359 505 397 544 vi
427 503 642 544 societatis
672 509 835 543 ceteros
864 502 942 542 sibi
971 514 1097 553 seque
1127 501 1220 540 aliis
1250 502 1430 552 copulat,
1454 513 1539 540 non
1569 499 1632 539 sui
1666 504 1757 538 tan-

184 578 268 610 tum
298 570 435 623 gratia
464 575 586 622 atque
617 570 908 615 emolumento,
940 567 1013 607 sed
1042 567 1179 619 gratia
1208 567 1474 606 emolumenti
1504 565 1754 613 communis,

184 637 294 690 quod
323 636 426 676 socii
457 636 581 676 etiam
611 648 758 676 omnes
789 648 860 687 pro
893 633 999 673 virili
1031 646 1106 672 sua
1135 637 1252 684 parte
1283 632 1578 684 adipiscantur.

240 701 429 740 Societas
459 713 552 738 cum
581 699 675 738 inde
705 699 920 745 habeatur,
952 697 1060 750 quod
1091 697 1229 748 plures
1250 695 1292 734 in
1313 696 1489 735 eundem
1511 696 1635 735 finem
1655 700 1695 734 et
1716 694 1759 732 in

191 763 327 803 media
357 763 453 803 illuc
484 763 679 802 ducentia
707 761 958 813 conspirent,
989 760 1173 812 profecto
1204 766 1365 811 oportet
1396 765 1438 798 ut
1460 758 1526 810 qui
1548 758 1659 797 illam
1681 770 1760 797 ceu

192 836 335 882 partes
366 829 633 875 constituunt,
662 828 770 868 idem
799 826 1044 878 intelligant,
1070 826 1261 877 idemque
1278 824 1416 872 velint,
1438 830 1560 876 atque
1580 824 1633 862 ad
1652 823 1760 862 idem

187 892 454 934 contendant.
486 893 624 937 Quare
654 891 715 931 sic
744 904 789 930 se
806 898 955 942 gerant
979 901 1154 928 necesse
1184 894 1258 935 est,
1290 887 1409 940 quasi
1441 887 1618 926 eundem
1639 886 1758 925 intel-

191 961 357 1006 lectum,
389 958 658 1009 eamdemque
689 957 957 1003 voluntatem,
983 955 1237 1006 easdemque
1269 953 1380 993 vires
1410 952 1672 993 executrices
1693 951 1763 990 ha-

190 1025 346 1065 berent.
380 1024 493 1062 Hinc
535 1022 718 1062 societas
747 1022 976 1074 appellatur
1020 1034 1104 1059 ana
1132 1033 1323 1072 persona
1364 1019 1543 1058 moralis
1572 1017 1764 1071 quamvis

197 1090 382 1143 pluribus
410 1088 600 1141 personis
622 1087 810 1139 physicis
831 1092 1006 1127 constet.
1030 1086 1190 1125 Dicitur
1220 1085 1345 1124 etiam
1366 1097 1546 1136 persona
1565 1083 1764 1131 z'arz'dz'ca,

197 1161 402 1207 quatenus
432 1153 638 1192 instructa
668 1158 731 1191 est
759 1151 917 1190 iuribus
947 1161 987 1190 et
1017 1149 1193 1197 officiis,
1239 1149 1327 1188 sive
1359 1154 1554 1200 respectu
1594 1147 1770 1186 aliarum

195 1217 440 1257 societatum
471 1229 497 1254 a
526 1228 571 1255 se
601 1215 888 1255 distinctarum
911 1247 920 1262 ,
964 1214 1053 1252 sive
1083 1220 1276 1265 respectu
1304 1213 1487 1265 ipsorum
1520 1211 1729 1251 sociorum
1753 1243 1762 1259 ‚

198 1284 306 1323 unde
337 1283 548 1322 coalescit.

251 1348 388 1398 Atque
409 1346 506 1385 hinc
528 1358 579 1414 cq
657 1346 665 1369 ³
687 1351 823 1396 potest
852 1344 952 1384 iuris
982 1344 1152 1383 socialis
1172 1358 1197 1383 a
1217 1343 1305 1383 iure
1325 1343 1568 1382 individuali
1590 1342 1768 1382 diversi—

200 1416 277 1448 tas.
308 1408 397 1447 Etsi
431 1407 540 1447 enirn
570 1417 593 1452 ιζ
710 1407 890 1448 iustitiae
913 1415 1139 1459 conceptus
1157 1408 1383 1459 eademque
1405 1408 1473 1446 lex
1494 1415 1668 1446 naturae
1689 1406 1768 1446 sin-

201 1474 310 1526 gulis
327 1473 565 1513 hominibus
582 1458 636 1540 six
668 1473 805 1529 'ratim
825 1473 1065 1525 applicetur,
1078 1479 1117 1512 et
1133 1486 1274 1512 eorum
1292 1486 1336 1512 se
1355 1472 1602 1512 sociantium
1620 1474 1768 1519 coetui;

199 1538 469 1578 nihilominus
500 1530 732 1577 subiectum
763 1538 974 1577 diversum
997 1544 1070 1586 est,
1093 1543 1211 1589 prout
1236 1551 1416 1589 persona
1430 1538 1614 1590 phys-ica
1631 1551 1657 1577 a
1678 1551 1770 1576 mo-

204 1602 294 1640 rali
321 1600 599 1652 distinguitur.
630 1601 764 1649 Unde,
796 1615 1049 1653 quamquam
1080 1614 1205 1653 saepe
1236 1603 1383 1641 eadem
1415 1602 1583 1641 omnino
1615 1602 1706 1640 iura
1735 1608 1775 1640 et

200 1666 342 1706 officia
371 1670 588 1717 emergant
604 1679 677 1718 pro
698 1666 897 1707 societate
918 1667 969 1706 a<
988 1681 1061 1710 pro
1084 1667 1319 1706 hominibus
1348 1668 1632 1720 singularibus
1657 1668 1771 1719 (quo-

203 1729 281 1770 ties
311 1742 459 1780 nempe
489 1729 581 1768 sola
610 1729 825 1769 rationalis
856 1736 1004 1769 natura
1034 1732 1276 1781 spectatur);
1295 1738 1431 1770 tamen
1454 1745 1548 1770 cum
1573 1732 1625 1770 ad
1648 1738 1773 1770 totum

201 1807 255 1833 ex
285 1793 350 1832 his
380 1807 654 1845 consurgens,
685 1807 761 1834 seu
791 1795 845 1834 ad
864 1795 998 1847 ipsam
1028 1795 1284 1843 societatem,
1307 1797 1496 1848 praecise
1518 1804 1561 1835 ut
1583 1797 1676 1835 talis
1698 1805 1774 1843 est,

202 1861 376 1899 vertitur
405 1859 614 1912 cogitatio;
638 1860 805 1900 diversa
825 1861 916 1899 iura
939 1868 978 1901 et
999 1859 1138 1900 officia
1161 1875 1206 1900 se
1229 1862 1417 1913 produnt,
1441 1876 1546 1914 quae
1569 1876 1775 1913 personae

206 1923 406 1975 physicae
437 1937 625 1963 seorsum
648 1924 862 1976 inspectae
883 1938 1147 1977 nequaquam
1171 1926 1438 1965 conveniunt.
1472 1924 1553 1972 Sic,
1571 1934 1614 1963 ut
1636 1939 1780 1964 exem-

206 1990 317 2041 plum
334 1991 522 2036 afferam,
540 1990 621 2028 hoc
642 1989 732 2041 ipso
749 1991 856 2042 quod
873 2004 1052 2042 persona
1064 1991 1241 2043 physica
1259 1991 1442 2042 pluribus
1459 2004 1542 2030 non
1560 1992 1780 2039 conflatur,

211 2052 398 2091 iuridicis
419 2052 691 2092 relationibus
713 2066 805 2091 cum
838 2054 1037 2105 partibus,
1054 2054 1202 2106 quibus
1224 2060 1400 2102 constat,
1418 2067 1500 2093 non
1523 2054 1713 2093 afficitur.
1729 2055 1784 2093 At

210 2131 390 2170 persona
407 2117 587 2165 moralis,
606 2131 698 2157 cum
718 2131 738 2157 e
760 2118 946 2169 pluribus
967 2119 1156 2170 personis
1178 2119 1364 2171 physicis
1386 2128 1600 2171 exsurgat,
1618 2126 1782 2158 mutuas

209 2183 434 2222 relationes
454 2184 637 2222 morales
658 2183 764 2223 inter
779 2189 909 2224 totum
931 2190 969 2223 et
987 2191 1139 2236 partes,
1160 2185 1347 2237 interque
1369 2192 1507 2237 partes
1524 2186 1650 2237 ipsas,
1671 2199 1784 2237 prae-

217 2248 296 2296 bet,
328 2256 449 2300 atque
478 2248 571 2288 ideo
601 2249 693 2288 iura
723 2256 764 2290 et
794 2250 934 2289 officia
964 2251 1201 2302 suppeditat
1230 2253 1421 2304 utrinque
1452 2252 1645 2303 vigentia.

268 2314 470 2362 Societas,
489 2315 719 2365 generatim
737 2326 924 2367 accepta,
936 2316 1128 2355 dividitur
1141 2317 1182 2355 in
1196 2319 1428 2369 simplicem
1445 2325 1484 2357 et
1496 2318 1784 2370 compositam,

218 2384 338 2429 prout
367 2377 493 2416 nullis
515 2384 585 2417 aut
615 2378 823 2430 aliquibus
840 2379 1069 2419 minoribus
1089 2380 1359 2420 societatibus
1381 2380 1591 2420 coalescit.
1615 2382 1717 2420 Item
1735 2381 1787 2420 di-

217 2443 367 2482 viditur
397 2443 438 2482 in
472 2445 757 2483 necessat-lam
783 2453 823 2485 et
856 2445 1033 2484 liberam
1055 2477 1064 2493 ,
1096 2454 1216 2497 prout
1246 2447 1300 2485 ad
1327 2446 1464 2498 ipsam
1493 2446 1718 2486 ineundam
1749 2454 1788 2486 et

217 2508 478 2548 retinendam
511 2507 649 2560 aliqua
677 2509 742 2548 vel
763 2509 877 2549 nulla
897 2511 1148 2550 necessitate
1170 2519 1371 2559 tenemur;
1395 2525 1500 2563 quae
1523 2526 1625 2552 sane
1646 2525 1787 2552 neces-

212 2571 316 2611 sitas
345 2577 480 2623 potest
512 2585 604 2611 eam
633 2572 845 2624 respicere
874 2574 940 2612 vel
972 2574 1016 2612 in
1041 2573 1145 2623 fieri
1171 2575 1235 2613 vel
1265 2575 1450 2626 infacto
1482 2589 1579 2615 esse.
1614 2576 1681 2614 Sic
1712 2588 1784 2614 so-

214 2636 348 2676 cietas
379 2636 614 2689 coniugalis
645 2644 709 2677 est
739 2637 869 2677 libera
898 2638 1120 2678 individuis
1151 2639 1300 2691 utfial,
1322 2646 1363 2679 at
1384 2653 1464 2680 non
1488 2642 1789 2693 postquamfa-

211 2703 281 2740 cla
312 2704 384 2750 est,
414 2716 509 2742 cum
541 2703 851 2742 matrimonium
881 2703 933 2744 sit
962 2704 1251 2745 indissolubile
1279 2712 1431 2745 natura
1461 2720 1549 2746 sua.

274 2767 355 2806 Sed
384 2767 561 2819 partitio,
583 2768 636 2808 ad
656 2775 843 2809 nostram
865 2770 1155 2810 tractationem
1178 2770 1452 2811 ordinandam
1469 2778 1700 2824 opportuna
1719 2773 1790 2811 illa

231 2836 306 2879 est,
327 2845 406 2883 qua
423 2833 609 2874 sociatas
624 2834 666 2873 in
690 2836 862 2875 totalem
883 2841 922 2875 et
936 2836 1173 2888 partialem
1195 2836 1381 2876 distribui
1402 2844 1546 2889 potest;
1564 2852 1669 2890 quae
1691 2851 1791 2877 sane

230 2896 395 2949 partitio
425 2912 451 2938 a
471 2900 553 2940 fine
574 2900 814 2942 desumitur.
840 2903 946 2943 Nam
964 2902 1129 2952 bonum,
1147 2910 1315 2956 propter
1336 2904 1443 2956 quod
1460 2904 1623 2944 collatis
1637 2904 1792 2945 viribus
