1970 3203
205 216 340 243 CAPUT
369 215 408 242 11.
428 214 481 241 DE
502 213 766 240 OPERATloNE
787 215 964 240 HUMANA
986 213 1126 240 PROUT
1144 213 1389 240 oamNATUR
1408 214 1447 240 IN
1470 214 1596 239 rmum
1654 199 1705 238 77

136 291 294 331 habent
309 289 490 342 aliquam
507 289 696 337 formam,
715 303 767 331 ex
783 304 863 342 qua
885 291 1091 332 declinent
1106 292 1160 331 ad
1180 305 1305 331 unum
1327 292 1611 341 determinate,
1629 292 1703 332 sed

131 369 156 395 a
175 354 338 407 proprio
359 359 552 393 movente
570 353 896 394 determinantur
911 355 963 394 ad
983 355 1135 407 aliquid
1151 369 1290 403 unum;
1308 362 1359 403 et,
1380 356 1462 395 hoc
1484 356 1577 408 ipso
1595 357 1702 408 quod

129 419 451 459 determinantur
466 417 519 456 ad
539 417 685 469 ipsum,
707 419 1011 470 quodammodo
1033 419 1307 471 disponuntur
1326 421 1369 460 in
1399 420 1522 467 idem3
1547 427 1586 460 et
1607 434 1701 460 cum

125 481 336 522 multoties
364 481 625 529 inclinantur,
656 482 984 522 determinantur
1003 484 1054 522 ad
1073 484 1182 524 idern
1203 498 1228 524 a
1250 486 1415 537 proprio
1437 491 1632 525 movente
1656 491 1697 524 et

127 548 316 587 firmatur
336 546 377 585 in
398 545 459 585 eis
478 545 691 586 inclinatio
713 547 997 595 determinata,
1013 548 1071 587 ita
1090 549 1198 600 quod
1218 549 1298 589 ista
1315 549 1529 602 dispositio
1549 563 1703 602 super-

126 612 296 654 inducta
325 618 388 652 est
416 612 534 664 quasi
563 613 766 664 quaedam
788 613 932 661 forma,
954 627 1024 666 per
1054 615 1220 653 modum
1253 623 1427 656 naturae
1456 617 1631 657 tendens
1658 617 1703 656 in

127 690 270 717 unum.
283 678 335 716 Et
350 687 516 728 propter
532 677 612 716 hoc
630 677 779 716 dicitur
795 677 900 729 quod
919 679 1176 718 consuetudo
1193 685 1256 718 est
1272 681 1404 719 altera
1420 677 1700 727 naturaQuia

128 744 251 797 igitur
267 743 331 783 vis
347 743 571 795 appetitiva
589 757 635 783 se
655 744 780 783 habet
797 744 850 783 ad
872 744 1119 793 utrumlibet,
1141 757 1226 785 non
1247 746 1375 785 tendit
1396 746 1437 784 in
1459 760 1599 793 unum,
1617 746 1700 786 nisi

128 810 356 851 secundum
386 810 496 861 quod
524 823 550 848 a
578 810 740 850 ratione
769 810 1065 850 determinatur
1093 811 1146 850 ad
1175 811 1285 850 illud.
1317 812 1419 851 Cum
1440 811 1563 863 igitur
1596 813 1701 852 ratio

128 877 337 916 multoties
365 876 539 915 inclinat
568 876 649 914 vim
679 875 945 928 appetitivam
975 876 1016 915 in
1045 876 1200 928 aliquid
1230 890 1356 915 unum
1376 910 1384 924 ,
1416 879 1460 917 fit
1491 878 1696 930 quaedam

129 940 341 993 dispositio
360 941 524 979 firmata
542 939 585 978 in
603 940 640 978 vi
656 940 893 991 appetitiva,
912 954 982 992 per
997 954 1120 992 quam
1141 940 1364 981 inclinatur
1379 941 1420 980 in
1443 954 1569 979 unum
1587 941 1695 993 quod

128 1004 358 1045 consuevit.
381 1004 431 1042 Et
451 1003 532 1042 ista
552 1004 777 1055 dispositio,
799 1003 859 1043 sic
879 1004 1057 1052 firmata,
1077 1011 1140 1044 est
1160 1003 1326 1043 habitus
1348 1004 1510 1044 virtutis
1530 1006 1604 1055 (1).
1629 1019 1648 1042 »

179 1071 242 1112 80.
274 1072 528 1111 Paoposmo
568 1070 624 1110 3³.
674 1069 822 1109 Virtus
852 1069 1031 1109 moralis
1061 1070 1258 1109 consistit
1285 1070 1329 1109 in
1360 1069 1495 1109 medio
1514 1103 1522 1118 ‚
1553 1083 1626 1110 sea
1659 1071 1701 1110 in

129 1135 442 1187 adaequatione
471 1147 565 1173 cam
597 1135 748 1186 regala
779 1134 976 1173 rationis.

180 1199 304 1239 Prob.
321 1198 464 1238 Virtus
480 1198 650 1237 moralis
667 1204 729 1237 est
745 1196 942 1249 perfectio
959 1196 1151 1243 hominis;
1163 1197 1354 1237 ordinata
1371 1198 1424 1236 ad
1436 1197 1524 1237 eius
1542 1203 1700 1238 rectam

127 1265 421 1320 operationem.
462 1263 585 1316 Atqui
614 1264 760 1315 regula
789 1264 924 1303 omnis
955 1265 1208 1316 operationis
1243 1265 1455 1304 humanae
1491 1273 1552 1306 est
1581 1266 1699 1307 ratio.

129 1333 241 1383 Ergo
258 1330 389 1369 virtus
404 1329 573 1369 moralis
589 1328 642 1368 ad
657 1329 860 1368 rationem
877 1328 1020 1368 referri
1038 1327 1170 1376 debet,
1181 1335 1399 1381 tamquam
1423 1329 1474 1368 ad
1492 1331 1701 1382 propriam

128 1395 329 1446 regulam.
360 1394 441 1433 Sed
470 1392 663 1445 quidquid
692 1392 868 1432 refertur
896 1393 949 1432 ad
978 1392 1143 1445 aliquid,
1166 1399 1378 1445 tamquam
1412 1393 1465 1431 ad
1496 1395 1698 1445 regulam,

131 1459 258 1510 exigit
287 1458 323 1497 ei
353 1456 602 1509 adaequari,
632 1457 690 1496 ita
718 1462 761 1495 ut
790 1469 923 1508 neque
953 1456 1050 1495 hinc
1080 1469 1213 1508 neque
1244 1456 1341 1496 inde
1372 1457 1577 1506 deflectat,
1609 1458 1698 1498 sive

130 1537 203 1576 per
233 1534 454 1562 excessum
484 1520 572 1560 sive
601 1534 673 1573 per
703 1520 928 1569 defectum„
960 1520 1194 1559 huiusmodi
1224 1528 1362 1561 autem
1394 1522 1669 1573 congruentia
1690 1555 1698 1571 ‚

130 1589 262 1629 medii
277 1588 488 1628 notionem
509 1587 716 1638 importat.
730 1589 840 1639 Ergo
862 1588 991 1626 virtus
1011 1587 1180 1626 moralis
1202 1588 1331 1640 exigit
1354 1597 1397 1627 ut
1419 1588 1470 1628 sit
1492 1590 1534 1628 in
1552 1589 1698 1637 medio,

130 1653 165 1693 si
185 1666 263 1705 pro
284 1652 419 1691 medio
440 1651 693 1702 intelligatur
710 1664 907 1691 mensura
923 1658 963 1690 et
979 1651 1127 1690 modus
1151 1664 1224 1701 per
1244 1652 1449 1692 rationem
1472 1652 1701 1704 impositus.

182 1718 410 1756 Praeterea
426 1747 435 1762 ‚
457 1715 517 1754 sic
539 1728 584 1755 se
604 1715 760 1755 habent
781 1715 1019 1768 operabitia
1042 1716 1205 1756 virtutis
1227 1724 1419 1769 respectu
1449 1717 1636 1765 rationis,
1658 1725 1702 1756 ut

129 1793 175 1820 se
204 1779 594 1831 habentsactibilia
615 1779 761 1818 virium
782 1787 977 1831 respectu
997 1780 1109 1819 artis.
1134 1781 1215 1821 Sed
1237 1781 1390 1820 bonum
1422 1795 1572 1829 rerum,
1596 1795 1701 1833 quae

128 1848 233 1886 fiunt
262 1858 335 1896 per
355 1851 499 1892 artem,
521 1845 711 1885 consistit
731 1846 773 1884 in
794 1846 873 1885 hoc
896 1852 938 1885 ut
957 1860 1198 1887 mensuram
1228 1854 1267 1888 et
1288 1849 1455 1888 modum
1479 1850 1699 1901 accipiant,

130 1909 196 1961 qui
217 1907 486 1961 prescribitur
505 1908 558 1947 ab
579 1914 678 1948 arte.
702 1910 812 1962 Ergo
834 1925 858 1950 a
879 1911 967 1962 pari
987 1911 1140 1950 bonum
1161 1913 1462 1963 operationum,
1486 1926 1591 1965 quae
1617 1913 1702 1951 vir-

129 1980 214 2014 tute
233 1971 521 2020 informantur,
552 1972 743 2012 consistit
769 1973 812 2012 in
841 1974 936 2021 hoc,
968 1981 1011 2013 ut
1040 1988 1280 2014 mensuram
1312 1983 1352 2014 et
1382 1976 1550 2015 modum
1572 1976 1700 2015 attin—

130 2043 244 2088 gant,
274 2035 341 2087 qui
370 2036 669 2087 praescribitur
698 2050 723 2075 a
751 2037 923 2076 ratione.
955 2038 1034 2077 Hic
1063 2039 1212 2078 modus
1243 2040 1475 2092 appellatur
1504 2039 1700 2089 mediam,

137 2109 259 2151 atque
290 2099 331 2136 id
358 2099 611 2151 intelligitur,
642 2113 737 2138 cum
767 2099 846 2140 dici
876 2102 992 2141 solet:
1023 2101 1165 2142 Virtus
1194 2103 1384 2143 consistit
1411 2103 1452 2142 in
1484 2104 1630 2143 medio.

183 2165 248 2204 81.
281 2166 533 2205 PRoposmo
562 2165 618 2205 4².
659 2166 847 2206 Virtutes
877 2168 1122 2208 cardinales
1162 2169 1205 2208 in
1235 2170 1426 2209 moribus
1463 2175 1564 2210 sant
1591 2184 1702 2223 qaa-

134 2233 251 2270 taor:
285 2231 476 2271 videlieet
494 2232 744 2284 prudentia,
775 2233 952 2282 iustitia,
980 2236 1262 2287 temperantia
1294 2239 1336 2275 et
1358 2237 1585 2284 fortitudo.

185 2295 308 2334 Prob.
337 2295 479 2336 Virtus
501 2296 657 2348 aliqua,
687 2303 731 2336 ut
760 2297 953 2337 observat
984 2298 1023 2337 S.
1055 2299 1254 2347 Thomas,
1283 2299 1434 2338 dicitur
1459 2300 1699 2348 cardinalis,

133 2360 251 2412 quasi
280 2360 548 2413 principalis3
578 2362 676 2414 quia
704 2375 830 2415 super
859 2376 951 2402 eam
980 2363 1087 2403 aliae
1118 2366 1293 2405 virtutes
1322 2367 1562 2413 firmantur,
1592 2366 1700 2406 sicut

133 2422 283 2462 ostium
313 2423 355 2462 in
383 2424 561 2464 cardine.
593 2426 784 2465 Iamvero
814 2426 1049 2466 huiusmodi
1070 2429 1370 2480 praerogativa
1389 2442 1473 2468 non
1494 2429 1701 2481 competit,

130 2486 209 2525 nisi
226 2492 401 2538 quatuor
417 2487 635 2527 virtutibus
652 2489 916 2529 enumeratis.
938 2491 1045 2530 Nam
1063 2504 1158 2530 cum
1175 2492 1307 2532 virtus
1326 2494 1368 2532 in
1386 2493 1465 2532 hoc
1484 2494 1700 2541 consistat,

132 2552 241 2603 quod
272 2552 505 2592 subiectum
533 2553 718 2594 inflectat
748 2555 800 2594 ad
828 2562 941 2594 recte
971 2557 1259 2608 operandum;
1290 2564 1348 2598 tot
1378 2566 1500 2598 erunt
1528 2561 1701 2600 virtutes

130 2615 400 2667 praecipuae,
431 2623 528 2668 quot
555 2624 652 2657 sunt
681 2617 913 2666 facultates,
935 2633 1040 2672 quae
1059 2620 1112 2659 ad
1132 2627 1269 2660 actum
1290 2623 1492 2662 moralem
1523 2636 1701 2662 concur-

129 2683 237 2724 runt,
271 2677 444 2730 eiusque
471 2687 666 2732 respectu
687 2680 790 2720 bene
807 2681 967 2733 disponi
983 2688 1023 2721 et
1042 2683 1223 2723 ordinari
1239 2692 1425 2738 possunt.
1449 2687 1540 2725 Hae
1562 2694 1700 2726 autem

132 2740 367 2792 facultates,
378 2750 421 2783 ut
438 2758 490 2784 ex
507 2758 633 2798 supra
649 2746 768 2786 dictis
786 2746 922 2799 colligi
939 2753 1192 2800 potest,sunt
1207 2751 1524 2799 ratio‚voluntas
1543 2757 1582 2791 et
1603 2765 1702 2792 sen-

184 2881 234 2921 (1)
262 2883 322 2925 Qq.
348 2884 448 2926 Disp.
477 2886 648 2922 Quaestio
673 2888 727 2920 De
751 2888 947 2922 rit-taribus
970 2889 1008 2922 in
1033 2890 1227 2929 communi,
1249 2902 1278 2923 a.
1301 2892 1327 2923 9.
