1970 3203
214 204 268 244 66
899 212 1123 240 ETHlCA

216 290 327 330 actio
358 290 563 330 rationem
591 289 726 329 meriti
758 302 907 329 revera
937 287 1069 329 induit
1098 294 1137 329 et
1166 289 1220 329 ad
1249 290 1481 342 praemium
1513 290 1662 329 saltem
1692 287 1805 341 grati

216 356 345 395 animi
375 355 439 395 ius
469 355 601 394 affert.
632 355 684 395 Et
713 367 845 401 sane,
880 354 1071 406 quamvis
1102 354 1276 393 caritate
1306 367 1410 406 erga
1444 354 1621 407 patriam
1654 364 1800 392 omnes

218 420 479 461 devincimur
499 434 507 468 ;
539 427 681 460 tamen
711 419 856 470 negari
878 419 1020 471 nequit
1042 418 1163 458 valde
1185 418 1335 457 mereri
1357 431 1462 466 eum,
1485 418 1553 470 qui
1584 416 1696 458 curis
1721 429 1803 455 om-

215 485 336 525 nibus
358 485 534 536 patriam
554 484 778 532 illustrare,
798 497 955 536 augere
973 491 1013 524 et
1032 484 1083 523 ab
1101 484 1292 523 hostibus
1309 483 1413 523 tueri
1435 484 1584 523 studet.
1604 483 1805 533 Itemque,

216 549 293 589 etsi
315 548 533 601 egentibus
554 561 675 600 opem
706 548 813 589 serre
835 555 1013 588 naturae
1040 549 1132 600 lege
1156 548 1386 597 iubeamur,
1409 549 1500 601 quis
1531 548 1721 588 meritum
1744 547 1808 587 de·

218 612 411 653 trectabit
442 612 492 660 ei,
523 613 590 665 qui
619 613 715 652 huic
747 614 886 653 officio
918 612 1217 664 obtemperat?
1257 613 1371 653 Idem
1411 612 1476 653 dic
1505 612 1555 653 de
1591 612 1804 652 sexcentis

218 679 310 719 aliis
342 679 547 731 exemplis
575 679 745 732 generis
775 680 974 720 eiusdem.

271 743 335 782 63.
366 745 624 783 PaoposlTio
655 744 711 782 2³.
743 744 885 782 Homo
917 744 1081 784 actibus
1110 745 1201 785 suis
1232 746 1391 786 mereri
1412 749 1551 799 potest
1579 747 1641 786 vel
1661 746 1803 786 deme-

221 812 311 851 reri
341 813 470 850 etiam
501 811 619 863 apud
646 812 902 850 societatem.

273 877 396 917 Prob.
421 878 557 916 Homo
579 877 743 916 actibus
764 877 852 917 suis
869 884 1005 929 potest
1024 878 1329 918 incrementum
1347 880 1412 919 vel
1434 880 1723 920 detrimentum
1747 879 1802 919 af-

221 942 331 982 ferre
352 949 436 980 tum
460 941 570 981 bono
594 941 804 981 communi
828 941 1055 990 societatis,
1080 949 1164 982 tum
1186 943 1297 983 bono
1318 943 1480 996 privato
1508 944 1730 983 sociorum.
1755 945 1803 982 In

221 1014 395 1058 utroque
425 1019 527 1045 casu
550 1007 656 1046 ratio
675 1006 834 1046 ordinis
855 1012 895 1045 et
916 1006 1194 1058 proportionis
1213 1007 1353 1059 exigit,
1373 1013 1417 1046 ut
1440 1007 1517 1059 ipsi
1535 1007 1577 1046 in
1594 1006 1713 1047 bonis
1730 1014 1805 1046 aut

217 1075 262 1114 in
284 1075 405 1114 malis
429 1074 697 1127 aequivalens
715 1073 978 1113 retribuatur.
991 1074 1057 1112 Ad
1077 1086 1164 1113 rem
1189 1073 1228 1112 S.
1253 1074 1453 1113 Thomas:
1480 1088 1499 1111 «
1521 1073 1717 1114 Meritum
1737 1074 1806 1113 vel

223 1141 469 1181 demeritum
502 1140 695 1180 dicuntur
714 1141 756 1179 in
780 1140 925 1180 ordine
947 1142 996 1178 ad
1020 1139 1346 1189 retributionem,
1368 1154 1473 1192 quae
1503 1141 1549 1180 fit
1571 1139 1802 1180 secundum

217 1207 430 1247 iustitiam.
449 1205 679 1246 Retributio
697 1213 837 1245 autem
854 1205 1086 1245 secundum
1102 1205 1300 1244 iustitiam
1323 1206 1369 1245 fit
1384 1205 1510 1245 alicui
1531 1219 1585 1245 ex
1606 1218 1668 1254 eo,
1690 1205 1801 1257 quod

220 1273 307 1326 agit
322 1273 363 1312 in
375 1272 604 1325 profectum
621 1273 685 1312 vel
698 1278 997 1312 nocumentum
1014 1272 1283 1311 alterius.Est
1299 1277 1437 1311 autem
1450 1271 1802 1311 considerandum

221 1337 332 1389 quod
353 1337 652 1388 unusquisque,
675 1336 716 1375 in
738 1335 877 1388 aliqua
899 1335 1100 1375 societate
1122 1335 1281 1384 vivens,
1305 1343 1369 1376 est
1390 1336 1529 1388 aliquo
1560 1336 1684 1375 modo
1707 1349 1803 1388 pars

221 1401 504 1443 etmembrum
522 1400 646 1439 totius
666 1399 894 1439 societatis.
916 1400 1175 1450 Quicumque
1192 1413 1294 1452 ergo
1312 1400 1400 1453 agit
1420 1399 1575 1452 aliquid
1591 1400 1633 1439 in
1651 1399 1805 1439 bonum

223 1473 286 1512 vel
316 1471 472 1510 malum
503 1466 678 1507 alicuius
707 1465 750 1504 in
779 1465 981 1505 societate
1012 1465 1241 1513 existentis,
1264 1466 1345 1505 hoc
1367 1467 1571 1506 redundat
1603 1466 1806 1505 in⁴totam

222 1536 478 1577 societatem:
498 1532 607 1572 sicut
623 1530 691 1583 qui
707 1530 834 1571 laedit
852 1543 1035 1578 manum,
1055 1542 1128 1581 per
1146 1542 1411 1582 consequens
1432 1529 1557 1570 laedit
1576 1529 1804 1570 hominem.

222 1603 327 1642 Cum
359 1611 460 1650 ergo
491 1596 641 1647 aliquis
671 1595 758 1647 agit
802 1594 842 1633 in
884 1594 1039 1634 bonum
1070 1594 1135 1633 vel
1165 1594 1321 1632 malum
1368 1593 1538 1632 alterius
1578 1593 1807 1645 singularis

220 1677 438 1720 personae,
462 1662 573 1702 cadit
602 1661 657 1700 ibi
689 1659 908 1711 dupliciter
937 1659 1042 1698 ratio
1065 1658 1202 1698 meriti
1232 1659 1295 1697 vel
1328 1658 1528 1698 demeriti.
1554 1658 1647 1697 Uno
1679 1658 1804 1697 modo

221 1732 450 1773 secundum
469 1728 577 1781 quod
595 1727 768 1766 debetur
791 1725 826 1765 ei
843 1724 1057 1764 retributio
1075 1738 1100 1763 a
1117 1723 1319 1776 singulari
1337 1736 1532 1776 persona,
1548 1737 1672 1776 quam
1690 1724 1809 1763 iuvat

222 1798 286 1837 vel
319 1792 490 1835 offendit
512 1806 520 1841 3
552 1790 635 1830 alio
657 1789 779 1828 modo
802 1789 1030 1828 secundum
1054 1788 1161 1840 quod
1183 1788 1353 1827 debetur
1375 1788 1412 1827 ei
1435 1788 1649 1828 retributio
1673 1801 1697 1827 a
1719 1795 1804 1827 toto

222 1860 414 1912 collegio.
449 1857 627 1905 Quando
658 1869 757 1895 vero
788 1854 939 1906 aliquis
971 1854 1136 1893 ordinat
1167 1861 1308 1894 actum
1340 1854 1496 1894 directe
1519 1854 1561 1892 in
1590 1854 1744 1894 bonum
1769 1864 1808 1894 et

222 1927 377 1965 malum
408 1923 533 1962 totius
556 1920 734 1972 collegii,
753 1919 925 1958 debetur
947 1919 983 1957 ei
1004 1918 1220 1958 retributio
1243 1917 1374 1970 primo
1396 1918 1561 1970 quidem
1584 1926 1624 1958 et
1645 1918 1806 1969 princi-

221 1992 369 2044 paliter
400 2004 424 2028 a
455 1994 541 2028 toto
572 1985 762 2037 collegio,
794 1984 1049 2024 secundario
1081 1997 1179 2024 vero
1211 1984 1264 2023 ab
1295 1984 1489 2024 omnibus
1520 1984 1685 2036 collegii
1706 1997 1805 2036 par-

221 2056 342 2096 tibus.
374 2056 477 2094 Cum
509 2066 608 2092 vero
639 2051 789 2103 aliquis
820 2050 907 2101 agit
942 2049 1051 2102 quod
1071 2049 1114 2087 in
1132 2049 1286 2088 bonum
1309 2048 1520 2101 proprium
1551 2049 1616 2088 vel
1648 2049 1806 2088 malum

225 2121 373 2173 vergit,
407 2119 531 2158 etiam
565 2117 737 2156 debetur
767 2115 804 2155 ei
843 2114 1058 2154 retributio
1088 2113 1130 2152 in
1169 2120 1372 2166 quantum
1401 2113 1525 2152 etiam
1555 2114 1636 2153 hoc
1668 2114 1805 2167 vergit

224 2190 265 2227 in
296 2188 451 2227 bonum
482 2195 716 2229 commune,
748 2181 979 2221 secundum
1011 2180 1119 2232 quod
1149 2179 1238 2231 ipse
1265 2185 1329 2220 est
1357 2193 1456 2232 pars
1486 2179 1651 2231 collegii
1688 2181 1762 2230 (1).
1786 2195 1804 2216 »

279 2255 341 2294 64.
375 2254 633 2291 Pnoposrrlo
665 2247 721 2286 3²².
754 2247 896 2285 Homo
919 2246 1086 2286 actibus
1113 2246 1203 2285 suis
1223 2246 1380 2285 mereri
1406 2248 1545 2297 potest
1574 2247 1637 2285 vel
1665 2246 1807 2286 cleme—

226 2318 318 2358 reri
346 2315 463 2368 apud
490 2314 641 2352 Deum.

277 2382 400 2422 Proh.
433 2379 522 2420 Etsi
544 2380 658 2417 Deus
680 2378 722 2416 in
742 2389 789 2416 se
821 2375 958 2428 quoad
987 2374 1197 2427 propriam
1225 2374 1524 2426 perfectionem
1555 2376 1701 2428 augeri
1730 2389 1807 2416 ne—

223 2453 371 2500 queat;
388 2444 534 2497 augeri
552 2448 693 2482 tamen
714 2445 851 2493 potest
874 2440 1010 2492 quoad
1031 2438 1209 2491 gloriam
1231 2438 1529 2488 extrinsecam,
1547 2446 1586 2479 et
1606 2441 1808 2480 honorem

222 2513 300 2565 ipsi
332 2510 612 2550 exhibendum
636 2521 661 2547 a
690 2506 886 2547 rationali
909 2510 1116 2545 creatura.
1141 2505 1318 2557 Insuper
1348 2519 1441 2544 cum
1470 2506 1524 2545 sit
1551 2506 1808 2558 gubernator

222 2579 348 2619 totius
380 2575 566 2616 universi
597 2582 638 2615 et
668 2573 932 2626 potissimum
964 2571 1181 2611 societatis
1209 2572 1450 2621 humanae;
1482 2572 1559 2611 sibi
1602 2573 1806 2624 quodam-

225 2645 350 2684 modo
369 2642 508 2682 tribuit
520 2640 717 2693 quidquid
733 2639 776 2678 in
792 2639 945 2679 bonum
958 2637 1084 2677 huius
1101 2638 1318 2678 societatis
1339 2644 1409 2677 aut
1425 2638 1703 2678 membrorum
1720 2640 1809 2680 eius

227 2710 415 2752 efficitur.
449 2709 511 2747 Ex
542 2706 694 2758 duplici
726 2706 808 2745 hoc
841 2705 976 2757 capite
1008 2705 1134 2744 homo
1173 2704 1323 2745 mereri
1352 2710 1487 2758 potest
1523 2706 1632 2757 apud
1663 2707 1808 2755 Deum,

225 2780 431 2828 quatenus
460 2772 665 2810 honorem
698 2771 786 2809 Deo
818 2768 1001 2808 debitum
1034 2775 1242 2820 procurat,
1275 2774 1314 2808 et
1337 2773 1540 2820 quatenus
1574 2774 1807 2810 ceterorum

272 2905 334 2946 (1),
350 2904 505 2936 Summa
529 2901 574 2933 tlz.
604 2890 644 2932 1.'·
667 2900 708 2932 2.·
735 2908 766 2939 q.
792 2899 889 2936 XXI,
913 2908 941 2931 a.
966 2898 989 2930 3.
