1970 3203
597 202 734 229 CAPUT
763 202 815 229 111.
845 203 898 230 DE
927 203 1158 232 socm'rATE
1186 205 1306 233 cmm
1657 196 1733 235 225

167 279 360 331 suppleat
387 278 660 331 singulorum,
690 279 757 331 qui
782 292 971 319 seorsum
991 292 1064 332 per
1091 294 1137 321 se
1156 282 1224 321 vel
1242 281 1354 321 nullo
1375 282 1496 322 modo
1518 283 1583 323 vel
1604 296 1732 336 aegre

166 350 206 385 et
234 343 451 384 difficulter
480 345 608 384 finem
639 352 1001 396 consequerentur,
1031 345 1084 384 ad
1104 359 1226 397 quem
1247 346 1491 388 ordinantur
1520 361 1546 387 a
1566 353 1728 389 natura.

671 538 911 578 Solvuntur·
939 539 1216 591 difficultates

213 666 274 705 37.
309 665 438 704 Obz'ic.
469 667 499 705 Ι.
532 680 582 705 eoe
609 666 845 705 Rousseau.
880 667 932 706 Ut
973 671 1103 706 status
1133 667 1336 707 naturalis
1364 669 1546 710 hominis
1577 670 1727 723 digno-

161 738 315 778 scatur,
334 731 470 783 ipsum
500 744 654 771 exuere
674 739 836 783 oportet
857 731 1048 772 omnibus
1075 732 1195 772 donis
1224 735 1503 785 superadditis
1523 743 1563 776 et
1591 737 1727 777 facul-

166 796 319 837 tatibus
349 804 438 838 arte
468 797 693 850 acquisitis
716 797 793 837 His
813 804 950 838 autem
973 798 1161 850 demptis,
1182 798 1307 839 homo
1328 800 1532 841 silvestris
1554 804 1722 844 omnino

161 873 211 900 ac
241 874 391 913 segrex
421 868 620 914 apparet,
652 874 730 901 nec
760 861 840 900 nisi
870 861 1180 901 sensationibus
1209 868 1369 903 tantum
1399 864 1639 905 instructus.
1673 868 1726 906 ΙΙ.

159 928 284 967 Ideae
304 928 565 968 universales
586 942 663 981 ope
684 928 888 968 sermonis
909 934 1216 980 comparantur.
1237 930 1292 969 At
1313 943 1450 970 sermo
1480 932 1639 971 homini
1660 945 1728 971 na-

159 990 304 1031 turalis
333 1004 416 1030 non
448 997 521 1031 est.
553 993 600 1030 In
631 998 741 1032 statu
769 992 895 1044 igitur
924 992 1104 1031 naturali
1134 992 1259 1033 homo
1289 1003 1403 1033 caret
1423 994 1526 1034 ideis
1559 995 1726 1035 univer-

158 1054 325 1095 salibus.
360 1055 432 1094 ΙΙΙ.
465 1055 587 1094 Multi
616 1056 767 1107 reperti
797 1062 892 1095 sunt
920 1056 1112 1096 homines
1139 1056 1185 1095 in
1206 1057 1403 1097 America
1432 1064 1472 1098 et
1500 1059 1645 1099 Africa
1674 1074 1726 1101 ac

156 1119 261 1159 locis
290 1119 383 1170 polo
413 1119 617 1171 proximis
647 1119 879 1158 belluarum
910 1132 1024 1158 more
1055 1119 1255 1168 viventes,
1273 1121 1362 1160 sine
1391 1121 1604 1174 religione,
1635 1123 1726 1163 sine

156 1183 338 1235 legibus,
369 1183 461 1222 sine
489 1183 706 1232 moribus;
735 1182 965 1222 cuiusmodi
995 1188 1091 1222 sunt
1121 1185 1349 1232 Hurrones‚
1380 1185 1625 1235 Hutentotti,
1649 1188 1724 1226 La-

154 1249 279 1302 ponii,
311 1249 475 1302 aliique.
505 1251 560 1289 At
589 1249 632 1289 hi
660 1249 703 1288 in
731 1255 841 1289 statu
867 1249 1045 1288 naturali
1076 1249 1313 1289 manebant.
1345 1251 1456 1302 Ergo
1486 1258 1620 1291 status
1647 1265 1726 1291 na-

158 1315 305 1355 turalis
333 1315 511 1355 hominis
541 1328 567 1354 a
595 1314 777 1354 belluino
807 1314 976 1353 minime
1007 1315 1154 1355 differt.

208 1381 257 1420 R.
276 1381 323 1419 In
343 1381 488 1432 primis
509 1379 662 1420 falsum
683 1387 745 1420 est
766 1380 1002 1419 exuendum
1024 1393 1118 1421 esse
1139 1381 1350 1420 hominem
1371 1382 1563 1422 omnibus
1584 1383 1724 1435 perfe-

156 1442 363 1482 ctionibus
380 1449 470 1483 arte
487 1442 717 1495 acquisitis,
737 1449 780 1482 ut
795 1448 929 1482 status
945 1443 1034 1483 eius
1050 1443 1254 1484 naturalis
1271 1445 1615 1495 deprehendatur.
1634 1448 1726 1487 Hae

158 1505 266 1545 enim
283 1506 317 1544 si
333 1506 516 1546 hominis
534 1511 711 1546 naturae
734 1514 831 1546 sunt
848 1513 1159 1547 consentaneae
1175 1515 1214 1547 et
1235 1521 1287 1547 ex
1304 1508 1516 1561 principiis
1531 1511 1726 1550 evolvun-

154 1575 221 1608 tur
240 1570 372 1609 eidem
394 1570 547 1618 inditis,
567 1571 801 1610 naturalem
822 1571 958 1623 potius
979 1572 1068 1611 eius
1099 1578 1253 1612 statum
1290 1575 1559 1614 constituunt.
1582 1575 1725 1615 Status

157 1632 264 1672 enim
285 1633 489 1672 naturalis
506 1633 574 1672 ille
594 1639 671 1680 est,
694 1633 762 1685 qui
782 1647 808 1672 a
823 1634 1037 1686 principiis
1052 1642 1228 1675 naturae
1250 1637 1446 1688 procedit,
1469 1643 1507 1677 et
1528 1638 1580 1677 ad
1601 1653 1721 1691 quem

154 1711 222 1738 res
239 1712 264 1737 a
283 1704 433 1738 natura
456 1698 682 1738 ordinatur.
704 1699 862 1738 Deinde
879 1699 1042 1739 etiamsi
1057 1713 1134 1752 ope
1144 1701 1438 1741 abstractionis
1455 1704 1580 1743 homo
1598 1717 1723 1744 exua-

155 1773 221 1805 tur
242 1764 566 1816 perfectionibus
588 1771 676 1804 arte
699 1764 926 1816 acquisitis,
949 1778 1033 1804 non
1056 1771 1197 1806 tamen
1218 1767 1313 1807 talis
1329 1776 1532 1819 superest,
1554 1771 1717 1822 qualem

152 1832 372 1871 Rousseau
402 1829 744 1870 comminiscitur.
767 1831 859 1869 Non
884 1830 992 1869 enim
1015 1831 1105 1870 sola
1124 1831 1380 1872 sensibilitas
1400 1835 1614 1885 supererit,
1646 1837 1720 1875 sed

151 1895 274 1935 etiam
296 1895 417 1943 ratio,
437 1907 542 1946 quae
553 1894 789 1934 essentialis
801 1894 959 1934 homini
973 1901 1050 1943 est,
1075 1902 1160 1934 tum
1178 1896 1302 1935 etiam
1314 1898 1516 1949 supererit
1533 1900 1713 1939 societas

153 1958 395 2006 domestica,
412 1958 502 1996 sine
519 1971 600 2009 qua
615 1958 742 1997 homo
763 1971 841 1997 nec
863 1958 980 1997 nasci
1001 1971 1079 1997 nec
1101 1960 1345 1998 conservari
1366 1966 1512 2011 potest;
1536 1962 1710 2014 denique

153 2025 354 2075 supererit
384 2024 510 2064 insita
539 2024 762 2076 propensio
793 2030 832 2063 et
861 2024 960 2064 ordo
991 2024 1044 2062 ad
1072 2024 1284 2064 civitatem
1313 2027 1626 2067 efformandam.

202 2088 269 2128 Ad
298 2088 526 2128 secundum
547 2087 801 2139 reponimus,
832 2094 1050 2139 utrumque
1067 2101 1092 2126 a
1109 2088 1283 2129 veritate
1304 2089 1483 2130 deficere
1501 2103 1509 2130 :
1530 2091 1722 2132 nimirum

152 2153 269 2193 ideas
289 2153 511 2205 generales
528 2166 554 2191 a
569 2165 763 2191 sermone
784 2152 974 2204 pendere,
997 2158 1036 2191 et
1053 2165 1291 2193 sermonem
1312 2155 1470 2195 homini
1487 2160 1720 2198 naturalem

154 2231 238 2257 non
276 2230 382 2257 esse.
404 2217 597 2256 Idearum
633 2216 742 2256 enim
780 2215 1078 2264 universalitas
1098 2230 1182 2256 non
1203 2231 1229 2256 a
1249 2218 1434 2266 vocibus,
1465 2234 1570 2272 quae
1599 2222 1714 2262 ideas

153 2280 415 2328 subaudiunt,
439 2280 513 2319 sed
530 2293 584 2319 ex
603 2280 886 2320 abstractione
903 2280 1043 2328 oritur,
1062 2280 1177 2320 circa
1192 2282 1487 2333 phantasmata
1506 2284 1716 2337 imagina-

152 2347 287 2395 tionis,
317 2346 664 2399 quemadmodum
681 2346 722 2384 in
743 2346 1029 2398 Psychologia
1045 2346 1296 2399 explicatum
1316 2356 1389 2388 est.
1416 2350 1715 2393 Sermocinatio

152 2418 291 2452 autem
325 2424 429 2462 opus
448 2417 623 2451 naturae
639 2417 713 2458 est,
731 2424 838 2462 quae
867 2424 1028 2462 organa
1048 2411 1100 2450 ad
1123 2411 1364 2452 articulatas
1386 2426 1512 2453 voces
1533 2415 1719 2458 edendas

153 2475 273 2515 nobis
305 2473 594 2521 conformavit,
615 2480 655 2513 et
684 2474 767 2512 vim
798 2473 1008 2513 concessit
1037 2473 1277 2513 associandi
1297 2475 1413 2514 ideas
1444 2490 1536 2516 cum
1566 2479 1710 2531 signis.

203 2540 354 2587 Quoad
369 2538 547 2586 tertium,
565 2551 688 2577 nemo
706 2545 769 2577 est
785 2537 853 2589 qui
869 2550 952 2576 non
981 2538 1133 2577 sentiat
1153 2538 1194 2576 in
1215 2539 1424 2589 praesenti
1443 2541 1643 2584 historiae
1661 2546 1716 2585 lu-

151 2620 198 2647 ce
213 2605 521 2646 Rousseavium
533 2604 741 2644 coecutire
763 2603 804 2642 in
826 2603 1100 2642 describenda
1118 2603 1354 2644 conditione
1365 2618 1507 2646 earum
1518 2610 1714 2660 gentium.

149 2673 238 2712 Etsi
261 2672 369 2712 enim
397 2671 494 2710 illae
522 2668 712 2709 barbaris
740 2668 925 2708 moribus
954 2673 1124 2707 utuntur
1139 2683 1149 2717 ;
1179 2669 1291 2708 haud
1330 2676 1468 2711 tamen
1508 2687 1558 2713 ea
1584 2676 1715 2727 stupi-

150 2737 274 2777 ditate
302 2737 507 2783 laborant,
531 2748 654 2787 quarn
674 2733 775 2786 ipsis
805 2732 1012 2772 fabulator
1040 2739 1184 2772 noster
1222 2734 1418 2787 appingit.
1460 2738 1567 2777 Nam
1597 2747 1709 2781 certe

150 2803 320 2843 rationis
349 2816 428 2842 usu
447 2802 649 2848 fruuntur,
666 2813 717 2839 ac
739 2799 814 2839 Dei
834 2798 1020 2851 legisque
1040 2804 1215 2838 naturae
1236 2800 1457 2849 notionem,
1477 2810 1714 2858 utcumque-

153 2869 421 2921 depravatam
437 2873 478 2907 et
493 2865 702 2906 erroribus
721 2865 959 2917 implexam,
971 2863 1152 2916 aliquam
1173 2870 1310 2904 tamen
1326 2866 1550 2917 possident,
1561 2876 1600 2909 et
1620 2884 1715 2911 con-

230 2944 513 2975 LlssmzAToRE—
527 2939 661 2972 Ethieoc
683 2942 718 2971 et
741 2939 806 2971 Ias
828 2942 1002 2971 naturae.
1593 2945 1631 2976 15
