1970 3203
14 2678 32 2704 Ν

611 178 747 205 CAPUT
777 179 814 205 11.
844 178 896 205 DE
925 177 1152 206 socOETATE
1182 180 1299 206 Civffl
1661 171 1737 210 271

180 256 497 311 procurandam,
528 269 621 295 cum
652 255 730 295 sibi
759 262 798 296 et
828 255 1017 308 propriae
1046 255 1227 296 familiae
1247 263 1445 309 perpetuo
1473 258 1739 299 coniunctam

172 321 468 374 rempublicam
499 326 758 360 contueatur.

221 389 285 429 76.
315 388 371 429 De
402 388 670 428 successione
698 399 775 439 per
806 388 1076 429 electionem.
1108 388 1226 434 Quod
1255 389 1288 427 si
1311 389 1378 428 hic
1401 403 1491 429 mos
1523 390 1738 429 transmit—

167 453 283 493 ·tendi
294 457 540 505 potestatem
558 451 647 490 iure
667 451 946 491 haereditario
967 451 1117 490 alicubi
1140 465 1222 492 non
1241 453 1392 505 vigeat,
1414 460 1512 494 tunc
1534 454 1737 494 electione

170 530 272 569 opus
292 522 366 556 est.
379 517 496 555 Haec
515 522 652 556 autem
668 515 846 554 habetur
862 529 968 563 cum,
982 515 1167 566 principe
1179 516 1263 555 vita
1276 516 1427 565 functo,
1441 518 1654 568 primores,
1667 525 1740 557 aut

174 582 362 632 populus,
392 586 463 619 aut
492 592 589 631 pars
617 579 769 631 populi,
799 578 865 618 cui
895 578 1164 618 commissum
1204 579 1256 620 sit
1294 581 1550 633 suffragium,
1582 587 1740 621 certam

174 656 395 695 personam
414 643 617 695 designat,
632 656 754 695 quam
768 643 1067 695 gubernandae
1083 643 1335 695 reipublicae
1352 644 1544 685 idoneam
1554 652 1679 697 putet,
1701 653 1742 687 et

173 722 290 760 quae,
313 709 601 761 acceptatione
622 717 805 761 peracta,
822 722 984 748 summo
1005 710 1176 761 imperio
1197 710 1400 750 instructa
1422 720 1627 753 censetur.
1648 715 1742 753 Hac

170 773 211 812 in
242 786 287 812 re
309 786 391 813 non
413 773 524 813 aliud
546 773 765 812 dicendum
788 773 980 820 occurrit,
1002 773 1082 813 nisi
1101 774 1326 826 pessimam
1359 788 1451 817 esse
1482 777 1739 823 electionem,

171 852 277 890 quae
299 837 431 889 plebis
449 845 604 877 tantum
621 837 772 876 iudicio
796 836 1084 876 committatur.
1105 839 1225 884 Nam,
1248 837 1299 877 ad
1321 839 1453 878 bonos
1474 839 1738 892 scientesque

170 906 360 946 homines
382 905 636 956 deligendos,
659 905 725 957 qui
746 904 999 957 reipublicae
1020 905 1317 956 gubernandae
1338 905 1421 957 apti
1446 905 1539 954 sint,
1561 907 1739 946 scientia

171 976 210 1009 et
230 969 448 1021 prudentia
469 968 702 1020 requiritur,
732 983 813 1021 qua
842 969 957 1021 plebs
984 969 1068 1008 fere
1099 982 1269 1021 prorsus
1300 970 1482 1010 orbatur.
1513 972 1742 1024 Praeterea

171 1033 290 1085 plebs
310 1033 438 1072 nimia
458 1033 588 1072 animi
607 1033 833 1072 mobilitate
854 1033 1015 1073 laborat
1036 1039 1075 1072 et
1096 1033 1219 1073 facile
1245 1033 1463 1085 exponitur
1494 1033 1741 1086 deceptioni3

173 1107 270 1146 tum,
293 1106 459 1149 propter
478 1097 672 1149 inopiam,
695 1111 776 1150 qua
795 1110 922 1149 saepe
952 1098 1168 1148 premitur,
1187 1097 1477 1149 largitionibus
1494 1097 1606 1137 allici
1636 1098 1739 1137 solet

173 1163 226 1202 ad
255 1164 501 1216 suffragium
534 1177 606 1215 pro
638 1163 688 1203 iis
718 1163 944 1210 ferendum,
975 1163 1041 1215 qui
1073 1163 1209 1202 minus
1239 1162 1334 1214 eligi
1365 1169 1635 1203 mererentur.

227 1230 288 1270 77.
318 1230 374 1270 De
404 1231 495 1270 iure
515 1230 732 1270 victoriae.
757 1230 988 1277 Postremo,
1011 1229 1227 1280 imperium
1250 1229 1407 1280 acquiri
1425 1235 1561 1280 potest
1580 1229 1668 1269 iure
1692 1229 1746 1268 vi-

172 1294 343 1334 ctoriae.
364 1295 482 1341 Quod
499 1301 540 1333 ut
558 1294 735 1342 eveniat,
748 1294 985 1346 exposcitur
999 1294 1042 1333 in
1062 1294 1206 1346 primis
1223 1300 1266 1334 ut
1287 1294 1437 1334 bellum
1465 1294 1571 1334 iuste
1593 1307 1741 1333 susce-

173 1365 285 1408 ptum
316 1358 393 1397 sit:
415 1371 540 1397 secus
562 1358 779 1409 potestatis
802 1358 1020 1409 occupatio
1042 1358 1261 1398 latrocinio
1283 1358 1603 1410 comparabitur,
1629 1364 1667 1397 et
1687 1357 1746 1396 in-

176 1435 304 1461 vasor
314 1435 396 1461 non
410 1422 605 1474 princeps
625 1422 698 1462 sed
720 1429 939 1474 usurpator
956 1423 1191 1461 censendus
1213 1422 1299 1462 erit.
1312 1423 1472 1462 Deinde
1489 1435 1664 1462 necesse
1682 1428 1746 1462 est

173 1493 215 1525 ut
230 1487 399 1526 socialis
412 1487 691 1539 tranquillitas
703 1487 886 1528 victricis
902 1487 1051 1539 gentis,
1063 1494 1132 1527 aut
1144 1488 1319 1527 aliorum
1331 1489 1518 1527 affinium
1530 1488 1744 1528 nationum

171 1564 319 1603 reapse
331 1551 512 1602 requirat
526 1551 794 1590 mutationem
812 1550 1026 1604 regiminis
1042 1558 1112 1591 aut
1126 1551 1328 1590 iacturam
1346 1552 1688 1604 independentiae
1700 1552 1744 1591 in

171 1616 411 1669 populo,qui
434 1617 674 1656 debellatur:
693 1630 817 1656 secus
838 1617 994 1657 iustitia
1014 1631 1038 1656 a
1052 1618 1208 1657 victore
1229 1618 1476 1666 laederetur,
1493 1619 1559 1670 qui
1577 1619 1744 1659 nonnisi

172 1681 225 1719 ad
242 1680 487 1719 damnorum
504 1680 809 1732 reparationem
831 1680 1093 1732 exigendam,
1108 1695 1157 1720 ac
1179 1695 1369 1733 poenam,
1386 1695 1459 1734 pro
1482 1683 1628 1722 merito
1650 1684 1743 1722 cul—

173 1759 264 1797 pae,
291 1745 413 1785 victis
434 1745 702 1797 infligendam
724 1746 788 1785 ius
809 1747 1004 1798 possidet.
1029 1748 1250 1799 Nunquam
1271 1762 1370 1788 vero
1392 1749 1524 1788 victor
1546 1749 1743 1789 facultate

176 1810 567 1862 gaudetprincipern
585 1824 606 1850 e
622 1810 805 1862 legitimo
822 1811 925 1850 solio
945 1811 1201 1859 deturbandi,
1220 1818 1290 1851 aut
1309 1812 1514 1864 integram
1532 1813 1744 1852 nationem

176 1889 277 1915 suae
296 1875 438 1914 ditioni
455 1875 700 1915 subiiciendi
719 1877 845 1928 (quod
861 1877 1042 1928 speciem
1061 1877 1282 1930 quamdam
1306 1878 1451 1918 mortis
1468 1878 1593 1917 veluti
1616 1878 1747 1918 socia-

173 1940 223 1979 lis
254 1939 515 1992 praesefert),
545 1939 624 1978 nisi
651 1939 689 1977 id
719 1942 896 1991 postulet
928 1941 1030 1981 ratio
1062 1954 1233 1992 poenae.
1264 1948 1335 1980 aut
1356 1942 1560 1981 securitas
1592 1943 1746 1994 gentis,

174 2016 276 2055 quae
306 2002 458 2042 iniuste
488 2003 605 2041 laesa
635 2010 709 2042 est.
743 2004 825 2042 Sed
855 2005 903 2044 de
933 2005 1013 2044 hac
1044 2018 1087 2044 re
1121 2004 1292 2045 inferius
1322 2005 1467 2045 redibit
1497 2019 1647 2045 sermo.

224 2068 285 2107 78.
317 2068 466 2107 Utrum
494 2069 739 2119 usurpatori
772 2070 1044 2110 obediendum
1074 2070 1140 2110 sit.
1172 2071 1275 2109 Cum
1316 2070 1384 2109 hic
1419 2070 1468 2109 de
1498 2078 1744 2123 usurpatore

173 2133 330 2172 mentio
362 2133 474 2173 facta
494 2133 557 2181 sit,
580 2133 675 2173 utile
697 2134 774 2174 erit
793 2135 979 2182 innuere,
1002 2149 1081 2187 quo
1101 2135 1189 2174 iure
1214 2135 1249 2174 is
1271 2135 1506 2175 instruatur.
1531 2138 1576 2175 In
1599 2138 1743 2188 primis

177 2205 334 2239 certum
366 2206 428 2239 est
458 2206 759 2252 usurpatorem,
779 2208 919 2253 utpote
943 2202 1009 2254 qui
1030 2202 1179 2241 iniuste
1204 2202 1493 2242 auctoritatem
1515 2202 1740 2255 possideat,

175 2263 229 2301 ad
259 2276 350 2302 eam
379 2264 563 2315 legitimo
593 2264 765 2316 principi
787 2265 1085 2305 restituendam
1108 2279 1272 2318 semper
1296 2266 1512 2318 adstringi.
1536 2267 1666 2306 Immo
1689 2268 1743 2306 ad

175 2325 255 2364 hoc
286 2325 380 2377 cogi
409 2339 434 2364 a
463 2326 635 2367 subditis
665 2336 813 2379 potest,
844 2335 966 2381 atque
994 2330 1119 2368 etiam
1150 2330 1300 2379 debet;
1332 2330 1398 2382 qui
1428 2331 1563 2382 ipsum
1585 2344 1668 2370 non
1699 2340 1745 2371 ut

176 2391 416 2443 principem,
447 2392 521 2431 sed
550 2399 593 2432 ut
622 2394 784 2433 hostem
816 2402 855 2434 et
884 2395 1213 2447 perturbatorem
1254 2396 1493 2447 respiciunt.
1526 2396 1571 2435 Id
1600 2402 1740 2437 tamen

173 2455 486 2507 intelligendum
513 2462 585 2504 est,
609 2458 730 2497 modo
761 2471 857 2510 spes
888 2466 1002 2498 certa
1033 2460 1194 2499 eluceat
1224 2459 1410 2512 prosperi
1455 2459 1600 2500 exitus.
1634 2462 1741 2501 Nam

173 2521 208 2559 si
238 2528 413 2561 conatus
444 2522 497 2561 ad
526 2522 765 2563 invasorem
794 2524 1080 2576 depellendum
1101 2526 1269 2566 inutiles
1298 2525 1388 2565 fore
1419 2526 1650 2575 coniicitur,
1672 2535 1744 2568 aut

176 2587 399 2637 perniciem
430 2588 566 2639 potius
596 2588 786 2628 societati
830 2591 1030 2630 allaturos
1052 2623 1060 2638 ,
1091 2603 1354 2643 nequaquam
1386 2591 1560 2632 subditis
1603 2593 1742 2632 licebit

175 2649 405 2702 insurgere.
435 2652 571 2703 Atque
593 2651 632 2689 id
654 2651 771 2692 iuxta
793 2653 1045 2692 voluntatem
1069 2666 1162 2693 esse
1191 2654 1323 2706 ipsius
1345 2655 1518 2707 legitimi
1548 2655 1745 2707 principis

174 2711 261 2752 iure
291 2715 593 2764 praesuinitur;
625 2729 731 2768 quae
762 2716 938 2768 quidem,
969 2723 1012 2756 ut
1041 2716 1150 2756 iusta
1181 2717 1244 2765 sit,
1276 2717 1427 2758 rationi
1460 2725 1499 2759 et
1531 2719 1638 2758 bono
1672 2731 1744 2757 so-

177 2775 271 2814 ciali
302 2791 541 2830 congruens
571 2793 665 2819 esse
697 2781 826 2820 debet.

230 2842 387 2883 Deinde
404 2852 639 2897 usurpator,
658 2847 734 2886 etsi
752 2847 816 2886 ius
833 2847 988 2886 nullum
1003 2847 1155 2887 habeat
1176 2849 1396 2899 potestatis
1419 2848 1658 2888 retinendae
1675 2854 1747 2888 aut
