1970 3203
195 170 276 211 180
526 184 594 213 ius
622 185 826 212 NATURAE
846 195 867 201 —
888 186 996 213 PARS
1025 185 1048 212 1.
1079 187 1144 214 ms
1173 187 1442 221 1ND1V1DUA1AE

251 261 322 301 Ius
339 261 602 314 proprietatis
618 261 772 313 duplici
787 263 911 302 modo
929 263 1111 314 spectari
1128 268 1275 315 potest:
1289 263 1500 304 abstracte
1514 267 1776 314 etconcret‘e;

194 326 274 373 vel,
294 326 328 366 si
347 325 484 378 magis
500 326 609 373 libet,
631 326 824 378 neyatz've
845 327 1093 380 etpositive.
1110 327 1252 366 Primo
1274 327 1396 367 modo
1417 327 1628 380 significat
1649 328 1776 369 facul-

194 396 323 430 tatem
346 389 599 442 acquirendi,
621 391 855 442 generatim
877 397 1116 444 acceptam;
1153 392 1249 444 quin
1272 393 1357 431 ulla
1377 393 1555 433 materia
1576 394 1774 435 determi-

194 464 327 497 netur.
351 458 398 496 In
419 457 499 496 hoc
522 470 650 496 sensu
668 470 815 498 omnes
837 458 876 497 vi
897 465 1071 498 naturae
1091 458 1157 498 ius
1177 458 1334 498 habent
1354 460 1405 499 ad
1435 460 1587 500 omnia.
1613 462 1775 500 Natura

194 523 303 563 enim
327 536 400 574 per
420 535 466 561 se
482 523 639 562 nullam
656 535 743 563 rem
775 523 1028 575 peculiarem
1060 523 1184 563 alicui
1201 536 1406 576 personae
1428 525 1660 578 adscripsit.
1694 528 1774 566 Se-

194 586 330 626 cundo
353 585 475 626 modo
496 586 559 626 ius
579 586 631 626 ab
654 587 794 627 omnia
810 587 984 639 intelligi
1005 595 1147 641 posset
1168 591 1361 627 concrete
1394 590 1642 642 etpositive,
1674 605 1771 644 qua-

191 658 314 692 tenus
343 652 554 704 significet
573 652 813 694 facultatem
837 652 1064 706 usurpandi
1088 667 1177 694 rem
1198 654 1435 706 quamlibet,
1467 655 1630 696 etiamsi
1660 658 1770 698 alius

191 719 305 757 illam
327 718 604 771 occupatione
625 726 698 758 aut
718 719 861 759 labore
883 733 1003 759 suam
1024 720 1221 760 effecerit.
1244 721 1290 759 In
1321 721 1402 760 hoc
1423 734 1551 762 sensu
1573 722 1681 763 salsa
1711 732 1775 763 est

192 784 445 838 propositio;
477 783 679 836 siquidem
711 784 774 824 ius
809 785 890 824 hoc
929 790 1081 825 natura
1124 786 1280 825 nemini
1311 786 1445 835 dedit;
1478 787 1604 826 immo
1635 788 1773 840 potius

193 851 388 892 omnibus
416 850 614 903 imposuit
643 851 828 890 officium
858 865 942 891 non
972 853 1172 904 tangendi
1203 866 1309 902 rem,
1340 853 1392 893 ab
1423 853 1515 893 aliis
1544 853 1652 894 iuste
1683 869 1774 907 pos-

193 930 371 958 sessam.
405 932 424 955 «
448 916 740 956 Communitas
769 931 922 965 rerum,
953 917 1010 957 ait
1041 919 1082 958 S.
1104 918 1306 967 Thomas,
1337 919 1574 959 attribuitur
1603 919 1680 959 iuri
1703 934 1772 960 na-

193 982 332 1029 turali,
354 994 439 1020 non
460 980 557 1033 quia
586 979 651 1020 ius
671 981 852 1020 naturali
878 981 1004 1021 dictet
1025 981 1167 1021 onmia
1187 996 1281 1023 esse
1303 982 1558 1036 possidenda
1578 996 1769 1024 commu—

193 1048 300 1086 niter
323 1053 364 1086 et
379 1047 482 1085 nihil
499 1058 593 1086 esse
623 1047 743 1099 quasi
759 1048 971 1099 proprium
1002 1048 1313 1101 possidendum,
1332 1049 1406 1089 sed
1423 1049 1520 1102 quia
1540 1051 1772 1090 secundum

191 1114 257 1153 ius
286 1119 462 1153 naturae
492 1125 577 1152 non
607 1119 670 1152 est
692 1113 901 1155 distinctio
931 1115 1250 1167 possessionum
1282 1116 1352 1167 (1).
1377 1130 1396 1153 ))

248 1179 377 1220 Obila.
410 1179 482 1218 III.
517 1192 569 1218 ex
600 1179 836 1220 Bentham:
863 1180 996 1220 Extra
1026 1186 1179 1221 statum
1211 1181 1376 1221 civilem
1407 1182 1640 1234 proprietas
1671 1195 1774 1222 san-

191 1244 330 1284 ctione
359 1243 473 1282 nulla
502 1242 679 1282 fulcitur.
713 1244 917 1284 Homines
948 1244 1058 1284 enim
1088 1245 1325 1298 singulares
1354 1245 1397 1284 in
1429 1258 1479 1285 eo
1515 1252 1625 1286 statu
1656 1246 1775 1286 desti-

188 1316 359 1351 tuuntur
388 1309 429 1349 vi
445 1309 649 1357 coactiva,
666 1323 747 1362 qua
763 1310 867 1350 alios
892 1311 946 1350 ad
962 1311 1174 1363 proprium
1196 1311 1262 1351 ius
1278 1312 1553 1351 reverendum
1586 1312 1772 1364 adigant.

192 1377 247 1416 At
276 1390 375 1417 vero
405 1376 495 1416 sine
524 1375 744 1416 sanctione
774 1376 838 1415 ius
868 1377 1027 1416 nullum
1059 1377 1222 1429 concipi
1254 1384 1400 1429 potest.
1443 1378 1556 1430 Ergo
1586 1377 1651 1417 ius
1682 1391 1771 1430 pro-

192 1441 382 1494 prietatis
411 1440 577 1480 nonnisi
607 1454 633 1479 a
662 1440 774 1479 civili
804 1440 1062 1480 institutione
1093 1441 1290 1480 dimanat.

242 1509 291 1546 R.
323 1506 458 1547 Huius
488 1506 669 1546 auctoris
700 1506 889 1558 deceptio
917 1506 1013 1546 inde
1044 1506 1261 1559 processit,
1294 1508 1403 1559 quod
1432 1509 1643 1548 actualem
1669 1521 1771 1547 coa-

188 1575 370 1614 ctionem
393 1580 431 1613 et
452 1573 535 1612 vim
555 1573 773 1625 physicam
797 1573 849 1612 ad
868 1572 1003 1625 ipsam
1022 1572 1248 1613 essentiam
1271 1573 1373 1613 iuris
1390 1574 1598 1626 pertinere
1620 1574 1769 1613 existi—

187 1638 329 1678 mavit.
361 1638 481 1684 Quod
503 1637 538 1676 si
559 1637 617 1678 ita
638 1644 760 1686 esset,
782 1637 936 1677 infirmi
958 1644 998 1677 et
1018 1637 1176 1677 debiles
1197 1644 1237 1677 et
1263 1637 1378 1688 pueri
1403 1638 1515 1677 omni
1537 1640 1626 1678 iure
1648 1639 1770 1678 desti-

187 1709 426 1749 tuerentur;
459 1715 552 1740 cum
575 1708 732 1747 contra,
755 1714 833 1754 quo
855 1701 991 1753 magis
1014 1700 1106 1753 quis
1136 1700 1314 1740 imbellis
1335 1708 1398 1740 est
1426 1707 1466 1741 et
1488 1702 1578 1741 sine
1596 1701 1768 1750 viribus,

190 1780 238 1807 eo
260 1767 476 1807 sanctiora
494 1766 577 1807 sint
596 1766 698 1814 iura,
718 1780 825 1819 quae
842 1766 1041 1819 possidet,
1055 1780 1105 1806 ac
1127 1766 1274 1806 maiori
1289 1767 1558 1807 veneratione
1578 1768 1770 1807 colenda.

190 1835 334 1886 Itaque
351 1839 438 1873 tota
454 1833 516 1872 vis
532 1833 634 1872 iuris
650 1839 713 1872 est
730 1833 913 1881 moralis,
935 1832 976 1871 in
994 1833 1206 1885 exigentia
1224 1832 1417 1872 nimirum
1434 1834 1583 1886 posita,
1604 1837 1769 1887 exlege

189 1903 292 1945 orta,
323 1903 367 1936 ut
387 1911 412 1936 a
432 1897 598 1937 nemine
619 1897 860 1936 violandum
890 1896 954 1936 sit.
979 1897 1097 1944 Quod
1115 1904 1255 1936 autem
1277 1896 1342 1935 ius
1360 1897 1622 1937 coactionem
1644 1899 1769 1937 etiam

188 1968 407 2001 externam
437 1969 476 2001 et
506 1960 724 2013 physicam
756 1960 833 1999 sibi
850 1959 1076 2009 adsciscit3
1108 1960 1147 1999 id
1177 1960 1231 1999 ad
1252 1961 1527 2012 proprietates
1558 1961 1646 2001 eius
1670 1976 1770 2014 per-

187 2027 301 2076 tinet,
332 2040 383 2066 ac
413 2027 586 2079 proinde
620 2026 809 2079 impediri
839 2026 1088 2079 quandoque
1119 2032 1279 2078 potest,
1320 2026 1417 2079 quin
1449 2026 1549 2066 iuris
1583 2028 1771 2068 essentia

187 2093 430 2146 perimatur.
453 2094 523 2131 Ius
545 2106 640 2132 esse
661 2092 897 2132 coactivum
919 2105 1003 2131 non
1032 2091 1144 2131 aliud
1165 2091 1393 2144 significat,
1425 2092 1506 2132 nisi
1527 2093 1662 2145 ipsum
1684 2094 1767 2134 tale

188 2171 309 2206 esse,
342 2164 386 2196 ut
415 2157 548 2209 possit
577 2157 617 2196 vi
648 2157 839 2205 defendi,
871 2156 1095 2196 dummodo
1124 2156 1190 2209 qui
1220 2157 1285 2196 ius
1315 2157 1528 2209 possidet,
1558 2159 1699 2198 valeat
1730 2165 1770 2198 et

187 2224 296 2264 velit.
330 2224 468 2269 Quare
501 2230 792 2275 argumentum
822 2222 1056 2262 adversarii
1086 2222 1186 2261 nihil
1217 2222 1389 2274 probat,
1428 2222 1593 2263 etiamsi
1625 2237 1770 2263 verum

188 2293 302 2328 esset
331 2287 490 2326 homini
521 2293 641 2326 extra
670 2287 913 2326 societatem
946 2286 1058 2325 vires
1088 2286 1225 2326 nullas
1256 2292 1477 2339 suppetere
1513 2287 1566 2326 ad
1595 2287 1660 2328 ius
1681 2301 1770 2340 pro-

186 2353 378 2404 prietatis
409 2353 619 2402 tuendum;
637 2354 746 2406 quod
776 2352 941 2405 quidem
962 2365 1046 2391 non
1069 2352 1326 2399 conceditur,
1359 2353 1432 2392 sed
1464 2354 1769 2404 transmittitur,

188 2432 285 2458 cum
316 2419 550 2471 generatim
582 2432 666 2458 non
695 2418 750 2458 sit
779 2432 938 2458 verum.

244 2485 373 2524 Obiz‘c.
408 2486 478 2524 IV.
510 2485 667 2525 Saltem
698 2490 820 2525 extra
842 2484 1088 2525 societatem
1109 2484 1240 2524 laesio
1262 2484 1414 2524 iurium
1436 2485 1771 2538 frequentissima

187 2549 305 2590 soret.
340 2552 396 2589 At
426 2557 601 2590 eatenus
630 2550 815 2590 officium
847 2549 1099 2589 observandi
1129 2549 1222 2588 iura
1251 2550 1426 2590 aliorum
1456 2551 1637 2602 aliquem
1663 2551 1771 2591 obli-

188 2620 273 2668 gat,
305 2621 511 2667 quatenus
541 2616 689 2655 eadem
720 2615 991 2655 observantia
1021 2615 1157 2666 quoad
1189 2628 1267 2654 sua
1296 2615 1388 2654 iura
1420 2615 1473 2655 ab
1503 2615 1596 2654 aliis
1626 2623 1770 2656 custo-

187 2681 336 2721 diatur.
370 2682 480 2731 Ergo
512 2689 634 2721 extra
664 2682 911 2722 societatem
942 2681 1023 2720 hoc
1054 2680 1238 2720 officium
1269 2682 1427 2720 nullum
1450 2688 1574 2730 esset,
1605 2688 1771 2734 propter

194 2747 403 2787 defectum
434 2753 602 2786 mutuae
631 2747 953 2795 observantiae;
985 2752 1109 2798 atque
1137 2745 1232 2785 ideo
1262 2746 1504 2798 proprietas,
1536 2759 1643 2799 quae
1673 2748 1769 2787 offi-

191 2812 303 2852 cium
337 2811 541 2852 eiusmodi
571 2812 779 2860 subaudit,
811 2818 931 2852 extra
960 2811 1205 2851 societatem
1234 2810 1349 2849 nulla
1377 2809 1494 2850 foret.

231 2892 282 2932 (1)
308 2891 464 2923 Summa
488 2889 535 2922 tlz.
559 2890 605 2922 2³
629 2890 683 2922 ‘22¹²
709 2899 738 2930 q.
764 2890 889 2928 LXVI,
913 2900 941 2922 a.
966 2890 992 2921 2.
