1970 3203
251 150 327 187 142
583 163 649 190 lUS
678 163 880 190 NATURAE
902 174 922 180 ·-
944 165 1051 192 PARS
1081 166 1104 192 1.
1133 167 1198 194 ms
1227 168 1493 196 INDIVIDUALE

246 237 623 279 demonstrationis
646 239 894 293 principium
917 250 981 283 est
1001 242 1117 294 quod
1144 243 1250 296 quid
1267 248 1338 294 est;
1360 251 1523 298 oportet
1544 248 1652 300 quod
1681 262 1828 290 secun-

249 304 343 342 dum
367 305 552 353 modum,
575 306 684 357 quod
704 305 939 347 substantia
959 308 1017 347 rei
1038 307 1290 362 intelligitur,
1308 310 1363 351 sit
1383 325 1524 352 eorum
1545 315 1693 356 modus
1714 330 1821 370 quae

249 370 300 408 de
321 383 366 409 re
388 370 462 409 illa
494 376 823 423 cognoscuntur.
854 372 976 414 Unde
1006 372 1040 413 si
1059 372 1295 414 intellectus
1323 376 1533 417 humanus
1563 379 1738 421 alicuius
1758 382 1818 423 rei

247 434 529 474 substantiam
553 436 884 486 comprehendit,
911 441 1010 489 puta
1026 435 1174 488 lapidis
1195 437 1260 476 vel
1281 437 1488 491 trianguli:
1511 442 1669 482 nullum
1689 443 1815 486 intel-

246 500 468 554 ligibilium
490 501 600 542 illius
619 502 678 542 rei
699 502 938 543 facultatem
958 502 1168 542 humanae
1187 502 1362 543 rationis
1382 507 1567 548 excedet.
1590 508 1710 555 Quod
1731 510 1815 563 qui-

248 567 341 607 dem
363 567 486 606 nobis
508 567 627 608 circa
642 569 777 608 Deum
797 582 880 609 non
901 568 1067 608 accidit.
1090 569 1197 609 Nam
1218 569 1270 608 ad
1291 570 1565 613 substantiam
1585 574 1717 627 ipsius
1740 590 1818 616 ca—

246 631 455 684 piendam,
474 632 708 673 intellectus
724 633 934 672 humanus
954 645 1038 672 non
1053 638 1191 685 potest
1207 634 1387 673 naturali
1400 635 1550 676 virtute
1566 639 1818 692 pertingere,

243 711 340 738 cum
361 698 601 738 intellectus
621 699 751 739 nostri
780 699 1011 739 secundum
1032 699 1197 738 modum
1218 700 1453 752 praesentis
1474 701 1597 751 vitae,
1627 705 1813 757 cognitio

240 776 268 802 a
288 776 418 803 sensu
439 763 621 815 incipiat.
655 764 707 804 Et
725 763 819 803 ideo
841 777 892 804 ea
911 777 1018 816 quae
1046 764 1089 803 in
1109 777 1281 803 sensum
1310 778 1395 804 non
1415 766 1582 816 cadunt,
1613 782 1696 809 non
1717 783 1810 822 pos-

242 833 340 867 sunt
360 827 548 868 humano
579 828 790 868 intellectu
820 828 925 880 capi,
956 827 1035 867 nisi
1063 835 1268 880 quatenus
1299 842 1350 868 ex
1371 830 1639 872 sensibilibus
1669 846 1816 873 eorum

245 891 430 944 cognitio
453 892 671 944 colligitur.
695 893 918 933 Sensibilia
938 900 1078 934 autem
1099 894 1152 933 ad
1172 894 1254 934 hoc
1276 895 1428 936 ducere
1448 896 1707 938 intellectum
1727 913 1808 940 no—

238 965 371 998 strum
387 972 471 999 non
490 965 676 1010 possunt,
689 966 732 999 ut
752 959 793 998 in
815 958 876 999 eis
897 959 1037 1000 divina
1052 960 1287 1000 substantia
1307 961 1496 1001 videatur
1516 963 1612 1015 quid
1632 963 1696 1013 sit,
1717 978 1816 1005 cum

240 1026 324 1065 sint
345 1026 523 1066 effectus
545 1039 702 1065 causae
724 1027 918 1066 virtutem
939 1040 1023 1067 non
1043 1032 1285 1080 aequantes.
1305 1027 1475 1067 Ducitur
1497 1035 1638 1068 tamen
1654 1042 1707 1069 ex
1723 1042 1816 1070 sen-

240 1091 432 1132 sibilibus
452 1092 692 1132 intellectus
713 1098 857 1133 noster
875 1093 917 1132 in
935 1093 1117 1134 divinam
1139 1093 1435 1146 cognitionem,
1447 1103 1490 1133 ut
1510 1101 1742 1148 cognoscat
1762 1097 1814 1137 de

248 1159 350 1207 Deo,
371 1160 476 1212 quia
499 1162 570 1206 est,
593 1165 633 1198 et
654 1158 737 1198 alia
755 1159 995 1200 huiusmodi
1015 1173 1122 1212 quae
1138 1166 1300 1213 oportet
1319 1160 1486 1200 attribui
1506 1153 1637 1211 primo
1658 1161 1810 1214 princi-

246 1225 326 1278 pio.
350 1226 456 1264 Sunt
476 1224 601 1278 igitur
622 1224 829 1277 quaedam
848 1225 1167 1277 intelligibilium
1188 1225 1434 1274 divinorum,
1465 1240 1571 1278 quae
1600 1227 1817 1268 humanae

238 1289 391 1330 rationi
422 1296 519 1329 sunt
549 1288 721 1340 pervia,
752 1289 958 1342 quaedam
990 1303 1088 1330 vero
1111 1321 1120 1338 ,
1151 1303 1256 1342 quae
1287 1290 1457 1331 omnino
1489 1291 1573 1330 vim
1602 1292 1818 1334 humanae

239 1355 414 1396 rationis
435 1355 643 1395 excedunt
664 1357 738 1407 (1).
762 1371 782 1394 »

292 1421 446 1470 Tertio,
473 1421 605 1460 multa
625 1427 722 1461 sunt
742 1435 848 1474 quae
864 1435 915 1462 ex
936 1421 1067 1462 libera
1084 1422 1161 1462 Dei
1181 1423 1395 1464 voluntate
1417 1423 1540 1463 unice
1556 1424 1750 1476 pendent.
1774 1424 1818 1464 Si

239 1488 366 1540 igitur
386 1488 494 1527 haec
515 1487 599 1527 sint
620 1487 731 1536 talia,
766 1494 808 1528 ut
825 1488 1019 1528 sensibus
1048 1501 1131 1528 non
1148 1495 1330 1541 pateant,
1352 1495 1423 1529 aut
1448 1496 1613 1542 tempus
1633 1490 1817 1530 futurum

236 1557 301 1597 vel
324 1555 526 1595 historiae
548 1555 765 1608 praevium
786 1555 1027 1608 respiciant;
1058 1569 1142 1596 non
1166 1556 1286 1597 aliter
1316 1555 1415 1596 sciri
1444 1563 1631 1608 possunt,
1654 1557 1735 1597 nisi
1762 1571 1816 1598 ex

237 1620 578 1661 manifestatione
610 1620 762 1660 divina.

288 1685 353 1725 40.
376 1685 631 1724 PRoposrmo
644 1684 700 1723 2³.
718 1684 887 1724 Nomen
909 1684 1194 1733 revelationis,
1214 1685 1360 1725 stricte
1379 1688 1607 1739 sumptam,
1622 1686 1815 1739 proprie

239 1750 439 1789 convenit
467 1748 742 1798 veritatibus,
773 1749 831 1789 ad
867 1763 976 1802 quas
1006 1751 1130 1790 homo
1162 1750 1358 1790 natarali
1389 1750 1550 1790 lamine
1580 1763 1818 1803 assaryere

236 1818 393 1870 nequit.

285 1881 407 1921 Prob.
441 1880 678 1928 Revelatio,
691 1880 807 1920 iuxta
829 1881 912 1920 vim
933 1880 1052 1921 vocis
1071 1880 1181 1920 idem
1202 1885 1327 1920 sonat
1347 1894 1397 1921 ac
1414 1880 1692 1921 remotionem
1715 1880 1811 1930 veli,

230 1962 311 2001 quo
332 1947 488 1999 aliquid
518 1946 682 2000 tegitur.
714 1947 836 1986 Unde
866 1960 960 1986 cum
991 1946 1316 1987 manifestationi
1346 1946 1534 1987 veritatis
1564 1946 1812 1999 applicatur,

235 2012 435 2053 subaudit
457 2011 676 2051 veritatem
697 2011 810 2051 illam
831 2025 904 2064 per
923 2025 970 2052 se
990 2012 1109 2064 quasi
1126 2011 1306 2064 quodam
1328 2010 1536 2051 velamine
1556 2009 1709 2063 obtegi,
1743 2023 1814 2050 re-

230 2084 379 2131 spectu
401 2078 576 2117 subiecti
599 2078 666 2117 cui
687 2078 883 2130 aperitur.
899 2079 945 2118 Id
965 2091 1078 2127 vero,
1095 2083 1139 2117 ut
1160 2077 1423 2130 perspicuum
1444 2086 1518 2126 est,
1536 2089 1620 2116 non
1642 2089 1810 2129 compe-

237 2146 283 2184 tit
305 2143 385 2184 nisi
407 2144 656 2184 veritatibus
677 2144 740 2193 iis,
761 2157 869 2197 quae
886 2144 1072 2184 eiusdem
1094 2143 1269 2183 subiecti
1290 2144 1430 2184 lumen
1447 2146 1659 2196 proprium
1679 2148 1719 2182 et
1739 2155 1814 2182 na-

236 2211 371 2251 turale
392 2223 564 2262 prorsus
586 2211 804 2250 excedunt.
820 2211 937 2257 Quae
959 2210 1067 2250 enim
1089 2210 1147 2249 illi
1164 2215 1414 2262 congruunt,
1432 2222 1504 2261 per
1519 2222 1564 2249 se
1582 2209 1694 2249 nullo
1715 2208 1809 2249 velo

232 2282 441 2329 teguntur,
465 2276 538 2317 sed
569 2277 704 2329 potius
728 2284 884 2330 patent;
915 2290 988 2330 per
1009 2291 1055 2318 se
1076 2277 1186 2318 enim
1207 2283 1304 2317 sunt
1324 2276 1648 2329 cognoscibiles,
1679 2275 1802 2316 modo

240 2355 372 2390 mens,
395 2341 484 2381 sive
500 2341 730 2391 intuitione,
751 2342 841 2382 sive
865 2341 1096 2390 ratiocinio,
1119 2341 1171 2381 ad
1192 2341 1306 2394 ipsas
1327 2354 1374 2381 se
1394 2346 1625 2380 convertat.

287 2409 334 2448 Id
351 2409 529 2461 quidem,
550 2408 584 2448 si
602 2408 755 2448 veritas
773 2408 909 2461 quoad
925 2407 1136 2461 propriam
1153 2408 1215 2448 sui
1232 2407 1438 2447 rationem
1454 2406 1810 2459 inspicitur.Quod

237 2473 272 2512 si
293 2487 377 2513 non
399 2474 513 2512 ratio
537 2474 612 2522 rei,
642 2474 716 2513 sed
741 2474 856 2513 ratio
878 2473 1010 2514 medii
1027 2472 1327 2521 consideratur,
1350 2485 1504 2512 nomen
1535 2469 1807 2511 revelationis

239 2536 437 2576 convenit
455 2537 577 2576 etiam
595 2537 838 2577 veritatibus
855 2538 1033 2577 naturali
1050 2537 1196 2576 lumini
1217 2535 1552 2589 proportionatis,
1562 2539 1767 2587 quatenus
1786 2548 1812 2574 a

237 2604 299 2642 De
321 2602 468 2642 onobis
484 2602 806 2642 manifestentur
820 2617 904 2643 non
922 2603 1158 2643 evolutione
1179 2602 1382 2642 naturalis
1403 2600 1716 2653 intelligentiae,
1737 2600 1812 2641 sed

233 2679 307 2719 per
319 2666 500 2705 medium
519 2673 637 2706 extra
654 2667 764 2707 vires
781 2673 956 2708 naturae
972 2667 1165 2721 positum3
1178 2673 1299 2719 prout
1315 2672 1426 2706 esset
1436 2665 1641 2718 ex.gr.vel
1658 2678 1810 2716 super-

237 2730 443 2770 naturalis
455 2731 755 2783 inspirati0,vel
771 2733 954 2785 loquutio
968 2732 1162 2786 angelica
1172 2737 1242 2772 aut
1253 2731 1434 2772 hominis
1447 2729 1644 2771 divinitus
1664 2730 1809 2770 afflati.

272 2860 322 2901 (1)
358 2860 499 2894 Contra
519 2862 688 2903 ssentiles.
712 2863 768 2896 lib.
792 2864 817 2902 1,
844 2874 873 2897 c.
897 2865 924 2896 3.
