1970 3203
462 188 598 216 CAPUT
626 187 665 213 11,
695 186 749 212 DE
779 185 950 212 osricus
981 182 1152 210 H0M1N1s
1183 180 1296 208 ERGA
1325 178 1441 205 DEUM
1653 162 1730 201 143

225 270 288 311 41.
318 267 568 306 Pnoposmo
600 261 655 302 3³.
685 260 870 300 Homine
901 259 957 299 acl
982 257 1358 311 supernaturalem
1397 256 1555 294 statum
1584 252 1731 298 evecto,

178 331 462 374 necessarium
492 328 663 368 omnino
676 327 774 378 suit
802 329 849 365 ut
869 325 950 378 ipsi
969 324 1178 363 credenda
1195 322 1503 369 revelarentur,
1524 331 1632 372 quae
1653 330 1734 357 na-

174 396 359 436 turalem
390 393 600 432 rationem
630 389 847 430 excedunt.

221 459 345 500 Prob.
377 457 527 511 Nequit
555 456 750 496 voluntas
779 455 820 494 in
849 455 1040 507 ignotum
1071 452 1178 492 ferri.
1199 452 1279 492 Sed
1299 450 1493 498 hominis,
1511 450 1564 489 ad
1586 461 1735 500 super-

178 525 409 566 naturalem
441 528 592 562 statum
623 520 770 568 evecti,
801 520 998 559 voluntas
1014 517 1246 557 ordinanda
1266 522 1328 556 est
1347 517 1389 555 in
1418 516 1540 562 bona,
1556 526 1662 566 quae
1678 512 1734 552 illi

166 587 295 629 statui
311 587 575 639 respondent.
588 585 698 636 Ergo
712 583 763 623 ab
774 583 957 631 homine,
969 582 1023 621 ad
1039 581 1395 632 supernaturalem
1407 584 1561 618 statum
1577 581 1734 625 evecto,

168 656 280 696 bona
308 667 359 692 ac
388 651 559 704 proinde
590 663 691 690 vera
714 651 829 700 (nam
851 649 1005 688 bonum
1026 647 1278 687 convertitur
1296 659 1389 685 cum
1411 646 1528 695 vero)
1551 644 1602 682 ad
1621 643 1736 682 illum

170 725 326 760 statum
348 715 596 769 pertinentia
618 714 817 766 cognosci
839 713 1000 752 debent.
1026 712 1107 751 Sed
1128 710 1328 763 cognosci
1351 722 1433 748 non
1463 714 1646 761 possunt,
1666 719 1738 759 per

172 783 283 821 vires
300 787 486 819 naturae.
506 780 616 831 Ergo
636 790 742 830 opus
763 783 882 817 estut
903 777 1016 816 Deus
1032 776 1251 815 subveniat
1265 774 1530 820 revelatione,
1548 785 1653 824 quae
1668 772 1739 811 illa

174 860 276 887 vera
292 855 331 885 et
347 846 457 885 bona
472 845 682 884 credenda
698 850 737 883 et
754 842 1044 895 prosequenda
1059 847 1273 893 proponat.
1290 841 1355 880 Ad
1372 853 1456 880 rem
1477 839 1516 878 S.
1540 840 1737 878 Thomas:

174 910 325 956 «Quia
354 908 407 947 ad
435 907 558 947 altius
588 906 754 954 bonum,
797 919 922 958 quam
962 905 1138 958 experiri
1166 905 1208 943 in
1238 904 1447 957 praesenti
1486 908 1572 943 vita
1609 903 1740 955 possit

173 975 358 1013 humana
387 970 607 1022 fragilitas,
636 970 829 1010 homines
858 983 930 1022 per
947 970 1129 1009 divinam
1150 970 1453 1022 providentiam
1485 968 1738 1017 ordinantur3

174 1036 352 1091 oportuit
368 1042 547 1074 mentem
565 1035 732 1074 evocari
748 1034 791 1073 in
807 1035 961 1087 aliquid
977 1034 1113 1084 altius,
1135 1048 1256 1088 quam
1274 1034 1378 1075 ratio
1396 1039 1541 1073 nostra
1560 1033 1604 1073 in
1623 1047 1738 1086 prae-

175 1103 281 1143 senti
309 1101 442 1154 possit
473 1100 720 1153 pertingere;
742 1106 784 1138 ut
801 1100 861 1140 sic
878 1101 1056 1141 disceret
1077 1101 1231 1153 aliquid
1253 1101 1502 1149 desiderare,
1535 1106 1576 1140 et
1604 1099 1739 1139 studio

172 1168 341 1207 tendere
357 1166 398 1204 in
414 1165 581 1217 aliquid,
612 1165 720 1216 quod
740 1170 871 1204 totum
894 1171 1049 1206 statum
1068 1166 1300 1218 praesentis
1318 1166 1427 1204 vitae
1448 1165 1611 1205 excedit
1628 1165 1702 1215 (1).
1718 1179 1738 1202 »

223 1231 287 1270 453.
319 1231 572 1269 Pizoposmo
600 1227 657 1267 4³⁹.
692 1228 952 1268 Conveniens
966 1229 1063 1280 suit
1075 1229 1244 1269 divinae
1257 1229 1567 1282 providentiae,
1598 1232 1644 1267 ut
1672 1243 1741 1269 ue-

180 1295 328 1334 ritates
358 1293 485 1332 etiam
516 1293 751 1340 naturales,
782 1305 892 1345 quae
923 1293 1064 1333 Deum
1093 1298 1132 1333 et
1151 1307 1290 1333 mores
1312 1293 1557 1346 respiciunt,
1579 1293 1748 1333 homini

181 1359 489 1399 revelarentur.

230 1423 354 1463 Prob.
385 1421 604 1469 Veritates‚
636 1434 742 1473 quae
770 1423 997 1475 respiciunt
1024 1425 1169 1472 Deum,
1198 1425 1323 1464 finem
1355 1424 1553 1473 ultimum,
1585 1424 1748 1464 ordina-

178 1490 334 1529 tionem
351 1488 474 1535 vitae,
493 1486 671 1526 futurum
690 1500 857 1538 aevum,
874 1489 1061 1542 aliaeque
1082 1490 1333 1537 consimiles,
1349 1490 1629 1542 maximopere
1650 1496 1747 1530 sunt

176 1553 335 1593 homini
364 1552 643 1600 necessariae,
674 1565 751 1592 nec
787 1567 1021 1607 congruum
1042 1562 1104 1596 est
1125 1562 1168 1595 ut
1188 1556 1461 1607 speculationi
1492 1562 1650 1596 tantum
1672 1557 1745 1596 hu-

180 1629 332 1656 manae
353 1615 644 1667 assequendae
664 1617 973 1667 permittantur.
995 1621 1051 1659 Ut
1071 1619 1179 1658 enim
1202 1620 1457 1660 sufficienter
1471 1620 1636 1672 proprio
1652 1621 1747 1660 nisu

179 1679 459 1725 obtineantur,
489 1677 628 1717 studio
658 1692 709 1718 ac
739 1680 888 1721 labore
919 1695 1002 1721 non
1033 1683 1115 1721 levi
1143 1683 1354 1736 indigent;
1384 1685 1499 1725 multi
1529 1691 1665 1724 autem
1695 1686 1749 1724 ad

185 1742 487 1795 speculandum
517 1748 613 1781 sunt
651 1742 802 1794 inepti,
837 1745 953 1784 multi
983 1758 1085 1786 cura
1113 1746 1172 1786 rei
1215 1746 1431 1788 familiaris
1459 1748 1746 1800 impediuntur,

185 1820 270 1847 non
299 1806 422 1858 pauci
452 1806 577 1845 etiam
606 1806 773 1858 pigritia
802 1808 1005 1850 laborant.
1038 1810 1169 1850 Immo
1201 1824 1299 1850 vero
1328 1811 1384 1850 illi
1414 1812 1550 1859 etiam,
1581 1813 1647 1864 qui
1667 1813 1748 1851 im-

187 1872 434 1926 pedimentis
463 1872 666 1912 eiusmodi
686 1880 854 1922 vacant,
876 1876 1042 1915 nonnisi
1072 1883 1165 1928 post
1184 1877 1352 1928 longum
1382 1883 1544 1930 tempus
1564 1879 1615 1917 ad
1636 1878 1748 1918 hanc

184 1938 405 1980 scientiam
435 1937 670 1985 deveniunt,
702 1944 788 1978 tum
819 1947 987 1992 propter
1016 1941 1203 1982 diversas
1240 1942 1512 1994 cognitiones,
1542 1957 1648 1995 quae
1676 1957 1747 1983 re—

183 2002 413 2056 quiruntur,
443 2008 530 2041 tum
560 2014 720 2054 quoque
750 2009 917 2055 propter
947 2005 1258 2045 instabilitatem
1278 2006 1485 2055 iuventae,
1507 2020 1625 2059 quae,
1655 2021 1748 2059 pas-

184 2066 372 2106 sionibus
389 2065 614 2118 exagitata‚
632 2066 735 2105 satis
752 2073 849 2118 apta
864 2081 948 2107 non
965 2075 1028 2108 est
1044 2069 1096 2108 ad
1113 2076 1196 2109 tam
1214 2070 1300 2110 alta
1314 2076 1462 2121 pacate
1479 2071 1746 2122 speculanda.

190 2130 247 2170 Ut
266 2129 369 2168 nihil
391 2129 527 2168 dicam
549 2129 598 2168 de
621 2130 841 2178 erroribus,
865 2131 935 2183 qui
956 2133 1266 2185 investigationi
1281 2134 1412 2173 solius
1431 2134 1604 2174 rationis
1625 2135 1750 2174 admi-

187 2194 297 2235 sceri
326 2196 473 2243 solent,
505 2196 556 2235 ob
588 2195 839 2236 debilitatem
871 2197 960 2237 eius
988 2198 1217 2250 ingenitam
1247 2207 1287 2239 et
1316 2200 1451 2240 lusum
1481 2201 1748 2252 phantasiae,

189 2258 537 2309 quemadmodum
566 2258 609 2297 in
637 2260 940 2300 recentissimis
970 2262 1092 2301 etiam
1109 2262 1367 2316 philosophis
1398 2264 1600 2316 ploranda
1628 2264 1751 2304 habe-

190 2336 283 2362 mus
313 2325 518 2375 exempla.
551 2324 839 2376 Opportunum
858 2334 919 2367 est
940 2327 1066 2379 igitur
1086 2336 1125 2368 et
1143 2329 1355 2368 humanae
1375 2337 1550 2370 naturae
1570 2331 1752 2371 maxime

185 2388 561 2435 accommodatum,
592 2394 636 2427 ut
664 2388 865 2429 eiusmodi
895 2391 1115 2440 veritates,
1145 2405 1251 2444 quae
1281 2392 1461 2432 hominis
1491 2406 1752 2445 summopere

184 2450 403 2498 intersunt,
421 2450 563 2490 divina
577 2452 833 2492 revelatione
850 2461 1143 2506 proponantur.
1158 2456 1296 2501 Quare
1313 2456 1522 2507 sapienter
1539 2458 1750 2498 concludit

189 2517 230 2555 S.
264 2516 476 2555 Thomas:
509 2530 529 2553 ‹<
562 2516 789 2557 Salubriter
819 2519 960 2558 divina
987 2521 1163 2572 providit
1184 2522 1404 2560 clementia
1437 2527 1481 2560 ut
1518 2535 1568 2562 ea
1605 2524 1742 2572 etiam,

190 2592 296 2631 quae
312 2580 418 2619 ratio
434 2579 690 2631 investigare
707 2588 854 2632 potest,
876 2583 956 2621 fide
973 2584 1153 2623 tenenda
1173 2585 1429 2637 praeciperet
1439 2599 1449 2635 ;
1466 2591 1509 2625 ut
1527 2586 1588 2626 sic
1606 2600 1751 2627 omnes

192 2644 242 2683 de
271 2644 382 2684 facili
411 2652 581 2697 possent
602 2645 768 2686 divinae
799 2648 1048 2699 cognitionis
1068 2650 1292 2703 participes
1311 2664 1404 2692 esse
1424 2657 1463 2692 et
1491 2651 1648 2705 absque
1669 2654 1745 2693 du-

196 2706 396 2748 bitatione
424 2715 463 2748 et
492 2722 630 2749 errore
660 2711 733 2762 (2).
765 2725 784 2748 »

232 2812 282 2853 (1)
309 2813 448 2847 Contra
469 2815 640 2856 yentiles,
665 2817 721 2849 lib.
746 2818 770 2855 I,
793 2827 820 2850 c.
845 2819 873 2850 5.

229 2864 283 2904 (2)
313 2864 394 2898 Ibid.
420 2876 449 2904 c,
471 2868 498 2898 4.
