1970 3203
211 181 263 220 42
891 199 1108 226 ETflicA

210 277 416 322 rarentur,
434 286 568 326 neque
586 273 855 314 execratione
875 280 914 314 et
934 274 1137 328 supplicio
1167 274 1241 314 sed
1262 278 1472 326 tamquam
1494 272 1646 313 decora
1667 278 1787 325 gesta

210 336 403 377 laudibus
429 343 481 387 et,
514 337 548 377 si
579 338 740 390 superis
770 339 922 391 placet,
954 339 1139 392 praemio
1170 338 1295 378 etiam
1326 339 1452 390 digna
1481 336 1668 378 fierent?

266 401 468 441 Breviter:
500 403 614 454 leges
643 402 857 443 humanae
888 416 972 443 non
1001 404 1082 444 hoc
1112 403 1215 455 ipso,
1245 402 1355 455 quod
1383 402 1499 454 leges
1525 408 1632 449 sunt,
1652 400 1787 440 iustae

212 474 321 516 sunt,
352 467 424 507 sed
454 467 621 520 iniquae
651 467 775 507 etiarn
793 482 887 509 esse
912 475 1098 521 possunt.
1120 470 1232 521 Ergo
1264 480 1347 507 non
1369 473 1465 507 sunt
1482 481 1679 520 suprema
1699 480 1789 506 nor-

214 547 283 573 ma
311 533 509 573 bonitatis
540 540 579 573 et
610 533 805 584 iustitiae,
840 536 914 575 sed
945 549 1072 587 supra
1103 548 1148 575 se
1177 534 1370 574 altiorem
1400 546 1590 573 normam
1617 534 1785 580 habent,

208 597 275 637 cui
307 596 563 636 conformari
594 598 756 648 debent,
787 606 830 640 ut
859 600 994 639 iustae
1024 599 1272 639 habeantur.

265 662 326 700 33.
358 661 619 702 ΡΒΟΡΟΞῙΊἾΟ
651 662 705 702 3².
727 664 830 703 Non
852 663 989 702 omnis·
1006 663 1225 703 actionum
1246 664 1539 702 humanarum
1561 662 1788 702 moralitas

202 727 362 780 pendet
389 741 415 767 a
447 727 580 769 libera
610 728 698 769 Dei
726 730 955 770 voluntate.

262 791 388 831 Prob.
420 792 609 832 Plurium
631 793 844 834 actionum
873 793 1151 832 humanarum
1183 793 1399 833 moralitas
1423 792 1692 832 immutabilis
1713 800 1789 832 est.

208 857 334 910 Atqui
364 859 474 910 quod
504 865 567 899 est
597 859 811 908 eiusmodi,
842 873 869 898 a
891 859 1019 900 libera
1039 860 1115 900 Dei
1140 860 1351 900 voluntate
1382 873 1465 899 non
1485 859 1791 912 pendet3siqui-

210 921 302 961 dem
333 921 440 962 haec
469 922 511 961 in
533 923 762 972 effectibus,
785 937 888 976 quos
904 924 1106 975 producit,
1123 924 1379 965 contrarium
1400 923 1540 964 facere
1572 923 1787 975 potuisset.

209 987 320 1037 Ergo
352 998 435 1024 non
465 987 601 1026 omnis
630 987 843 1027 actionum
871 988 1150 1027 humanarum
1181 988 1396 1029 moralitas
1425 988 1577 1041 pendet
1601 1001 1627 1027 a
1657 987 1790 1027 libera

210 1051 285 1091 Dei
315 1052 541 1093 voluntate.
573 1054 624 1093 Et
653 1067 756 1094 sane
785 1054 877 1106 quis
906 1061 970 1094 est
998 1068 1023 1093 a
1052 1054 1212 1094 ratione
1242 1053 1303 1094 sic
1323 1054 1498 1104 alienus,
1521 1061 1563 1095 ut
1594 1068 1675 1094 non
1695 1067 1790 1093 sen-

210 1118 285 1157 tiat
314 1126 495 1160 mentem
526 1120 720 1160 sensibus
749 1120 966 1170 subiicere,
999 1134 1082 1160 non
1110 1134 1282 1162 servare
1320 1121 1467 1169 fidem,
1489 1126 1684 1173 parentes
1715 1126 1787 1159 aut

210 1187 343 1225 Deum
360 1192 641 1235 contemnere,
658 1186 722 1228 ius
738 1186 921 1227 alienum
950 1187 1122 1240 eripere,
1153 1186 1289 1239 turpia
1310 1199 1492 1239 esseper
1512 1200 1570 1236 se,
1590 1192 1713 1239 atque
1732 1185 1792 1224 ita

209 1256 253 1289 ut
272 1249 314 1288 in
343 1250 455 1289 bona
484 1257 524 1291 et
552 1251 733 1291 honesta
763 1251 1010 1290 commutari
1029 1264 1113 1291 non
1131 1250 1324 1303 possint?
1355 1253 1510 1292 Contra
1549 1264 1648 1291 vero
1670 1249 1792 1289 alteri

210 1315 473 1364 benefacere,
502 1316 748 1368 parentibus
778 1316 1079 1369 obtemperare,
1112 1318 1244 1357 Deum
1266 1317 1415 1365 colere,
1438 1322 1548 1357 stare
1579 1316 1725 1369 pactis,
1749 1321 1792 1355 et

212 1388 353 1422 cetera
382 1382 585 1422 eiusmodi
605 1383 664 1422 ita
694 1395 789 1422 esse
808 1388 926 1423 recta
946 1390 985 1422 et
1006 1383 1198 1431 honesta,
1219 1388 1263 1422 ut
1288 1383 1330 1422 in
1350 1396 1483 1435 prava
1503 1388 1543 1423 et
1563 1383 1788 1423 inhonesta

211 1446 398 1486 converti
428 1459 603 1498 prorsus
632 1446 878 1499 nequeant?

265 1510 424 1550 Deinde
455 1510 598 1550 divina
627 1512 822 1552 voluntas
855 1510 1081 1550 bonitatem
1114 1511 1176 1550 vel
1211 1510 1412 1550 malitiam
1443 1509 1678 1550 actionibus
1705 1508 1789 1547 im-

216 1576 371 1628 partire
400 1590 483 1617 non
514 1583 668 1628 posset,
686 1576 765 1615 nisi
787 1583 885 1617 ante
906 1583 1200 1628 praesumatur
1215 1577 1370 1616 bonum
1390 1589 1484 1616 esse
1505 1582 1545 1615 et
1565 1577 1786 1615 honestum

211 1643 300 1683 Deo
331 1642 601 1695 praecipienti
631 1655 791 1694 parere,
824 1649 939 1694 turpe
962 1649 1001 1681 et
1020 1642 1209 1681 illicitum
1230 1641 1436 1681 reluctari.
1455 1642 1547 1680 Hoc
1569 1654 1653 1680 non
1675 1652 1789 1692 prae-

212 1709 452 1760 supposito,
483 1708 592 1747 actio
622 1708 806 1748 manebit
836 1707 1079 1747 indifferens
1099 1740 1108 1755 ,
1139 1707 1264 1747 etiam
1294 1714 1385 1758 post
1420 1706 1496 1746 Dei
1525 1706 1686 1746 iussum
1718 1706 1786 1744 vel

214 1775 545 1827 prohibitionem.
564 1775 675 1826 Ergo
699 1774 1010 1814 Puffendorfius
1027 1773 1104 1812 sibi
1122 1773 1387 1813 contradicat
1404 1785 1579 1812 necesse
1597 1777 1670 1821 est,
1694 1784 1790 1811 cum

213 1847 395 1894 nequeat
424 1841 642 1881 adstruere
674 1839 857 1879 divinam
887 1840 1142 1880 voluntatem
1176 1845 1219 1878 ut
1239 1839 1414 1891 primam
1438 1839 1622 1878 radicem
1645 1843 1684 1877 et
1705 1837 1792 1876 fon-

211 1914 292 1949 tem
324 1907 587 1954 moralitatis,
617 1906 715 1959 quin
745 1905 867 1945 simul
897 1904 1087 1953 fateatur,
1110 1904 1263 1957 aliquid
1290 1904 1474 1957 reperiri,
1496 1904 1604 1956 quod
1630 1908 1727 1942 ante
1747 1902 1791 1941 li-

212 1972 355 2012 beram
386 1971 461 2011 Dei
492 1971 749 2010 voluntatem
780 1982 857 2009 ceu
888 1969 1043 2008 bonum
1073 1975 1144 2008 aut
1175 1969 1330 2007 malum
1362 1967 1414 2006 sit
1444 1967 1756 2006 admittendum.

268 2035 421 2082 Tertio,
451 2035 573 2074 homo
603 2040 755 2074 natura
785 2046 861 2073 sua
890 2034 1015 2072 finem
1046 2032 1237 2084 aliquem,
1270 2031 1349 2072 sibi
1378 2030 1697 2071 convenientem
1719 2031 1795 2069 ha·

212 2101 312 2141 bere
342 2100 472 2140 debet.
506 2101 730 2151 Repugnat
759 2098 869 2139 enim
899 2098 1065 2138 divinae
1095 2097 1326 2150 sapientiae
1361 2104 1403 2137 ut
1431 2110 1499 2137 res
1517 2097 1681 2149 proprio
1703 2097 1788 2135 fine

213 2173 368 2215 careat,
397 2173 468 2206 aut
498 2167 624 2205 finem
656 2165 808 2205 habeat
839 2177 940 2204 suae
962 2171 1137 2204 naturae
1158 2163 1427 2204 contrarium.
1448 2163 1553 2202 Cum
1575 2162 1699 2214 igitur
1720 2162 1790 2201 hic

211 2233 308 2273 finis
337 2232 582 2271 naturaliter
611 2231 768 2271 homini
793 2230 1028 2279 conveniat;
1051 2230 1299 2269 naturaliter
1319 2228 1444 2269 etiam
1466 2228 1503 2268 ei
1525 2227 1721 2268 convenit
1742 2240 1790 2267 se

213 2300 266 2339 ad
295 2300 422 2347 finem
450 2298 567 2338 illum
598 2310 856 2349 promovere,
886 2302 1010 2349 atque
1039 2309 1090 2336 ea
1120 2295 1272 2336 sectari
1294 2308 1399 2348 quae
1420 2295 1473 2333 ad
1494 2295 1684 2334 eumdem
1709 2293 1793 2333 adi-

214 2362 459 2415 piscendum
491 2361 648 2400 iuvant.
682 2362 787 2400 Tum
810 2373 973 2413 quoque
995 2359 1250 2399 conveniens
1270 2359 1428 2399 homini
1454 2364 1518 2398 est
1538 2365 1702 2398 ceteros
1723 2371 1792 2409 ap-

216 2427 380 2480 petitus,
411 2427 478 2479 qui
500 2426 588 2466 eius
610 2426 864 2466 voluntatem
885 2425 937 2465 ad
959 2425 1042 2464 alia
1063 2426 1173 2465 bona
1193 2425 1265 2465 fini
1295 2425 1544 2464 reluctantia
1565 2423 1792 2476 pelliciunt,

216 2494 469 2541 refraenare,
502 2505 656 2545 eosque
687 2492 928 2532 submittere
949 2492 1100 2531 mentis
1135 2491 1319 2543 imperio.
1344 2491 1589 2542 Oppositum
1611 2501 1710 2528 vero
1744 2487 1797 2528 ef-

218 2561 358 2606 ficere,
388 2558 690 2598 inconveniens
721 2558 877 2598 homini
908 2571 958 2597 ac
992 2564 1110 2609 turpe
1140 2562 1215 2597 est.
1251 2557 1448 2609 Inspecta
1487 2555 1614 2607 igitur
1642 2559 1797 2593 natura

217 2622 412 2669 hominis,
443 2622 582 2673 aliqua
612 2622 934 2674 comperiuntur,
964 2634 1069 2673 quae
1101 2620 1234 2660 eidem
1255 2618 1496 2659 necessario
1521 2616 1789 2663 conveniunt;

220 2690 303 2729 alia
331 2693 483 2734 autern,
514 2701 620 2739 quae
651 2687 892 2728 necessario
923 2687 1177 2739 discrepant.
1208 2686 1351 2725 Prima
1376 2685 1567 2724 dicuntur
1587 2684 1711 2731 bona,
1734 2695 1796 2722 se-

221 2752 359 2793 cunda
388 2764 486 2790 vero
516 2752 638 2790 mala.
671 2753 765 2791 Non
794 2751 920 2803 igitur
949 2764 974 2789 a
1003 2750 1132 2790 libera
1154 2749 1230 2789 Dei
1252 2751 1465 2789 voluntate
1490 2747 1704 2798 multoque
1727 2746 1800 2784 mi-

222 2832 301 2859 nus
330 2817 383 2857 ab
413 2818 495 2856 ullo
527 2816 607 2856 alio
638 2816 825 2856 mutabili
854 2815 1078 2868 principio,
1111 2814 1247 2854 omnis
1276 2813 1489 2853 actionum
1514 2813 1795 2852 humanarum

226 2883 390 2925 bonitas
420 2883 484 2921 vel
516 2882 686 2930 malitia,
717 2894 791 2921 seu
821 2881 1075 2929 earumdem,
1106 2880 1338 2928 moralitas,
1369 2879 1531 2932 pendet.
