1970 3203
185 187 264 227 1⁶24
515 201 582 228 ius
612 201 813 228 NATURAE
835 211 856 217 -
876 203 984 229 PARS
1013 203 1035 229 1.
1066 203 1132 230 ms
1161 203 1429 232 1Nn1vaALE

185 284 377 318 teneatur
406 292 485 318 non
508 292 661 331 cogere
691 279 922 319 animantia
951 279 1070 320 bruta
1092 281 1146 320 ad
1170 281 1323 333 aliquid
1353 283 1626 332 subeundum,
1649 285 1757 336 quod

182 355 328 382 eorum
359 343 502 383 sensili
531 351 707 383 naturae
736 350 960 396 repugnet,
995 343 1192 396 ambigua
1220 350 1284 384 est
1312 350 1352 385 et
1379 345 1482 385 nihil
1511 346 1676 387 evincit.
1714 347 1760 387 Si

178 406 292 446 enim
322 406 404 446 hoc
436 420 563 447 sensu
593 407 846 461 intelligitur,
869 408 977 460 quod
1008 409 1133 448 homo
1152 408 1254 447 nihil
1285 408 1452 449 efficere
1484 410 1633 450 debeat
1653 411 1762 463 quod

183 472 313 512 brutis
344 473 528 512 dolorem
558 475 719 523 afferat,
742 474 922 514 falsitate
940 475 1112 514 laborat.
1135 476 1227 514 Hoc
1256 475 1346 526 ipso
1376 475 1485 514 enim
1506 476 1614 529 quod
1634 477 1755 516 bruta

177 540 234 578 ad
265 540 419 579 bonum
449 540 629 581 hominis
659 541 914 590 ordinantur,
944 541 994 581 iis
1023 542 1149 581 homo
1179 542 1235 581 uti
1266 546 1401 593 potest
1429 548 1550 594 prout
1578 542 1749 595 indiget.

181 606 260 644 Illa
287 606 412 658 igitur
443 607 574 647 labori
604 607 859 656 submittere,
891 613 934 648 ut
963 621 1106 648 eorum
1143 607 1372 647 ministerio
1406 607 1598 658 iuvetur;
1629 609 1756 648 immo

182 675 370 709 mactare
392 670 516 711 etiam
537 672 697 724 poterit,
715 672 749 711 si
769 679 950 713 noceant
970 673 1110 712 autad
1126 671 1384 712 vescendum
1402 671 1484 711 sint
1504 678 1749 725 opportuna:

179 733 292 785 quod
322 740 435 775 certe
460 735 551 775 sine
571 736 811 776 eorumdem
834 737 985 777 damno
1007 743 1046 777 et
1069 736 1212 776 dolore
1241 749 1325 776 non
1347 736 1536 776 efficitur.
1559 737 1695 789 Atque
1716 735 1757 775 id

178 797 304 838 homo
329 799 425 838 dum
446 801 545 853 agit,
563 800 627 840 ius
648 801 806 840 nullum
823 801 959 850 laedit3
977 801 1050 841 sed
1070 806 1246 840 naturae
1263 800 1448 840 ordinem
1466 799 1660 852 sequitur.
1681 799 1755 838 Sin

173 877 228 905 ea
257 867 486 918 propositio
509 867 570 907 sic
600 867 868 919 intelligatur,
899 875 942 908 ut
962 868 1087 908 homo
1108 868 1149 907 in
1175 881 1255 907 usu
1282 867 1495 907 brutorum
1516 866 1667 905 limites
1688 879 1758 906 ne·

179 933 393 973 cessitatis
415 940 486 973 aut
506 934 655 973 saltem
678 934 877 983 utilitatis,
899 948 983 974 non
1005 935 1193 984 excedat,
1215 947 1293 974 nec
1315 933 1600 973 crudelitatem
1630 946 1756 972 exer-

179 1004 286 1048 ceat3
310 1012 452 1038 verum
476 999 584 1047 dicit,
607 999 680 1039 sed
700 1006 842 1040 aerem
863 1001 1067 1040 verberat.
1090 1001 1153 1039 Ea
1170 1000 1280 1039 enim
1301 999 1499 1052 obligatio
1522 1000 1650 1039 oritur
1670 1012 1755 1039 non

180 1074 234 1100 ex
256 1062 341 1101 iure
363 1062 499 1114 aliquo
522 1062 750 1112 brutorum,
773 1064 846 1104 sed
866 1078 918 1104 ex
943 1065 1203 1104 ordinatione
1225 1064 1375 1114 divina;
1398 1078 1480 1117 qna
1499 1077 1582 1103 non
1603 1063 1657 1103 ad
1677 1062 1758 1102 dis-

177 1124 401 1176 sipandum
433 1132 506 1166 aut
537 1127 822 1177 saeviendum,
853 1129 926 1169 sed
954 1129 1009 1169 ad
1039 1128 1356 1169 convenientem
1387 1128 1605 1169 utilitatem
1638 1128 1756 1167 bruta

180 1189 304 1229 nobis
326 1202 534 1230 concessa
555 1198 662 1232 sunt.
685 1193 807 1233 Unde
829 1194 896 1245 qui
916 1192 968 1233 iis
988 1193 1180 1243 abutitur,
1202 1200 1274 1233 aut
1293 1193 1334 1232 in
1356 1206 1499 1233 eorum
1520 1205 1598 1231 usu
1620 1191 1755 1231 ferita-

177 1260 261 1294 tem
284 1262 466 1305 exercet,
483 1256 700 1297 intentioni
721 1258 900 1308 divinae,
922 1259 1162 1307 reluctatur,
1193 1268 1234 1300 et
1255 1259 1394 1299 officia
1412 1258 1639 1311 proculcat,
1661 1256 1754 1309 qui-

180 1317 258 1358 bus
279 1332 380 1372 erga
401 1320 585 1373 seipsum
603 1321 886 1374 adstringitur;
904 1336 1010 1375 quae
1031 1337 1134 1363 sane
1152 1323 1293 1363 iubent
1309 1329 1352 1362 ut
1372 1321 1588 1363 temeritas
1606 1327 1644 1360 et
1665 1333 1755 1359 sae-

178 1382 294 1430 vitia,
317 1383 425 1423 sicut
446 1391 586 1424 cetera
607 1385 716 1435 vitia,
739 1387 779 1425 in
802 1387 949 1439 quavis
970 1388 1135 1428 actione
1157 1388 1396 1427 declinetur.
1419 1387 1529 1426 Hinc
1551 1387 1595 1424 fit
1625 1390 1669 1424 ut
1700 1385 1755 1424 ad

177 1456 467 1500 opportunum,
499 1458 538 1491 et
560 1459 845 1504 temperatum,
868 1460 907 1493 et
929 1454 1042 1493 omni
1072 1453 1314 1494 crudelitate
1343 1460 1580 1501 vacantem,
1610 1452 1756 1492 bruto-

176 1525 269 1551 rum
299 1526 420 1553 usum
452 1514 696 1567 obligemur.
727 1517 789 1556 Ex
821 1531 901 1570 quo
932 1526 1116 1570 apparet,
1142 1517 1263 1557 bruta
1292 1524 1539 1570 ceterasque
1558 1530 1625 1558 res
1645 1516 1754 1556 infe-

179 1576 313 1617 riores
330 1591 413 1617 non
432 1591 525 1618 esse
541 1580 742 1620 terminos
763 1581 1010 1631 officiorum,
1028 1583 1102 1622 sed
1123 1595 1217 1624 esse
1238 1583 1445 1623 obiectum
1463 1590 1503 1622 et
1521 1582 1751 1630 materiam,

180 1640 298 1680 circa
314 1655 439 1693 quam
457 1643 597 1682 officia
613 1645 794 1685 hominis
810 1646 1058 1699 quandoque
1080 1641 1312 1686 versantur.
1325 1647 1381 1686 Ut
1396 1649 1505 1686 enim
1521 1645 1562 1684 in
1578 1644 1749 1693 iuribus,

180 1705 242 1745 sic
274 1707 398 1746 etiam
419 1710 460 1747 in
491 1709 640 1748 officiis
670 1723 753 1750 non
784 1712 906 1751 modo
937 1712 1170 1752 subiectum
1199 1718 1240 1752 et
1268 1712 1490 1761 terminus,
1520 1712 1594 1752 sed
1625 1711 1750 1751 etiam

173 1770 387 1812 obiectum
418 1779 457 1812 et
490 1774 667 1813 materia
697 1775 952 1815 considerari
983 1776 1144 1816 debent.

230 1839 291 1878 19.
322 1839 558 1880 officiorum
585 1841 667 1880 alia
697 1846 795 1882 sunt
825 1843 1148 1892 connaturalia,
1179 1843 1262 1883 alia
1290 1843 1536 1883 adventitia.
1580 1843 1755 1881 Praeter

175 1904 455 1954 partitionem,
469 1906 662 1957 superius
674 1913 842 1956 tactam,
857 1909 1010 1956 officia,
1023 1909 1372 1961 quemadmodum
1383 1909 1432 1948 de
1447 1909 1604 1948 iuribus
1625 1921 1753 1960 supra

174 1969 274 2017 dixi,
291 1971 417 2011 dividi
439 1979 618 2023 possunt
635 1973 676 2012 in
695 1976 1004 2014 connaturalia
1021 1988 1096 2014 seu
1108 1975 1349 2028 primitiva,
1362 1983 1401 2015 et
1422 1974 1655 2014 adventitia
1672 1987 1749 2013 seu

174 2032 386 2074 derivata.
408 2036 484 2074 Illa
509 2042 616 2085 sunt,
639 2051 744 2089 quae
773 2038 814 2076 in
836 2039 1130 2078 essentialibus
1150 2039 1332 2079 hominis
1352 2038 1621 2079 relationibus
1651 2037 1748 2076 fun-

172 2098 338 2150 dantur,
360 2101 466 2141 haec
488 2115 599 2151 vero,
621 2117 726 2155 quae
749 2104 935 2156 proxime
966 2105 1152 2144 oriuntur
1173 2119 1224 2145 ex
1245 2104 1516 2146 relationibus
1545 2103 1750 2157 superad-

171 2166 278 2215 ditis,
301 2179 378 2219 ope
399 2167 497 2207 sacti
518 2169 695 2209 alicuius
717 2183 767 2210 ex
790 2170 971 2210 hominis
1002 2171 1187 2211 libertate
1215 2171 1445 2224 pendentis.
1470 2171 1749 2210 Nihilominus

171 2234 322 2272 horum
346 2234 471 2274 etiam
491 2234 809 2275 fundamentum
827 2244 1030 2278 remotum
1046 2238 1088 2277 in
1109 2238 1247 2277 officio
1265 2237 1400 2289 aliquo
1422 2237 1600 2276 naturali
1622 2237 1749 2276 situm

168 2305 245 2338 est.
269 2299 441 2337 Factum
465 2299 583 2347 enim,
607 2300 714 2352 quod
733 2301 983 2352 supervenit,
1007 2315 1089 2341 non
1110 2302 1223 2341 aliud
1247 2303 1369 2341 affert
1391 2300 1471 2340 nisi
1493 2301 1747 2341 determina-

171 2365 328 2404 tionem
346 2372 385 2405 et
401 2366 721 2418 applicationem
739 2367 877 2415 officii,
894 2381 920 2406 a
936 2367 1743 2420 naturaindeterminateproficiscentis;

168 2443 257 2478 seu,
280 2431 388 2482 quod
408 2431 449 2470 in
471 2431 579 2471 idern
601 2432 757 2480 recidit,
780 2433 1044 2485 hypothesim
1066 2434 1119 2473 ad
1139 2439 1279 2473 actum
1301 2433 1480 2482 adducit,
1504 2447 1609 2486 quae
1631 2433 1672 2472 in
1689 2433 1744 2473 of-

167 2495 265 2535 ficio
290 2498 554 2536 connaturali
584 2497 884 2538 includebatur.
916 2500 1054 2546 Quare
1078 2500 1219 2539 officia
1247 2499 1450 2540 eiusmodi
1471 2499 1739 2552 hypothetica

164 2561 293 2601 etiam
325 2563 598 2614 appellantur,
628 2565 762 2615 prima
791 2570 930 2605 autem
961 2565 1169 2605 absolata.

219 2626 282 2665 20.
295 2625 438 2666 Officia
453 2627 634 2667 iuridica
651 2632 693 2668 et
708 2641 813 2680 pure
828 2630 1016 2670 moralia.
1031 2629 1236 2669 Dividitur
1255 2630 1378 2670 etiam
1391 2628 1573 2669 officium
1586 2628 1627 2667 in
1646 2629 1751 2668 iuri-

165 2691 308 2730 dicum
328 2696 490 2743 etpure
508 2694 683 2732 morale:
701 2701 821 2745 prout
837 2696 900 2734 vel
918 2694 996 2734 iuri
1018 2695 1188 2735 alterius
1209 2695 1444 2748 respondet,
1462 2699 1505 2734 ut
1522 2707 1586 2733 ex.
1604 2707 1665 2745 gr.
1687 2707 1751 2734 re-

166 2756 322 2797 stitutio
345 2757 530 2808 depositi,
558 2759 632 2806 vel,
650 2758 746 2798 licet
763 2760 896 2812 alege
913 2761 1058 2799 morali
1077 2761 1324 2811 imponatur,
1345 2766 1481 2799 tamen
1502 2759 1541 2798 vi
1558 2759 1745 2800 iustitiae

162 2820 277 2872 exigi
300 2819 451 2872 nequit,
473 2829 517 2860 ut
537 2820 734 2873 obligatio
764 2823 805 2861 in
827 2823 950 2865 divite
972 2824 1096 2863 dandi
1112 2825 1367 2876 superfluum
1388 2822 1638 2877 pauperibus
1663 2824 1742 2875 (1).

205 2905 258 2946 (1)
284 2905 385 2938 Haec
409 2906 535 2939 divisio
559 2906 711 2940 innuitur
735 2918 756 2939 a
778 2909 967 2941 S.'l‘h0ma
988 2908 1043 2941 his
1060 2909 1189 2942 verbis.
1216 2911 1310 2942 «Est
1334 2910 1469 2952 duplex
1493 2910 1662 2948 debitum,
1679 2910 1746 2943 sci-
