1970 3203
246 213 383 240 CAPUT
411 213 447 238 11.
476 212 530 238 DE
559 210 824 238 OPERATIONE
844 209 1022 236 HUMANA
1043 207 1182 234 PROUT
1201 207 1442 235 ORDlNATUR
1461 208 1500 233 IN
1522 207 1648 234 FINEM
1676 195 1727 233 59

165 289 370 329 obiectum
401 287 647 327 sumendum
678 282 771 327 esse
800 287 843 325 in
871 285 1031 324 ratione
1060 284 1247 331 formali,
1283 297 1358 324 seu
1397 284 1473 324 sub
1510 290 1703 335 respectu
1721 315 1729 330 ,

164 368 244 407 quo
274 353 489 405 attingitur
518 354 571 393 ab
599 359 807 405 operante.
839 351 1057 391 Obiectum
1086 350 1195 390 enim
1223 350 1265 389 in
1295 364 1341 390 se
1372 364 1500 390 unum
1540 351 1731 401 idemque

162 429 348 464 manens,
381 416 533 455 variari
563 422 697 468 potest
725 416 861 468 quoad
890 415 1091 454 rationem
1122 415 1359 462 formalem,
1391 421 1511 466 prout
1543 413 1618 452 sub
1649 426 1734 451 una

164 479 301 533 potius
331 493 454 532 quam
485 479 568 519 alia
595 479 795 519 relatione
823 479 1078 530 inspiciatur.

216 543 339 582 Prob.
369 544 555 583 secunda
583 557 691 596 pars.
722 543 837 582 Finis
866 543 1005 589 etiam,
1036 555 1130 580 cum
1160 542 1350 581 diversus
1380 547 1442 582 est
1472 540 1523 579 ab
1555 539 1731 587 obiecto,

165 606 207 646 in
237 606 344 659 quod
374 606 502 646 fertur
531 607 729 659 operatio,
760 620 907 646 revera
937 605 1130 646 terminat
1158 612 1296 644 actum
1322 604 1559 651 voluntatis,
1590 603 1731 654 impel-

162 673 287 724 litque
318 679 560 725 operantem
590 673 644 712 ad
671 673 878 714 actionem
908 672 1167 712 eliciendam.
1199 672 1309 723 Ergo
1340 672 1463 710 etiam
1490 670 1578 722 ipse
1607 668 1733 708 habet

161 735 366 775 rationem
396 736 560 776 termini
590 743 629 776 et
659 750 837 783 causae,
867 740 1061 788 respectu
1090 741 1221 774 actus.
1259 735 1342 774 Suo
1378 734 1502 786 igitur
1542 732 1662 772 modo
1691 731 1733 769 in

163 799 253 840 eius
282 800 559 840 moralitatem
589 813 737 852 reapse
767 799 911 839 influit.
943 800 1074 838 Immo
1105 798 1345 850 plerumque
1368 810 1519 836 novam
1548 794 1731 847 speciem

162 862 303 902 tribuit
332 863 499 902 actioni.
522 863 591 902 Sic
611 863 678 915 qui
699 865 1010 915 eleemosynam
1032 861 1231 913 elargitur
1255 875 1307 901 ex
1330 860 1484 901 motivo
1506 860 1733 911 religionis,

164 929 371 969 actionem
402 928 500 968 facit
530 928 682 981 duplici
711 930 906 968 affectam
937 928 1132 967 bonitate.

219 994 340 1033 Prob.
374 994 494 1034 tertia
522 1008 632 1046 pars.
665 994 875 1034 Adiuncta
903 994 968 1032 vel
998 992 1356 1041 circumstantiae,
1388 1005 1495 1045 quae
1527 991 1733 1031 obiectum

166 1066 237 1098 aut
266 1066 507 1112 operantem
539 1060 738 1107 afficiunt,
769 1073 814 1099 se
843 1060 1001 1099 habent
1029 1059 1070 1098 in
1100 1058 1266 1098 modum
1288 1058 1565 1098 accidentium
1590 1069 1733 1107 respe-

165 1128 233 1162 ctu
262 1123 451 1163 actionis.
481 1124 604 1176 Atqui
635 1123 881 1170 accidentia,
910 1123 1007 1162 licet
1035 1135 1119 1161 non
1150 1122 1245 1160 dent
1275 1121 1457 1174 speciem
1492 1120 1562 1168 rei,
1595 1126 1735 1158 tamen

163 1188 316 1241 aliquid
345 1189 566 1230 conferunt
596 1190 649 1229 ad
678 1192 768 1229 eius
797 1190 961 1241 plenam
991 1188 1306 1241 perfectionem;
1338 1195 1381 1227 ut
1410 1201 1474 1226 ex.
1505 1200 1564 1238 gr.
1588 1187 1734 1237 figura,

165 1254 305 1302 color,
334 1255 544 1307 proportio
574 1255 853 1294 membrorum
884 1261 1078 1306 respectu
1107 1253 1299 1292 hominis.
1331 1254 1444 1306 Ergo
1481 1267 1531 1292 ex
1563 1252 1734 1292 circum-

163 1319 340 1369 stantiis,
371 1335 424 1361 ex
453 1334 514 1373 gr.
545 1321 638 1368 loci,
668 1321 880 1373 temporis,
911 1320 1122 1372 qualitatis
1143 1332 1347 1371 personae
1378 1327 1417 1358 et
1438 1319 1646 1366 similium,
1669 1318 1736 1356 ad-

166 1383 278 1422 venit
307 1385 459 1424 actioni
488 1385 789 1425 incrementum
820 1385 985 1436 aliquod
1016 1386 1079 1424 vel
1124 1385 1433 1423 decrementum
1478 1384 1612 1436 quoad
1647 1383 1734 1422 eius

166 1447 456 1497 moralitatem,
487 1449 678 1500 quamvis
707 1461 790 1487 non
820 1448 917 1487 dent
946 1448 1139 1499 speciem.
1511 1453 1522 1469 ⁰

221 1511 277 1550 Ut
304 1511 443 1564 itaque
473 1513 681 1552 humanus
710 1517 830 1551 actus
859 1511 1048 1550 absolute
1078 1511 1130 1551 sit
1160 1510 1295 1550 bonus
1314 1542 1324 1557 ,
1355 1523 1407 1549 ex
1436 1510 1550 1548 nulla
1581 1509 1730 1547 harum

165 1574 343 1626 partium
373 1587 551 1626 peccare
581 1575 726 1623 debet3
758 1587 882 1614 secus
903 1606 912 1622 ,
943 1575 1232 1626 quadantenus
1264 1573 1411 1612 saltem
1430 1606 1438 1620 ,
1480 1572 1555 1611 erit
1584 1572 1736 1611 malus.

167 1639 277 1679 Hinc
306 1639 348 1680 in
378 1640 604 1680 moralibus
634 1646 826 1680 exortum
855 1646 918 1680 est
945 1639 1208 1691 proverbium
1232 1652 1239 1679 :
1271 1639 1443 1678 Bonum
1478 1652 1526 1677 ex
1559 1638 1728 1689 integr-a

166 1719 311 1754 causa,
342 1707 505 1745 malum
534 1720 584 1745 θα»
613 1719 878 1758 quocumque
906 1705 1085 1757 defectu.

221 1770 284 1808 53.
314 1770 569 1809 PRoposmo
590 1770 647 1808 2³.
669 1769 766 1808 Etsi
782 1770 945 1808 dantur
966 1772 1087 1807 actus
1105 1769 1285 1808 humani
1306 1768 1536 1807 secandum
1557 1768 1736 1820 speciem

169 1837 209 1872 et
236 1834 494 1873 abstractam
523 1834 906 1874 consider-ationem
929 1833 1227 1886 indifferentes,
1251 1834 1396 1872 nultus
1429 1835 1569 1870 tamen
1598 1831 1732 1870 datur*

165 1903 286 1939 actus
316 1901 528 1939 humanus
559 1899 804 1952 indifferens
836 1899 879 1937 in
910 1897 1140 1946 individuo,
1171 1911 1245 1936 seu
1278 1900 1469 1936 concrete
1504 1898 1731 1948 spectatus.

218 1965 340 2004 Prob.
372 1965 505 2017 prima
532 1978 641 2017 pars.
672 1965 805 2004 Actus
833 1963 1003 2002 humani
1026 1962 1247 2002 desumunt
1270 1962 1450 2014 speciem
1479 1974 1529 2000 ex
1554 1960 1732 1999 obiecto.

165 2030 291 2082 Atqui
321 2029 472 2069 dantur
500 2029 663 2070 obiecta
691 2042 823 2082 quae,
863 2028 1127 2068 considerata
1155 2027 1197 2065 in
1231 2027 1444 2067 abstracto
1486 2034 1525 2065 et
1555 2038 1627 2077 per
1656 2038 1702 2064 se
1720 2057 1728 2072 ,

166 2095 323 2133 nullam
358 2093 644 2146 praeseferunt
681 2094 924 2134 relationem
963 2090 1281 2131 convenientiae
1316 2091 1381 2129 vel
1421 2089 1728 2140 discrepantiae

168 2173 262 2199 cum
293 2159 449 2208 ordine,
480 2173 601 2212 quem
630 2161 755 2200 homo
785 2159 978 2212 prosequi
1007 2164 1189 2205 tenetur,
1221 2158 1294 2197 sed
1323 2156 1458 2209 potius
1488 2155 1588 2194 talia
1622 2163 1731 2201 sunt,

169 2230 213 2264 ut
241 2232 400 2266 tantum
430 2227 590 2266 ratione
622 2226 718 2265 finis
747 2226 788 2265 in
819 2226 972 2264 bonum
1002 2225 1066 2263 vel
1096 2225 1250 2262 malum
1280 2223 1457 2276 torqueri
1488 2221 1660 2274 possint.
1684 2221 1733 2258 E-

170 2292 336 2342 xemplo
365 2291 447 2330 sint
477 2291 778 2338 deambulatio,
811 2296 1029 2343 gestamen
1058 2302 1268 2328 armorum
1290 2321 1299 2336 ‚
1339 2286 1554 2326 rusticatio
1572 2318 1581 2334 ,
1611 2290 1734 2337 atque

171 2357 254 2396 alia
282 2357 446 2409 generis
476 2357 671 2397 eiusdem.
705 2358 816 2408 Ergo
847 2363 967 2396 actus
998 2354 1190 2401 humani,
1221 2354 1287 2393 his
1315 2353 1628 2404 respondentes,
1659 2364 1733 2402 per

169 2434 215 2461 se
244 2428 284 2460 et
312 2421 542 2462 secundum
571 2421 826 2460 abstractam
857 2418 1257 2465 considerationem,
1288 2430 1365 2456 nec
1396 2417 1492 2456 boni
1524 2429 1602 2455 nec
1634 2416 1729 2454 mali

166 2485 380 2525 moraliter
410 2484 492 2524 dici
521 2490 705 2536 possunt.

219 2549 341 2588 Prob.
373 2548 559 2588 secunda
586 2561 697 2600 pars.
728 2547 850 2587 Actio
880 2546 1056 2586 sumitur
1084 2545 1125 2584 in
1156 2550 1368 2592 concreto,
1390 2557 1486 2583 cum
1514 2543 1732 2595 inspicitur

164 2612 316 2652 vestita
345 2611 678 2660 circumstantiis,
708 2624 815 2664 quae
844 2623 1008 2661 semper
1037 2609 1200 2660 aliquae
1229 2608 1391 2655 adsunt,
1423 2612 1463 2646 et
1491 2606 1567 2645 sub
1590 2606 1728 2645 deter-

162 2675 318 2714 minato
348 2675 442 2723 fine,
472 2680 638 2727 propter
667 2688 788 2727 quem
819 2681 1038 2713 exercetur
1067 2672 1119 2711 ab
1149 2676 1360 2723 operante.
1394 2671 1503 2709 Hinc
1535 2684 1628 2709 cum
1658 2669 1731 2708 cir-

165 2738 438 2778 cumstantiae
466 2739 627 2791 possint
655 2751 749 2778 esse
768 2738 904 2778 bonae
925 2738 991 2777 vel
1012 2739 1160 2784 malae,
1182 2741 1232 2784 et,
1256 2735 1417 2775 etiamsi
1442 2733 1727 2773 indifferentes

169 2801 262 2849 sint,
292 2813 470 2852 operans
501 2803 641 2854 (modo
671 2816 724 2842 ex
744 2801 1006 2842 advertentia
1025 2799 1176 2840 mentis
1196 2800 1312 2852 agat)
1334 2812 1497 2851 semper
1527 2798 1579 2836 ad
1599 2798 1723 2836 finem

169 2865 392 2907 honestum
420 2867 632 2908 intendere
661 2868 845 2909 animum
874 2873 1075 2918 teneatur;
1104 2868 1245 2921 nequit
1272 2868 1381 2908 effici
1411 2874 1455 2906 ut
1483 2867 1603 2915 actio,
1635 2878 1728 2904 con-
