1970 3203
130 260 182 301 86
829 275 1050 303 ETHICA

185 353 249 394 90.
279 353 435 394 Divisio
450 354 581 405 Legis.
600 353 657 394 Ut
672 359 812 394 autern
834 354 884 394 de
904 354 1010 407 legis
1034 354 1256 406 partitione
1277 354 1432 408 aliquid
1453 355 1640 406 innuam,
1660 370 1712 397 ea

136 420 389 473 generaliter
411 420 534 459 dividi
556 425 692 471 potest
711 419 752 458 in
774 420 956 460 divinam
979 428 1019 460 et
1048 421 1289 460 humanam.
1314 421 1390 460 Illa
1410 434 1435 461 a
1455 422 1544 462 Deo
1576 423 1719 463 imme·

139 483 250 524 diate
271 483 411 533 fertur,
432 484 539 523 haec
556 490 703 524 contra
722 484 774 523 ab
790 484 971 532 homine,
990 490 1195 536 potestate
1212 498 1237 523 a
1259 486 1346 524 Deo
1363 484 1406 524 in
1426 486 1617 527 eumdem
1641 487 1719 527 de-

139 549 286 589 rivata.
317 550 405 589 Nisi
437 549 545 590 enim
576 550 685 590 haec
715 550 917 591 derivatio
944 550 1232 598 subaudiatur,
1265 549 1429 602 concipi
1465 565 1549 591 non
1585 558 1724 606 potest

141 617 249 668 quod
270 616 395 655 homo
416 615 575 655 homini
603 615 692 656 iure
712 616 897 668 imperet.
929 616 1049 656 Prior
1070 616 1252 668 dispesci
1283 616 1390 657 solet
1420 616 1462 655 in
1485 622 1726 668 aeternam,

145 681 393 719 natm-alem
414 680 707 732 etposz'tivam;
726 680 945 733 posterior,
963 693 1071 733 quae
1088 680 1268 732 positiva
1289 694 1454 733 semper
1475 690 1551 730 est,
1576 683 1727 722 dividi-

145 749 209 782 tur
229 743 271 782 in
294 744 626 784 ecclesiasticam
647 751 686 784 et
706 745 883 784 civilem.
908 746 997 784 Lex
1017 753 1190 784 aeterna
1212 744 1316 784 nihil
1336 745 1449 785 aliud
1469 752 1544 794 est,
1569 746 1648 786 nisi
1673 747 1726 786 di-

147 816 314 850 ctamen
332 810 497 849 divinae
513 810 744 862 sapientiae
762 816 802 850 et
817 810 1042 850 voluntatis
1059 810 1285 850 statuentis
1301 824 1365 860 ea,
1377 825 1482 864 quae
1503 820 1725 852 creaturae

148 873 288 914 facere
308 880 380 913 aut
400 887 551 914 cavere
573 875 722 914 debent
751 882 794 914 ut
810 875 1022 927 proprium
1043 875 1170 914 finem
1202 880 1492 927 assequantur.
1515 875 1720 915 Definitur

149 947 290 980 autem
314 953 340 979 a
363 941 402 980 S.
422 941 673 992 Augustino:
695 941 826 980 Ratio
848 942 911 981 vel
930 942 1127 980 voluntas
1148 941 1245 989 Dei,
1266 941 1461 980 ordinem
1479 943 1726 982 naturalem

149 1007 400 1046 conservari
430 1006 588 1055 tabens,
611 1007 867 1060 perturbari
898 1010 1041 1047 vetans
1074 1008 1148 1058 (1).
1179 1008 1313 1046 Porro
1343 1007 1434 1047 eius
1464 1008 1725 1060 participatio

148 1071 190 1110 in
219 1072 413 1112 rationali
435 1078 642 1122 creatura,
671 1086 746 1113 seu
766 1073 859 1126 ipsa
878 1074 947 1112 lex
967 1079 1141 1113 aeterna
1161 1079 1368 1125 quatenus
1401 1073 1595 1113 rationali
1618 1087 1731 1114 crea-

150 1143 271 1175 turae
301 1149 373 1187 pro
410 1136 498 1176 suis
533 1136 769 1177 actionibus
809 1137 1037 1189 dirigendis
1073 1137 1254 1178 naturali
1293 1137 1448 1177 lumine
1476 1137 1733 1186 innotescit;

153 1202 289 1253 legem
319 1202 551 1242 naturalem
582 1202 809 1245 constituit.
833 1204 949 1250 Quae
979 1203 1151 1256 proinde
1172 1202 1275 1242 nihil
1305 1210 1369 1245 est
1395 1203 1508 1242 aliud
1538 1203 1618 1243 nisi
1639 1203 1732 1255 ipsa

154 1267 261 1307 ratio
291 1267 487 1316 hominis,
518 1276 639 1320 prout
668 1269 913 1310 discernens
943 1269 1133 1309 actiones
1163 1269 1464 1310 convenientes
1504 1275 1575 1309 aut
1604 1282 1733 1322 repu-

155 1337 333 1383 gnantes
353 1332 534 1372 naturali
555 1332 702 1381 ordini,
724 1333 1044 1386 prohibitionem
1067 1335 1131 1373 vel
1156 1333 1377 1385 imperium
1405 1333 1590 1373 divinum
1613 1333 1734 1373 nobis

156 1395 289 1443 offert,
319 1402 363 1434 ut
392 1409 417 1434 a
447 1397 557 1436 malo
586 1410 815 1437 avocemur
845 1404 967 1450 atque
998 1397 1051 1437 ad
1082 1397 1238 1437 bonum
1269 1399 1501 1437 flectamur.

212 1461 300 1500 Lex
331 1472 429 1500 vero
459 1461 640 1513 positiva
668 1460 901 1514 generatim
931 1462 1121 1514 inspecta
1152 1474 1202 1501 ea
1234 1466 1309 1510 est,
1339 1474 1445 1514 quae
1472 1473 1555 1500 non
1586 1473 1660 1512 per
1680 1460 1738 1500 lu-

160 1539 258 1566 men
287 1528 488 1577 naturale,
520 1528 594 1567 sed
623 1529 742 1568 aliter
772 1529 893 1581 signo
924 1528 1063 1580 aliquo
1094 1534 1270 1567 externo
1301 1528 1600 1580 promulgatur,
1635 1540 1740 1567 voce

161 1593 358 1632 nimirum
388 1601 460 1635 aut
480 1595 635 1647 scripto
652 1610 660 1645 3
691 1596 788 1636 licet
808 1595 1057 1648 quandoque
1077 1594 1281 1633 naturalis
1311 1607 1406 1634 esse
1426 1594 1558 1646 possit
1579 1594 1743 1634 ratione

163 1660 377 1709 materiae,
408 1667 614 1714 quatenus
643 1663 797 1715 aliquid
826 1663 967 1702 iubeat
996 1667 1068 1701 aut
1098 1666 1219 1709 vetet,
1252 1660 1362 1712 quod
1396 1660 1478 1699 iarn
1515 1673 1589 1712 per
1618 1670 1746 1700 natu-—

163 1725 295 1763 ralem
316 1725 451 1777 legem
473 1726 632 1766 iussum
655 1733 718 1766 est
747 1732 818 1766 aut
837 1725 1101 1779 prohibitum.
1134 1724 1253 1770 Quod
1287 1723 1324 1763 si
1345 1736 1458 1763 mere
1478 1723 1659 1775 positiva
1682 1723 1747 1771 sit;

169 1792 218 1831 de
247 1791 298 1831 iis
327 1792 481 1839 statuit,
512 1805 619 1845 quae
650 1793 689 1831 vi
720 1800 898 1832 naturae
928 1791 1099 1831 definita
1127 1803 1212 1829 non
1242 1796 1350 1838 sunt,
1372 1789 1446 1829 sed
1477 1803 1502 1829 a
1531 1789 1749 1828 voluntate

163 1855 390 1907 superioris
411 1856 750 1896 determinantur.
772 1858 908 1909 Atque
925 1857 1030 1895 haec
1053 1856 1087 1894 si
1109 1868 1134 1894 a
1156 1855 1247 1894 Deo
1269 1854 1411 1902 fertur,
1433 1859 1476 1893 ut
1496 1854 1565 1892 lex
1586 1851 1748 1892 veteris

167 1919 346 1960 foederis
376 1930 447 1959 aut
477 1921 737 1973 evangelica,
760 1923 994 1973 appellatur
1015 1919 1171 1967 divina;
1206 1918 1270 1958 sin
1299 1918 1352 1958 ab
1381 1918 1563 1965 homine,
1594 1917 1742 1956 dicitur

165 1986 362 2026 humana.
393 1988 511 2034 Quae
539 1987 706 2040 quidem
735 1989 923 2027 humana
954 1989 1021 2027 lex
1050 1992 1229 2026 vocatur
1268 1984 1571 2032 ecclesiastica,
1603 1984 1638 2023 si
1668 1984 1746 2022 Ec-

169 2053 323 2093 clesiae
353 2053 600 2093 auctoritate
629 2053 847 2103 sciscitur;
879 2060 1056 2094 vocatur
1087 2052 1223 2091 civilis
1243 2084 1252 2101 ‚
1284 2051 1319 2091 si
1350 2050 1477 2090 fertur
1506 2064 1531 2089 a
1561 2061 1743 2102 persona

171 2117 336 2156 civilem
367 2116 695 2157 iurisdictionem
725 2117 919 2157 habente.

226 2185 416 2222 Iamvero
447 2183 597 2223 ceteris
622 2184 802 2231 omissis,
835 2184 883 2223 de
912 2183 1092 2223 naturali
1114 2187 1272 2221 tantum
1304 2181 1398 2232 lege
1429 2179 1497 2219 hic
1528 2178 1749 2231 loquimur,

173 2258 212 2288 et
233 2254 536 2299 consequenter
557 2248 605 2287 de
626 2254 809 2296 aeterna,
832 2237 937 2299 quae
967 2246 1077 2286 illius
1100 2246 1315 2297 exemplar
1346 2250 1409 2284 est
1429 2250 1470 2284 et
1491 2242 1756 2295 principium.

175 2317 239 2355 Ac
256 2314 432 2366 primum
454 2326 507 2352 an
525 2314 593 2353 lex
612 2313 744 2353 istaec
761 2313 961 2352 naturalis
979 2325 1076 2352 vere
1094 2312 1139 2351 in
1162 2311 1330 2351 homine
1352 2309 1596 2363 reperiatur,
1616 2321 1755 2360 quem—

175 2378 398 2418 admodum
429 2378 470 2417 in
496 2377 611 2418 titulo
639 2377 897 2430 propositum
929 2382 1003 2424 est,
1033 2374 1397 2427 investigabimus.

731 2509 1197 2550 PROPOSITIONES.

229 2646 292 2686 91.
324 2645 579 2684 Pssoposmo
611 2644 667 2682 1³.
698 2643 852 2682 Exstat
883 2641 926 2680 in
957 2640 1125 2679 homine
1158 2640 1222 2678 lex
1253 2636 1483 2677 naturalis.

232 2711 355 2752 Prob.
377 2711 507 2762 primo
529 2724 581 2750 ex
599 2709 834 2750 testimonio
857 2706 1151 2747 conscientiae
1172 2706 1279 2744 Nam
1300 2702 1474 2755 quisque
1494 2700 1534 2739 in
1552 2713 1597 2739 se
1616 2699 1753 2738 vivide

177 2779 400 2832 experitur,
411 2790 461 2817 ex
476 2777 620 2816 innata
630 2776 667 2814 vi
685 2775 836 2814 mentis
852 2774 1119 2813 efflorescere
1141 2770 1327 2823 practica
1339 2767 1547 2821 quaedam
1564 2765 1757 2805 dictami-

177 2858 244 2893 na,
258 2843 407 2896 quibus
423 2853 505 2882 non
523 2841 645 2880 modo
663 2839 867 2878 indicetur
882 2836 979 2889 quid
995 2842 1169 2874 naturae
1186 2840 1355 2872 nostrae
1372 2844 1424 2871 ac
1440 2829 1512 2869 fini
1529 2827 1756 2869 conveniat

225 3002 276 3045 (1)
303 3000 443 3034 Contra
469 2999 662 3034 Faustam,
684 2994 738 3027 lib.
765 2992 875 3031 XXII,
897 3002 923 3024 c.
950 2991 996 3023 27.
