<?xml version="1.0" encoding="UTF-8"?>
<!DOCTYPE html PUBLIC "-//W3C//DTD XHTML 1.0 Transitional//EN"
    "http://www.w3.org/TR/xhtml1/DTD/xhtml1-transitional.dtd">
<html xmlns="http://www.w3.org/1999/xhtml" xml:lang="en" lang="en">
 <head>
  <title>
</title>
<meta http-equiv="Content-Type" content="text/html;charset=utf-8" />
  <meta name='ocr-system' content='tesseract 3.04.00' />
  <meta name='ocr-capabilities' content='ocr_page ocr_carea ocr_par ocr_line ocrx_word'/>
</head>
<body>
  <div class='ocr_page' id='page_1' title='image "./institutioneseth00libe_0149.png"; bbox 0 0 1970 3203; ppageno 0'>
   <div class='ocr_carea' id='block_1_1' title="bbox 443 185 1726 223">
    <p class='ocr_par' dir='ltr' id='par_1_1' title="bbox 443 185 1726 223">
     <span class='ocr_line' id='line_1_1' title="bbox 443 185 1726 223; baseline 0 -1"><span class='ocrx_word' id='word_1_1' title='bbox 443 196 578 222; x_wconf 80' lang='lat' dir='ltr'><strong>CAPUT</strong></span> <span class='ocrx_word' id='word_1_2' title='bbox 606 195 642 221; x_wconf 86' lang='lat'>11.</span> <span class='ocrx_word' id='word_1_3' title='bbox 673 195 724 221; x_wconf 80' lang='lat' dir='ltr'>DE</span> <span class='ocrx_word' id='word_1_4' title='bbox 752 195 920 223; x_wconf 76' lang='lat' dir='ltr'>OFFxcns</span> <span class='ocrx_word' id='word_1_5' title='bbox 951 196 1121 223; x_wconf 74' lang='lat' dir='ltr'>HOMINIS</span> <span class='ocrx_word' id='word_1_6' title='bbox 1150 195 1262 222; x_wconf 82' lang='lat' dir='ltr'>ERGA</span> <span class='ocrx_word' id='word_1_7' title='bbox 1291 195 1408 222; x_wconf 85' lang='lat' dir='ltr'><strong>DEUM</strong></span> <span class='ocrx_word' id='word_1_8' title='bbox 1649 185 1726 223; x_wconf 81' lang='lat'>145</span> 
     </span>
    </p>
   </div>
   <div class='ocr_carea' id='block_1_2' title="bbox 675 334 1224 388">
    <p class='ocr_par' dir='ltr' id='par_1_2' title="bbox 675 334 1224 388">
     <span class='ocr_line' id='line_1_2' title="bbox 675 334 1224 388; baseline 0.004 -15"><span class='ocrx_word' id='word_1_9' title='bbox 675 334 913 374; x_wconf 70' lang='lat' dir='ltr'><em>Solvuntur</em></span> <span class='ocrx_word' id='word_1_10' title='bbox 942 335 1224 388; x_wconf 73' lang='lat' dir='ltr'>dffcultates.</span> 
     </span>
    </p>
   </div>
   <div class='ocr_carea' id='block_1_3' title="bbox 137 461 1724 2722">
    <p class='ocr_par' dir='ltr' id='par_1_3' title="bbox 152 461 1724 697">
     <span class='ocr_line' id='line_1_3' title="bbox 206 461 1716 516; baseline 0.002 -15"><span class='ocrx_word' id='word_1_11' title='bbox 206 464 268 501; x_wconf 85' lang='lat'>44.</span> <span class='ocrx_word' id='word_1_12' title='bbox 303 461 432 502; x_wconf 80' lang='lat' dir='ltr'>Obz&#39;ic.</span> <span class='ocrx_word' id='word_1_13' title='bbox 464 463 494 501; x_wconf 93' lang='grc' dir='ltr'>Ι.</span> <span class='ocrx_word' id='word_1_14' title='bbox 524 462 715 515; x_wconf 87' lang='lat' dir='ltr'>Cognitio</span> <span class='ocrx_word' id='word_1_15' title='bbox 745 463 946 502; x_wconf 88' lang='lat' dir='ltr'>naturalis</span> <span class='ocrx_word' id='word_1_16' title='bbox 977 464 1079 503; x_wconf 87' lang='lat' dir='ltr'>solet</span> <span class='ocrx_word' id='word_1_17' title='bbox 1109 464 1231 502; x_wconf 89' lang='lat' dir='ltr'>etiam</span> <span class='ocrx_word' id='word_1_18' title='bbox 1252 464 1451 504; x_wconf 75' lang='lat' dir='ltr'>revelatio</span> <span class='ocrx_word' id='word_1_19' title='bbox 1472 465 1716 516; x_wconf 87' lang='lat' dir='ltr'>nuncupari.</span> 
     </span>
     <span class='ocr_line' id='line_1_4' title="bbox 153 528 1722 581; baseline 0.001 -13"><span class='ocrx_word' id='word_1_20' title='bbox 153 530 265 581; x_wconf 86' lang='lat' dir='ltr'>Ergo</span> <span class='ocrx_word' id='word_1_21' title='bbox 295 528 443 568; x_wconf 89' lang='lat' dir='ltr'>falsum</span> <span class='ocrx_word' id='word_1_22' title='bbox 475 535 561 578; x_wconf 88' lang='lat' dir='ltr'>est,</span> <span class='ocrx_word' id='word_1_23' title='bbox 593 542 684 569; x_wconf 91' lang='lat' dir='ltr'>eam</span> <span class='ocrx_word' id='word_1_24' title='bbox 715 529 1094 569; x_wconf 83' lang='lat' dir='ltr'>denominationem</span> <span class='ocrx_word' id='word_1_25' title='bbox 1124 529 1225 568; x_wconf 89' lang='lat' dir='ltr'>solis</span> <span class='ocrx_word' id='word_1_26' title='bbox 1255 530 1501 570; x_wconf 88' lang='lat' dir='ltr'>veritatibus</span> <span class='ocrx_word' id='word_1_27' title='bbox 1530 531 1722 581; x_wconf 88' lang='lat' dir='ltr'>attribui,</span> 
     </span>
     <span class='ocr_line' id='line_1_5' title="bbox 152 593 1724 648; baseline 0.003 -15"><span class='ocrx_word' id='word_1_28' title='bbox 152 593 259 647; x_wconf 87' lang='lat' dir='ltr'>quae</span> <span class='ocrx_word' id='word_1_29' title='bbox 290 601 489 647; x_wconf 90' lang='lat' dir='ltr'>superant</span> <span class='ocrx_word' id='word_1_30' title='bbox 518 595 707 635; x_wconf 86' lang='lat' dir='ltr'>naturale</span> <span class='ocrx_word' id='word_1_31' title='bbox 736 596 886 643; x_wconf 92' lang='lat' dir='ltr'>lumen,</span> <span class='ocrx_word' id='word_1_32' title='bbox 918 600 989 634; x_wconf 91' lang='lat' dir='ltr'>aut</span> <span class='ocrx_word' id='word_1_33' title='bbox 1016 608 1090 646; x_wconf 90' lang='lat' dir='ltr'>per</span> <span class='ocrx_word' id='word_1_34' title='bbox 1117 595 1253 634; x_wconf 90' lang='lat' dir='ltr'>media</span> <span class='ocrx_word' id='word_1_35' title='bbox 1281 597 1614 648; x_wconf 76' lang='lat' dir='ltr'>supernaturalia</span> <span class='ocrx_word' id='word_1_36' title='bbox 1637 611 1724 637; x_wconf 89' lang='lat' dir='ltr'>ma-</span> 
     </span>
     <span class='ocr_line' id='line_1_6' title="bbox 153 656 415 697; baseline 0 -1"><span class='ocrx_word' id='word_1_37' title='bbox 153 656 415 697; x_wconf 83' lang='lat' dir='ltr'>nifestantur.</span> 
     </span>
    </p>

    <p class='ocr_par' dir='ltr' id='par_1_4' title="bbox 153 723 1720 840">
     <span class='ocr_line' id='line_1_7' title="bbox 206 723 1720 779; baseline 0.003 -17"><span class='ocrx_word' id='word_1_38' title='bbox 206 723 255 762; x_wconf 82' lang='lat' dir='ltr'>R.</span> <span class='ocrx_word' id='word_1_39' title='bbox 285 723 519 777; x_wconf 71' lang='lat' dir='ltr'>Dz&#39;slinyno</span> <span class='ocrx_word' id='word_1_40' title='bbox 550 724 820 764; x_wconf 75' lang='lat' dir='ltr'>antecedens:</span> <span class='ocrx_word' id='word_1_41' title='bbox 854 724 966 764; x_wconf 85' lang='lat' dir='ltr'>Solet</span> <span class='ocrx_word' id='word_1_42' title='bbox 994 724 1193 764; x_wconf 78' lang='lat' dir='ltr'>revelatio</span> <span class='ocrx_word' id='word_1_43' title='bbox 1224 726 1452 776; x_wconf 90' lang='lat' dir='ltr'>nuncupari</span> <span class='ocrx_word' id='word_1_44' title='bbox 1481 726 1720 779; x_wconf 80' lang='lat' dir='ltr'>improprie,</span> 
     </span>
     <span class='ocr_line' id='line_1_8' title="bbox 153 788 691 840; baseline 0.004 -15"><span class='ocrx_word' id='word_1_45' title='bbox 153 788 345 836; x_wconf 82' lang='lat' dir='ltr'>concedo,</span> <span class='ocrx_word' id='word_1_46' title='bbox 377 788 541 840; x_wconf 84' lang='lat' dir='ltr'>proprie</span> <span class='ocrx_word' id='word_1_47' title='bbox 571 802 691 840; x_wconf 68' lang='lat' dir='ltr'>neyo.</span> 
     </span>
    </p>

    <p class='ocr_par' dir='ltr' id='par_1_5' title="bbox 146 853 1719 1428">
     <span class='ocr_line' id='line_1_9' title="bbox 206 853 1719 906; baseline 0.001 -12"><span class='ocrx_word' id='word_1_48' title='bbox 206 855 308 894; x_wconf 86' lang='lat' dir='ltr'>Cum</span> <span class='ocrx_word' id='word_1_49' title='bbox 321 854 459 893; x_wconf 90' lang='lat' dir='ltr'>lumen</span> <span class='ocrx_word' id='word_1_50' title='bbox 474 853 771 906; x_wconf 79' lang='lat' dir='ltr'>intelligentiae</span> <span class='ocrx_word' id='word_1_51' title='bbox 788 859 955 893; x_wconf 90' lang='lat' dir='ltr'>nostrae</span> <span class='ocrx_word' id='word_1_52' title='bbox 975 853 1027 892; x_wconf 86' lang='lat' dir='ltr'>sit</span> <span class='ocrx_word' id='word_1_53' title='bbox 1047 853 1309 906; x_wconf 88' lang='lat' dir='ltr'>participatio</span> <span class='ocrx_word' id='word_1_54' title='bbox 1329 853 1534 905; x_wconf 80' lang='lat' dir='ltr'>quaedam</span> <span class='ocrx_word' id='word_1_55' title='bbox 1550 855 1719 896; x_wconf 88' lang='lat' dir='ltr'>luminis</span> 
     </span>
     <span class='ocr_line' id='line_1_10' title="bbox 151 919 1716 971; baseline -0.001 -12"><span class='ocrx_word' id='word_1_56' title='bbox 151 919 289 966; x_wconf 86' lang='lat' dir='ltr'>divini,</span> <span class='ocrx_word' id='word_1_57' title='bbox 306 924 345 959; x_wconf 87' lang='lat' dir='ltr'>et</span> <span class='ocrx_word' id='word_1_58' title='bbox 362 920 486 967; x_wconf 76' lang='lat' dir='ltr'>Deus,</span> <span class='ocrx_word' id='word_1_59' title='bbox 503 933 578 959; x_wconf 90' lang='lat' dir='ltr'>ceu</span> <span class='ocrx_word' id='word_1_60' title='bbox 596 919 834 971; x_wconf 89' lang='lat' dir='ltr'>principalis</span> <span class='ocrx_word' id='word_1_61' title='bbox 864 932 1008 966; x_wconf 81' lang='lat' dir='ltr'>causa,</span> <span class='ocrx_word' id='word_1_62' title='bbox 1027 919 1067 958; x_wconf 88' lang='lat' dir='ltr'>in</span> <span class='ocrx_word' id='word_1_63' title='bbox 1089 919 1178 959; x_wconf 89' lang='lat' dir='ltr'>eius</span> <span class='ocrx_word' id='word_1_64' title='bbox 1199 919 1474 971; x_wconf 78' lang='lat' dir='ltr'>explicatione</span> <span class='ocrx_word' id='word_1_65' title='bbox 1495 926 1689 971; x_wconf 83' lang='lat' dir='ltr'>operetur</span> <span class='ocrx_word' id='word_1_66' title='bbox 1707 935 1716 968; x_wconf 84' lang='lat'>;</span> 
     </span>
     <span class='ocr_line' id='line_1_11' title="bbox 149 984 1718 1038; baseline 0 -13"><span class='ocrx_word' id='word_1_67' title='bbox 149 985 247 1025; x_wconf 88' lang='lat' dir='ltr'>hinc</span> <span class='ocrx_word' id='word_1_68' title='bbox 276 985 422 1024; x_wconf 85' lang='lat' dir='ltr'>notitia</span> <span class='ocrx_word' id='word_1_69' title='bbox 443 985 566 1024; x_wconf 86' lang='lat' dir='ltr'>etiam</span> <span class='ocrx_word' id='word_1_70' title='bbox 594 999 744 1033; x_wconf 88' lang='lat' dir='ltr'>rerum,</span> <span class='ocrx_word' id='word_1_71' title='bbox 762 998 886 1037; x_wconf 90' lang='lat' dir='ltr'>quam</span> <span class='ocrx_word' id='word_1_72' title='bbox 916 984 1161 1024; x_wconf 83' lang='lat' dir='ltr'>naturaliter</span> <span class='ocrx_word' id='word_1_73' title='bbox 1180 984 1445 1037; x_wconf 75' lang='lat' dir='ltr'>acquirimus,</span> <span class='ocrx_word' id='word_1_74' title='bbox 1468 985 1574 1026; x_wconf 89' lang='lat' dir='ltr'>solet</span> <span class='ocrx_word' id='word_1_75' title='bbox 1590 999 1718 1038; x_wconf 88' lang='lat' dir='ltr'>quan-</span> 
     </span>
     <span class='ocr_line' id='line_1_12' title="bbox 150 1050 1712 1104; baseline 0 -13"><span class='ocrx_word' id='word_1_76' title='bbox 150 1052 282 1104; x_wconf 88' lang='lat' dir='ltr'>doque</span> <span class='ocrx_word' id='word_1_77' title='bbox 312 1050 510 1103; x_wconf 87' lang='lat' dir='ltr'>appellari</span> <span class='ocrx_word' id='word_1_78' title='bbox 539 1051 750 1090; x_wconf 86' lang='lat' dir='ltr'>revelatio.</span> <span class='ocrx_word' id='word_1_79' title='bbox 781 1051 836 1089; x_wconf 83' lang='lat' dir='ltr'>At</span> <span class='ocrx_word' id='word_1_80' title='bbox 863 1050 904 1088; x_wconf 90' lang='lat' dir='ltr'>id</span> <span class='ocrx_word' id='word_1_81' title='bbox 934 1050 1084 1089; x_wconf 88' lang='lat' dir='ltr'>dicitur</span> <span class='ocrx_word' id='word_1_82' title='bbox 1108 1051 1244 1089; x_wconf 90' lang='lat' dir='ltr'>minus</span> <span class='ocrx_word' id='word_1_83' title='bbox 1264 1051 1438 1103; x_wconf 83' lang='lat' dir='ltr'>proprie,</span> <span class='ocrx_word' id='word_1_84' title='bbox 1465 1058 1508 1090; x_wconf 89' lang='lat' dir='ltr'>ut</span> <span class='ocrx_word' id='word_1_85' title='bbox 1537 1052 1712 1091; x_wconf 89' lang='lat' dir='ltr'>demon-</span> 
     </span>
     <span class='ocr_line' id='line_1_13' title="bbox 149 1114 1718 1170; baseline 0.001 -15"><span class='ocrx_word' id='word_1_86' title='bbox 149 1115 372 1156; x_wconf 88' lang='lat' dir='ltr'>stravimus</span> <span class='ocrx_word' id='word_1_87' title='bbox 393 1115 433 1154; x_wconf 91' lang='lat' dir='ltr'>in</span> <span class='ocrx_word' id='word_1_88' title='bbox 464 1115 583 1164; x_wconf 78' lang='lat' dir='ltr'>thesi3</span> <span class='ocrx_word' id='word_1_89' title='bbox 606 1129 656 1155; x_wconf 91' lang='lat' dir='ltr'>ac</span> <span class='ocrx_word' id='word_1_90' title='bbox 686 1115 856 1167; x_wconf 87' lang='lat' dir='ltr'>proinde</span> <span class='ocrx_word' id='word_1_91' title='bbox 886 1115 937 1153; x_wconf 89' lang='lat' dir='ltr'>ad</span> <span class='ocrx_word' id='word_1_92' title='bbox 959 1114 1271 1167; x_wconf 81' lang='lat' dir='ltr'>ambiguitatem</span> <span class='ocrx_word' id='word_1_93' title='bbox 1296 1115 1520 1154; x_wconf 90' lang='lat' dir='ltr'>tollendam</span> <span class='ocrx_word' id='word_1_94' title='bbox 1547 1117 1718 1170; x_wconf 88' lang='lat' dir='ltr'>adiungi</span> 
     </span>
     <span class='ocr_line' id='line_1_14' title="bbox 146 1180 1716 1234; baseline 0 -12"><span class='ocrx_word' id='word_1_95' title='bbox 146 1182 252 1222; x_wconf 86' lang='lat' dir='ltr'>solet</span> <span class='ocrx_word' id='word_1_96' title='bbox 267 1181 501 1234; x_wconf 88' lang='lat' dir='ltr'>appositum</span> <span class='ocrx_word' id='word_1_97' title='bbox 524 1181 754 1229; x_wconf 75' lang='lat' dir='ltr'>naturalis,</span> <span class='ocrx_word' id='word_1_98' title='bbox 768 1190 813 1221; x_wconf 91' lang='lat' dir='ltr'>ut</span> <span class='ocrx_word' id='word_1_99' title='bbox 833 1180 892 1220; x_wconf 90' lang='lat' dir='ltr'>sic</span> <span class='ocrx_word' id='word_1_100' title='bbox 913 1194 938 1220; x_wconf 90' lang='lat' dir='ltr'>a</span> <span class='ocrx_word' id='word_1_101' title='bbox 957 1181 1125 1233; x_wconf 86' lang='lat' dir='ltr'>propria</span> <span class='ocrx_word' id='word_1_102' title='bbox 1144 1181 1399 1222; x_wconf 88' lang='lat' dir='ltr'>revelatione</span> <span class='ocrx_word' id='word_1_103' title='bbox 1421 1181 1716 1234; x_wconf 80' lang='lat' dir='ltr'>distinguatur,</span> 
     </span>
     <span class='ocr_line' id='line_1_15' title="bbox 147 1244 1715 1298; baseline 0.001 -14"><span class='ocrx_word' id='word_1_104' title='bbox 147 1259 252 1298; x_wconf 87' lang='lat' dir='ltr'>quae</span> <span class='ocrx_word' id='word_1_105' title='bbox 281 1259 456 1297; x_wconf 81' lang='lat' dir='ltr'>semper,</span> <span class='ocrx_word' id='word_1_106' title='bbox 486 1245 646 1284; x_wconf 88' lang='lat' dir='ltr'>ratione</span> <span class='ocrx_word' id='word_1_107' title='bbox 676 1245 822 1284; x_wconf 87' lang='lat' dir='ltr'>saltem</span> <span class='ocrx_word' id='word_1_108' title='bbox 845 1244 984 1291; x_wconf 73' lang='lat' dir='ltr'>medii,</span> <span class='ocrx_word' id='word_1_109' title='bbox 1002 1245 1329 1297; x_wconf 87' lang='lat' dir='ltr'>supernaturalis</span> <span class='ocrx_word' id='word_1_110' title='bbox 1354 1250 1427 1285; x_wconf 89' lang='lat' dir='ltr'>est.</span> <span class='ocrx_word' id='word_1_111' title='bbox 1449 1245 1552 1284; x_wconf 88' lang='lat' dir='ltr'>Cum</span> <span class='ocrx_word' id='word_1_112' title='bbox 1575 1252 1715 1286; x_wconf 83' lang='lat' dir='ltr'>autem</span> 
     </span>
     <span class='ocr_line' id='line_1_16' title="bbox 148 1308 1713 1363; baseline 0.001 -14"><span class='ocrx_word' id='word_1_113' title='bbox 148 1323 198 1349; x_wconf 89' lang='lat' dir='ltr'>ea</span> <span class='ocrx_word' id='word_1_114' title='bbox 227 1308 505 1349; x_wconf 83' lang='lat' dir='ltr'>denominatio</span> <span class='ocrx_word' id='word_1_115' title='bbox 536 1322 678 1361; x_wconf 77' lang='lat' dir='ltr'>presse</span> <span class='ocrx_word' id='word_1_116' title='bbox 707 1308 880 1347; x_wconf 83' lang='lat' dir='ltr'>sumitur</span> <span class='ocrx_word' id='word_1_117' title='bbox 900 1341 909 1356; x_wconf 86' lang='lat'>,</span> <span class='ocrx_word' id='word_1_118' title='bbox 940 1308 1105 1347; x_wconf 90' lang='lat' dir='ltr'>nonnisi</span> <span class='ocrx_word' id='word_1_119' title='bbox 1134 1308 1186 1348; x_wconf 87' lang='lat' dir='ltr'>iis</span> <span class='ocrx_word' id='word_1_120' title='bbox 1216 1310 1460 1351; x_wconf 87' lang='lat' dir='ltr'>veritatibus</span> <span class='ocrx_word' id='word_1_121' title='bbox 1489 1310 1713 1363; x_wconf 87' lang='lat' dir='ltr'>competit,</span> 
     </span>
     <span class='ocr_line' id='line_1_17' title="bbox 148 1374 1280 1428; baseline -0.001 -13"><span class='ocrx_word' id='word_1_122' title='bbox 148 1389 254 1428; x_wconf 90' lang='lat' dir='ltr'>quae</span> <span class='ocrx_word' id='word_1_123' title='bbox 282 1388 356 1427; x_wconf 91' lang='lat' dir='ltr'>per</span> <span class='ocrx_word' id='word_1_124' title='bbox 386 1374 567 1414; x_wconf 88' lang='lat' dir='ltr'>divinam</span> <span class='ocrx_word' id='word_1_125' title='bbox 596 1374 973 1414; x_wconf 82' lang='lat' dir='ltr'>manifestationem</span> <span class='ocrx_word' id='word_1_126' title='bbox 1003 1375 1280 1415; x_wconf 85' lang='lat' dir='ltr'>innotescunt.</span> 
     </span>
    </p>

    <p class='ocr_par' dir='ltr' id='par_1_6' title="bbox 149 1437 1717 1556">
     <span class='ocr_line' id='line_1_18' title="bbox 196 1437 1717 1492; baseline 0.001 -14"><span class='ocrx_word' id='word_1_127' title='bbox 196 1439 402 1478; x_wconf 54' lang='lat' dir='ltr'>&#39;Instabia</span> <span class='ocrx_word' id='word_1_128' title='bbox 431 1438 545 1477; x_wconf 89' lang='lat' dir='ltr'>Deus</span> <span class='ocrx_word' id='word_1_129' title='bbox 569 1437 787 1477; x_wconf 89' lang='lat' dir='ltr'>invisibilis</span> <span class='ocrx_word' id='word_1_130' title='bbox 808 1442 882 1476; x_wconf 86' lang='lat' dir='ltr'>est.</span> <span class='ocrx_word' id='word_1_131' title='bbox 906 1437 1017 1489; x_wconf 90' lang='lat' dir='ltr'>Ergo</span> <span class='ocrx_word' id='word_1_132' title='bbox 1038 1438 1349 1479; x_wconf 89' lang='lat' dir='ltr'>communicare</span> <span class='ocrx_word' id='word_1_133' title='bbox 1370 1440 1510 1492; x_wconf 89' lang='lat' dir='ltr'>nequit</span> <span class='ocrx_word' id='word_1_134' title='bbox 1531 1454 1626 1480; x_wconf 87' lang='lat' dir='ltr'>curn</span> <span class='ocrx_word' id='word_1_135' title='bbox 1648 1441 1717 1480; x_wconf 90' lang='lat' dir='ltr'>ho-</span> 
     </span>
     <span class='ocr_line' id='line_1_19' title="bbox 149 1502 1059 1556; baseline -0.002 -12"><span class='ocrx_word' id='word_1_136' title='bbox 149 1504 260 1544; x_wconf 87' lang='lat' dir='ltr'>mine</span> <span class='ocrx_word' id='word_1_137' title='bbox 289 1503 425 1556; x_wconf 89' lang='lat' dir='ltr'>quoad</span> <span class='ocrx_word' id='word_1_138' title='bbox 454 1502 834 1542; x_wconf 85' lang='lat' dir='ltr'>manifestationem</span> <span class='ocrx_word' id='word_1_139' title='bbox 863 1502 1059 1542; x_wconf 84' lang='lat' dir='ltr'>veritatis.</span> 
     </span>
    </p>

    <p class='ocr_par' dir='ltr' id='par_1_7' title="bbox 200 1568 1291 1621">
     <span class='ocr_line' id='line_1_20' title="bbox 200 1568 1291 1621; baseline -0.002 -12"><span class='ocrx_word' id='word_1_140' title='bbox 200 1570 249 1609; x_wconf 88' lang='lat' dir='ltr'>R.</span> <span class='ocrx_word' id='word_1_141' title='bbox 289 1570 505 1608; x_wconf 71' lang='lat' dir='ltr'>Transeat</span> <span class='ocrx_word' id='word_1_142' title='bbox 531 1568 788 1615; x_wconf 70' lang='lat' dir='ltr'>antecedens,</span> <span class='ocrx_word' id='word_1_143' title='bbox 820 1572 859 1607; x_wconf 90' lang='lat' dir='ltr'>et</span> <span class='ocrx_word' id='word_1_144' title='bbox 888 1581 992 1620; x_wconf 64' lang='lat' dir='ltr'>nego</span> <span class='ocrx_word' id='word_1_145' title='bbox 1023 1581 1291 1621; x_wconf 73' lang='lat' dir='ltr'>consequens.</span> 
     </span>
    </p>

    <p class='ocr_par' dir='ltr' id='par_1_8' title="bbox 137 1631 1718 2722">
     <span class='ocr_line' id='line_1_21' title="bbox 199 1631 1712 1686; baseline 0.001 -14"><span class='ocrx_word' id='word_1_146' title='bbox 199 1632 352 1672; x_wconf 83' lang='lat' dir='ltr'>Omitto</span> <span class='ocrx_word' id='word_1_147' title='bbox 382 1633 490 1684; x_wconf 91' lang='lat' dir='ltr'>quod</span> <span class='ocrx_word' id='word_1_148' title='bbox 521 1633 647 1678; x_wconf 90' lang='lat' dir='ltr'>Deus,</span> <span class='ocrx_word' id='word_1_149' title='bbox 676 1631 753 1670; x_wconf 88' lang='lat' dir='ltr'>etsi</span> <span class='ocrx_word' id='word_1_150' title='bbox 773 1631 814 1669; x_wconf 91' lang='lat' dir='ltr'>in</span> <span class='ocrx_word' id='word_1_151' title='bbox 835 1644 881 1671; x_wconf 92' lang='lat' dir='ltr'>se</span> <span class='ocrx_word' id='word_1_152' title='bbox 902 1632 955 1670; x_wconf 86' lang='lat' dir='ltr'>sit</span> <span class='ocrx_word' id='word_1_153' title='bbox 973 1631 1204 1681; x_wconf 86' lang='lat' dir='ltr'>invisibilis,</span> <span class='ocrx_word' id='word_1_154' title='bbox 1227 1637 1365 1673; x_wconf 88' lang='lat' dir='ltr'>tamen</span> <span class='ocrx_word' id='word_1_155' title='bbox 1385 1647 1457 1686; x_wconf 90' lang='lat' dir='ltr'>per</span> <span class='ocrx_word' id='word_1_156' title='bbox 1477 1635 1712 1674; x_wconf 88' lang='lat' dir='ltr'>salvificum</span> 
     </span>
     <span class='ocr_line' id='line_1_22' title="bbox 143 1695 1718 1749; baseline 0.002 -12"><span class='ocrx_word' id='word_1_157' title='bbox 143 1696 445 1737; x_wconf 81' lang='lat' dir='ltr'>incarnationis</span> <span class='ocrx_word' id='word_1_158' title='bbox 473 1696 716 1748; x_wconf 79' lang='lat' dir='ltr'>mysterium</span> <span class='ocrx_word' id='word_1_159' title='bbox 746 1695 923 1736; x_wconf 89' lang='lat' dir='ltr'>visibilis</span> <span class='ocrx_word' id='word_1_160' title='bbox 952 1696 1088 1736; x_wconf 85' lang='lat' dir='ltr'>factus</span> <span class='ocrx_word' id='word_1_161' title='bbox 1118 1705 1182 1736; x_wconf 83' lang='lat' dir='ltr'>est</span> <span class='ocrx_word' id='word_1_162' title='bbox 1209 1697 1272 1749; x_wconf 85' lang='lat' dir='ltr'>(in</span> <span class='ocrx_word' id='word_1_163' title='bbox 1304 1698 1431 1738; x_wconf 71' lang='lat' dir='ltr'>terris</span> <span class='ocrx_word' id='word_1_164' title='bbox 1461 1699 1574 1739; x_wconf 75' lang='lat' dir='ltr'>visus</span> <span class='ocrx_word' id='word_1_165' title='bbox 1596 1704 1718 1740; x_wconf 77' lang='lat' dir='ltr'>estet</span> 
     </span>
     <span class='ocr_line' id='line_1_23' title="bbox 145 1760 1715 1811; baseline 0.001 -10"><span class='ocrx_word' id='word_1_166' title='bbox 145 1775 240 1801; x_wconf 79' lang='lat' dir='ltr'>curn</span> <span class='ocrx_word' id='word_1_167' title='bbox 269 1760 506 1800; x_wconf 76' lang='lat' dir='ltr'>hominibus</span> <span class='ocrx_word' id='word_1_168' title='bbox 537 1763 809 1799; x_wconf 65' lang='lat' dir='ltr'>conversatas</span> <span class='ocrx_word' id='word_1_169' title='bbox 838 1763 899 1799; x_wconf 74' lang='lat' dir='ltr'>est</span> <span class='ocrx_word' id='word_1_170' title='bbox 929 1761 1001 1811; x_wconf 85' lang='lat'>(1),</span> <span class='ocrx_word' id='word_1_171' title='bbox 1032 1774 1114 1800; x_wconf 90' lang='lat' dir='ltr'>non</span> <span class='ocrx_word' id='word_1_172' title='bbox 1144 1760 1472 1802; x_wconf 88' lang='lat' dir='ltr'>identificatione</span> <span class='ocrx_word' id='word_1_173' title='bbox 1489 1763 1715 1804; x_wconf 88' lang='lat' dir='ltr'>divinitatis</span> 
     </span>
     <span class='ocr_line' id='line_1_24' title="bbox 144 1822 1708 1878; baseline 0.001 -13"><span class='ocrx_word' id='word_1_174' title='bbox 144 1838 238 1865; x_wconf 88' lang='lat' dir='ltr'>cum</span> <span class='ocrx_word' id='word_1_175' title='bbox 267 1824 401 1864; x_wconf 84' lang='lat' dir='ltr'>forma</span> <span class='ocrx_word' id='word_1_176' title='bbox 430 1829 603 1863; x_wconf 88' lang='lat' dir='ltr'>naturae</span> <span class='ocrx_word' id='word_1_177' title='bbox 633 1824 854 1871; x_wconf 84' lang='lat' dir='ltr'>humanae,</span> <span class='ocrx_word' id='word_1_178' title='bbox 885 1828 927 1863; x_wconf 92' lang='lat' dir='ltr'>ut</span> <span class='ocrx_word' id='word_1_179' title='bbox 955 1822 1143 1874; x_wconf 89' lang='lat' dir='ltr'>imperite</span> <span class='ocrx_word' id='word_1_180' title='bbox 1174 1824 1303 1864; x_wconf 84' lang='lat' dir='ltr'>effutit</span> <span class='ocrx_word' id='word_1_181' title='bbox 1332 1825 1498 1866; x_wconf 89' lang='lat' dir='ltr'>Ahrens</span> <span class='ocrx_word' id='word_1_182' title='bbox 1530 1828 1602 1878; x_wconf 75' lang='lat'>(2),</span> <span class='ocrx_word' id='word_1_183' title='bbox 1634 1828 1708 1867; x_wconf 91' lang='lat' dir='ltr'>sed</span> 
     </span>
     <span class='ocr_line' id='line_1_25' title="bbox 142 1887 1710 1941; baseline 0.002 -12"><span class='ocrx_word' id='word_1_184' title='bbox 142 1890 352 1931; x_wconf 90' lang='lat' dir='ltr'>iunctione</span> <span class='ocrx_word' id='word_1_185' title='bbox 381 1888 593 1940; x_wconf 87' lang='lat' dir='ltr'>utriusque</span> <span class='ocrx_word' id='word_1_186' title='bbox 622 1895 797 1927; x_wconf 85' lang='lat' dir='ltr'>naturae</span> <span class='ocrx_word' id='word_1_187' title='bbox 825 1888 866 1927; x_wconf 91' lang='lat' dir='ltr'>in</span> <span class='ocrx_word' id='word_1_188' title='bbox 896 1887 1096 1928; x_wconf 87' lang='lat' dir='ltr'>unitatem</span> <span class='ocrx_word' id='word_1_189' title='bbox 1118 1902 1333 1940; x_wconf 84' lang='lat' dir='ltr'>personae;</span> <span class='ocrx_word' id='word_1_190' title='bbox 1358 1891 1433 1930; x_wconf 88' lang='lat' dir='ltr'>sed</span> <span class='ocrx_word' id='word_1_191' title='bbox 1457 1896 1567 1931; x_wconf 88' lang='lat' dir='ltr'>certe</span> <span class='ocrx_word' id='word_1_192' title='bbox 1585 1893 1710 1941; x_wconf 92' lang='lat' dir='ltr'>Deus,</span> 
     </span>
     <span class='ocr_line' id='line_1_26' title="bbox 144 1954 1710 2008; baseline 0.001 -12"><span class='ocrx_word' id='word_1_193' title='bbox 144 1956 387 2008; x_wconf 88' lang='lat' dir='ltr'>congruenti</span> <span class='ocrx_word' id='word_1_194' title='bbox 404 1957 526 1996; x_wconf 87' lang='lat' dir='ltr'>modo</span> <span class='ocrx_word' id='word_1_195' title='bbox 539 1954 1067 2003; x_wconf 86' lang='lat' dir='ltr'>manifestandiveritatem,</span> <span class='ocrx_word' id='word_1_196' title='bbox 1078 1968 1201 2006; x_wconf 89' lang='lat' dir='ltr'>quam</span> <span class='ocrx_word' id='word_1_197' title='bbox 1214 1955 1481 1996; x_wconf 84' lang='lat' dir='ltr'>manifestare</span> <span class='ocrx_word' id='word_1_198' title='bbox 1497 1957 1710 2007; x_wconf 88' lang='lat' dir='ltr'>decernat,</span> 
     </span>
     <span class='ocr_line' id='line_1_27' title="bbox 146 2019 1708 2074; baseline 0.002 -14"><span class='ocrx_word' id='word_1_199' title='bbox 146 2034 288 2061; x_wconf 89' lang='lat' dir='ltr'>carere</span> <span class='ocrx_word' id='word_1_200' title='bbox 316 2021 466 2074; x_wconf 88' lang='lat' dir='ltr'>nequit.</span> <span class='ocrx_word' id='word_1_201' title='bbox 500 2020 580 2069; x_wconf 83' lang='lat' dir='ltr'>Sic,</span> <span class='ocrx_word' id='word_1_202' title='bbox 610 2026 653 2059; x_wconf 89' lang='lat' dir='ltr'>ut</span> <span class='ocrx_word' id='word_1_203' title='bbox 681 2019 859 2071; x_wconf 87' lang='lat' dir='ltr'>aliquem</span> <span class='ocrx_word' id='word_1_204' title='bbox 879 2019 1059 2068; x_wconf 90' lang='lat' dir='ltr'>innuam‚</span> <span class='ocrx_word' id='word_1_205' title='bbox 1081 2020 1231 2072; x_wconf 88' lang='lat' dir='ltr'>optime</span> <span class='ocrx_word' id='word_1_206' title='bbox 1252 2027 1391 2072; x_wconf 86' lang='lat' dir='ltr'>posset</span> <span class='ocrx_word' id='word_1_207' title='bbox 1411 2021 1453 2060; x_wconf 91' lang='lat' dir='ltr'>in</span> <span class='ocrx_word' id='word_1_208' title='bbox 1472 2022 1565 2074; x_wconf 92' lang='lat' dir='ltr'>ipsa</span> <span class='ocrx_word' id='word_1_209' title='bbox 1583 2022 1708 2064; x_wconf 89' lang='lat' dir='ltr'>intel-</span> 
     </span>
     <span class='ocr_line' id='line_1_28' title="bbox 141 2082 1712 2136; baseline 0.003 -14"><span class='ocrx_word' id='word_1_210' title='bbox 141 2084 313 2136; x_wconf 85' lang='lat' dir='ltr'>ligentia</span> <span class='ocrx_word' id='word_1_211' title='bbox 331 2083 512 2123; x_wconf 89' lang='lat' dir='ltr'>hominis</span> <span class='ocrx_word' id='word_1_212' title='bbox 532 2082 767 2122; x_wconf 89' lang='lat' dir='ltr'>immediate</span> <span class='ocrx_word' id='word_1_213' title='bbox 783 2082 945 2134; x_wconf 89' lang='lat' dir='ltr'>operari</span> <span class='ocrx_word' id='word_1_214' title='bbox 966 2088 1005 2122; x_wconf 90' lang='lat' dir='ltr'>et</span> <span class='ocrx_word' id='word_1_215' title='bbox 1024 2082 1152 2131; x_wconf 87' lang='lat' dir='ltr'>ideas,</span> <span class='ocrx_word' id='word_1_216' title='bbox 1174 2097 1278 2135; x_wconf 92' lang='lat' dir='ltr'>quae</span> <span class='ocrx_word' id='word_1_217' title='bbox 1302 2097 1354 2123; x_wconf 81' lang='lat' dir='ltr'>ex</span> <span class='ocrx_word' id='word_1_218' title='bbox 1375 2084 1712 2128; x_wconf 88' lang='lat' dir='ltr'>consideratione</span> 
     </span>
     <span class='ocr_line' id='line_1_29' title="bbox 141 2147 1710 2201; baseline 0.003 -12"><span class='ocrx_word' id='word_1_219' title='bbox 141 2157 316 2190; x_wconf 87' lang='lat' dir='ltr'>naturae</span> <span class='ocrx_word' id='word_1_220' title='bbox 345 2163 429 2190; x_wconf 92' lang='lat' dir='ltr'>non</span> <span class='ocrx_word' id='word_1_221' title='bbox 459 2150 735 2197; x_wconf 84' lang='lat' dir='ltr'>efflorescant,</span> <span class='ocrx_word' id='word_1_222' title='bbox 767 2148 964 2196; x_wconf 83' lang='lat' dir='ltr'>excitare,</span> <span class='ocrx_word' id='word_1_223' title='bbox 993 2147 1208 2201; x_wconf 87' lang='lat' dir='ltr'>ipsamque</span> <span class='ocrx_word' id='word_1_224' title='bbox 1238 2149 1455 2190; x_wconf 83' lang='lat' dir='ltr'>certiorem</span> <span class='ocrx_word' id='word_1_225' title='bbox 1476 2152 1642 2193; x_wconf 88' lang='lat' dir='ltr'>efficere</span> <span class='ocrx_word' id='word_1_226' title='bbox 1664 2167 1710 2194; x_wconf 90' lang='lat' dir='ltr'>se</span> 
     </span>
     <span class='ocr_line' id='line_1_30' title="bbox 140 2213 1711 2266; baseline 0.001 -11"><span class='ocrx_word' id='word_1_227' title='bbox 140 2221 239 2255; x_wconf 84' lang='lat' dir='ltr'>tunc</span> <span class='ocrx_word' id='word_1_228' title='bbox 269 2215 461 2255; x_wconf 87' lang='lat' dir='ltr'>divinitus</span> <span class='ocrx_word' id='word_1_229' title='bbox 490 2214 636 2254; x_wconf 88' lang='lat' dir='ltr'>afflari.</span> <span class='ocrx_word' id='word_1_230' title='bbox 667 2215 817 2253; x_wconf 87' lang='lat' dir='ltr'>Posset</span> <span class='ocrx_word' id='word_1_231' title='bbox 845 2213 970 2254; x_wconf 83' lang='lat' dir='ltr'>etiam</span> <span class='ocrx_word' id='word_1_232' title='bbox 1006 2226 1078 2265; x_wconf 88' lang='lat' dir='ltr'>per</span> <span class='ocrx_word' id='word_1_233' title='bbox 1105 2213 1326 2266; x_wconf 89' lang='lat' dir='ltr'>Angelum,</span> <span class='ocrx_word' id='word_1_234' title='bbox 1357 2215 1542 2255; x_wconf 88' lang='lat' dir='ltr'>sensibili</span> <span class='ocrx_word' id='word_1_235' title='bbox 1574 2216 1711 2258; x_wconf 84' lang='lat' dir='ltr'>forma</span> 
     </span>
     <span class='ocr_line' id='line_1_31' title="bbox 139 2277 1710 2330; baseline 0.002 -12"><span class='ocrx_word' id='word_1_236' title='bbox 139 2279 340 2329; x_wconf 86' lang='lat' dir='ltr'>indutum,</span> <span class='ocrx_word' id='word_1_237' title='bbox 370 2281 562 2320; x_wconf 88' lang='lat' dir='ltr'>homines</span> <span class='ocrx_word' id='word_1_238' title='bbox 586 2278 752 2330; x_wconf 86' lang='lat' dir='ltr'>alloqui,</span> <span class='ocrx_word' id='word_1_239' title='bbox 774 2284 844 2317; x_wconf 90' lang='lat' dir='ltr'>aut</span> <span class='ocrx_word' id='word_1_240' title='bbox 865 2277 1076 2317; x_wconf 88' lang='lat' dir='ltr'>sensibilia</span> <span class='ocrx_word' id='word_1_241' title='bbox 1098 2277 1301 2330; x_wconf 87' lang='lat' dir='ltr'>quaedam</span> <span class='ocrx_word' id='word_1_242' title='bbox 1322 2278 1398 2318; x_wconf 88' lang='lat' dir='ltr'>sibi</span> <span class='ocrx_word' id='word_1_243' title='bbox 1420 2280 1612 2330; x_wconf 85' lang='lat' dir='ltr'>condere,</span> <span class='ocrx_word' id='word_1_244' title='bbox 1636 2288 1710 2321; x_wconf 91' lang='lat' dir='ltr'>aut</span> 
     </span>
     <span class='ocr_line' id='line_1_32' title="bbox 139 2337 1711 2396; baseline 0.002 -14"><span class='ocrx_word' id='word_1_245' title='bbox 139 2344 223 2382; x_wconf 87' lang='lat' dir='ltr'>iam</span> <span class='ocrx_word' id='word_1_246' title='bbox 253 2344 430 2385; x_wconf 86' lang='lat' dir='ltr'>conditis</span> <span class='ocrx_word' id='word_1_247' title='bbox 458 2337 527 2392; x_wconf 80' lang='lat' dir='ltr'>uti,</span> <span class='ocrx_word' id='word_1_248' title='bbox 558 2343 610 2382; x_wconf 88' lang='lat' dir='ltr'>ad</span> <span class='ocrx_word' id='word_1_249' title='bbox 640 2341 794 2394; x_wconf 89' lang='lat' dir='ltr'>aliquid</span> <span class='ocrx_word' id='word_1_250' title='bbox 813 2341 1080 2390; x_wconf 88' lang='lat' dir='ltr'>innuendum,</span> <span class='ocrx_word' id='word_1_251' title='bbox 1103 2348 1140 2381; x_wconf 87' lang='lat' dir='ltr'>et</span> <span class='ocrx_word' id='word_1_252' title='bbox 1161 2341 1280 2380; x_wconf 91' lang='lat' dir='ltr'>simul</span> <span class='ocrx_word' id='word_1_253' title='bbox 1308 2342 1508 2395; x_wconf 86' lang='lat' dir='ltr'>prodigiis</span> <span class='ocrx_word' id='word_1_254' title='bbox 1533 2344 1598 2384; x_wconf 88' lang='lat' dir='ltr'>vel</span> <span class='ocrx_word' id='word_1_255' title='bbox 1620 2359 1711 2396; x_wconf 89' lang='lat' dir='ltr'>pro-</span> 
     </span>
     <span class='ocr_line' id='line_1_33' title="bbox 138 2406 1709 2461; baseline 0.001 -14"><span class='ocrx_word' id='word_1_256' title='bbox 138 2408 301 2461; x_wconf 85' lang='lat' dir='ltr'>phetiis,</span> <span class='ocrx_word' id='word_1_257' title='bbox 324 2409 442 2461; x_wconf 87' lang='lat' dir='ltr'>quasi</span> <span class='ocrx_word' id='word_1_258' title='bbox 464 2407 628 2460; x_wconf 88' lang='lat' dir='ltr'>proprio</span> <span class='ocrx_word' id='word_1_259' title='bbox 650 2420 725 2446; x_wconf 92' lang='lat' dir='ltr'>suo</span> <span class='ocrx_word' id='word_1_260' title='bbox 745 2407 883 2458; x_wconf 90' lang='lat' dir='ltr'>sigillo</span> <span class='ocrx_word' id='word_1_261' title='bbox 907 2406 1288 2447; x_wconf 86' lang='lat' dir='ltr'>manifestationem</span> <span class='ocrx_word' id='word_1_262' title='bbox 1309 2407 1422 2446; x_wconf 88' lang='lat' dir='ltr'>illam</span> <span class='ocrx_word' id='word_1_263' title='bbox 1443 2421 1469 2447; x_wconf 91' lang='lat' dir='ltr'>a</span> <span class='ocrx_word' id='word_1_264' title='bbox 1489 2421 1534 2448; x_wconf 90' lang='lat' dir='ltr'>se</span> <span class='ocrx_word' id='word_1_265' title='bbox 1554 2408 1709 2449; x_wconf 87' lang='lat' dir='ltr'>factam</span> 
     </span>
     <span class='ocr_line' id='line_1_34' title="bbox 139 2472 1707 2526; baseline 0 -11"><span class='ocrx_word' id='word_1_266' title='bbox 139 2475 375 2526; x_wconf 87' lang='lat' dir='ltr'>obsignare.</span> <span class='ocrx_word' id='word_1_267' title='bbox 406 2475 472 2514; x_wconf 93' lang='lat' dir='ltr'>An</span> <span class='ocrx_word' id='word_1_268' title='bbox 499 2478 693 2526; x_wconf 90' lang='lat' dir='ltr'>putamus</span> <span class='ocrx_word' id='word_1_269' title='bbox 723 2472 903 2511; x_wconf 84' lang='lat' dir='ltr'>divinam</span> <span class='ocrx_word' id='word_1_270' title='bbox 934 2472 1173 2524; x_wconf 87' lang='lat' dir='ltr'>potentiam,</span> <span class='ocrx_word' id='word_1_271' title='bbox 1204 2486 1310 2525; x_wconf 87' lang='lat' dir='ltr'>quae</span> <span class='ocrx_word' id='word_1_272' title='bbox 1338 2486 1473 2512; x_wconf 86' lang='lat' dir='ltr'>rerum</span> <span class='ocrx_word' id='word_1_273' title='bbox 1497 2475 1707 2515; x_wconf 87' lang='lat' dir='ltr'>universi-</span> 
     </span>
     <span class='ocr_line' id='line_1_35' title="bbox 138 2537 1709 2593; baseline 0.001 -13"><span class='ocrx_word' id='word_1_274' title='bbox 138 2545 263 2580; x_wconf 83' lang='lat' dir='ltr'>tatem</span> <span class='ocrx_word' id='word_1_275' title='bbox 292 2554 313 2580; x_wconf 91' lang='lat' dir='ltr'>e</span> <span class='ocrx_word' id='word_1_276' title='bbox 346 2540 471 2580; x_wconf 88' lang='lat' dir='ltr'>nihilo</span> <span class='ocrx_word' id='word_1_277' title='bbox 501 2539 695 2586; x_wconf 89' lang='lat' dir='ltr'>condidit,</span> <span class='ocrx_word' id='word_1_278' title='bbox 727 2551 880 2590; x_wconf 88' lang='lat' dir='ltr'>easque</span> <span class='ocrx_word' id='word_1_279' title='bbox 909 2543 1120 2590; x_wconf 88' lang='lat' dir='ltr'>tamquam</span> <span class='ocrx_word' id='word_1_280' title='bbox 1152 2537 1275 2590; x_wconf 90' lang='lat' dir='ltr'>signa</span> <span class='ocrx_word' id='word_1_281' title='bbox 1305 2539 1529 2589; x_wconf 88' lang='lat' dir='ltr'>constituit,</span> <span class='ocrx_word' id='word_1_282' title='bbox 1560 2542 1709 2593; x_wconf 87' lang='lat' dir='ltr'>quibus</span> 
     </span>
     <span class='ocr_line' id='line_1_36' title="bbox 138 2603 1703 2657; baseline 0.002 -12"><span class='ocrx_word' id='word_1_283' title='bbox 138 2606 302 2646; x_wconf 87' lang='lat' dir='ltr'>divinae</span> <span class='ocrx_word' id='word_1_284' title='bbox 330 2606 449 2646; x_wconf 86' lang='lat' dir='ltr'>ideae</span> <span class='ocrx_word' id='word_1_285' title='bbox 478 2605 598 2645; x_wconf 88' lang='lat' dir='ltr'>nobis</span> <span class='ocrx_word' id='word_1_286' title='bbox 628 2606 903 2657; x_wconf 86' lang='lat' dir='ltr'>patefierent,</span> <span class='ocrx_word' id='word_1_287' title='bbox 934 2603 991 2642; x_wconf 89' lang='lat' dir='ltr'>ita</span> <span class='ocrx_word' id='word_1_288' title='bbox 1021 2604 1271 2643; x_wconf 86' lang='lat' dir='ltr'>exhaustam</span> <span class='ocrx_word' id='word_1_289' title='bbox 1301 2617 1395 2644; x_wconf 90' lang='lat' dir='ltr'>esse</span> <span class='ocrx_word' id='word_1_290' title='bbox 1416 2638 1425 2654; x_wconf 95' lang='lat'>,</span> <span class='ocrx_word' id='word_1_291' title='bbox 1456 2612 1500 2646; x_wconf 91' lang='lat' dir='ltr'>ut</span> <span class='ocrx_word' id='word_1_292' title='bbox 1530 2607 1563 2646; x_wconf 87' lang='lat' dir='ltr'>si</span> <span class='ocrx_word' id='word_1_293' title='bbox 1594 2608 1703 2648; x_wconf 90' lang='lat' dir='ltr'>aliud</span> 
     </span>
     <span class='ocr_line' id='line_1_37' title="bbox 137 2668 1707 2722; baseline 0.003 -13"><span class='ocrx_word' id='word_1_294' title='bbox 137 2671 459 2722; x_wconf 88' lang='lat' dir='ltr'>significandum</span> <span class='ocrx_word' id='word_1_295' title='bbox 489 2670 611 2710; x_wconf 89' lang='lat' dir='ltr'>nobis</span> <span class='ocrx_word' id='word_1_296' title='bbox 640 2669 705 2718; x_wconf 89' lang='lat' dir='ltr'>sit,</span> <span class='ocrx_word' id='word_1_297' title='bbox 735 2675 899 2722; x_wconf 86' lang='lat' dir='ltr'>praeter</span> <span class='ocrx_word' id='word_1_298' title='bbox 930 2669 1242 2718; x_wconf 39' lang='lat' dir='ltr'>constabilitum,</span> <span class='ocrx_word' id='word_1_299' title='bbox 1260 2668 1459 2720; x_wconf 88' lang='lat' dir='ltr'>ordinem,</span> <span class='ocrx_word' id='word_1_300' title='bbox 1481 2671 1521 2711; x_wconf 92' lang='lat' dir='ltr'>id</span> <span class='ocrx_word' id='word_1_301' title='bbox 1542 2673 1707 2714; x_wconf 88' lang='lat' dir='ltr'>efficere</span> 
     </span>
    </p>
   </div>
   <div class='ocr_carea' id='block_1_4' title="bbox 136 2735 632 2788">
    <p class='ocr_par' dir='ltr' id='par_1_9' title="bbox 136 2735 632 2788">
     <span class='ocr_line' id='line_1_38' title="bbox 136 2735 632 2788; baseline -0.002 -13"><span class='ocrx_word' id='word_1_302' title='bbox 136 2748 224 2775; x_wconf 91' lang='lat' dir='ltr'>non</span> <span class='ocrx_word' id='word_1_303' title='bbox 253 2736 428 2788; x_wconf 87' lang='lat' dir='ltr'>amplius</span> <span class='ocrx_word' id='word_1_304' title='bbox 459 2735 632 2777; x_wconf 67' lang='lat' dir='ltr'>valeat?</span> 
     </span>
    </p>
   </div>
   <div class='ocr_carea' id='block_1_5' title="bbox 0 2841 1132 2936">
    <p class='ocr_par' dir='ltr' id='par_1_10' title="bbox 0 2841 1132 2936">
     <span class='ocr_line' id='line_1_39' title="bbox 181 2841 791 2883; baseline 0.003 -11"><span class='ocrx_word' id='word_1_305' title='bbox 181 2841 231 2882; x_wconf 87' lang='lat'>(1)</span> <span class='ocrx_word' id='word_1_306' title='bbox 256 2841 457 2883; x_wconf 74' lang='lat' dir='ltr'>Prophetia</span> <span class='ocrx_word' id='word_1_307' title='bbox 479 2843 644 2880; x_wconf 69' lang='lat' dir='ltr'>BAchn,</span> <span class='ocrx_word' id='word_1_308' title='bbox 665 2842 721 2879; x_wconf 79' lang='lat'>111,</span> <span class='ocrx_word' id='word_1_309' title='bbox 744 2843 791 2874; x_wconf 84' lang='lat'>38.</span> 
     </span>
     <span class='ocr_line' id='line_1_40' title="bbox 0 2893 1132 2936; baseline 0.003 -11"><span class='ocrx_word' id='word_1_310' title='bbox 0 2903 26 2935; x_wconf 56' lang='grc' dir='ltr'><strong><em>ζ</em></strong></span> <span class='ocrx_word' id='word_1_311' title='bbox 183 2894 233 2934; x_wconf 76' lang='grc'>(2)</span> <span class='ocrx_word' id='word_1_312' title='bbox 259 2893 375 2926; x_wconf 78' lang='lat' dir='ltr'>Cours</span> <span class='ocrx_word' id='word_1_313' title='bbox 398 2893 442 2925; x_wconf 84' lang='lat' dir='ltr'>de</span> <span class='ocrx_word' id='word_1_314' title='bbox 466 2893 566 2925; x_wconf 81' lang='lat' dir='ltr'>droit</span> <span class='ocrx_word' id='word_1_315' title='bbox 588 2894 750 2932; x_wconf 67' lang='lat' dir='ltr'>nataret,</span> <span class='ocrx_word' id='word_1_316' title='bbox 775 2895 857 2927; x_wconf 90' lang='lat' dir='ltr'>loco</span> <span class='ocrx_word' id='word_1_317' title='bbox 881 2904 991 2936; x_wconf 88' lang='lat' dir='ltr'>super</span> <span class='ocrx_word' id='word_1_318' title='bbox 1014 2894 1132 2928; x_wconf 86' lang='lat' dir='ltr'>citato.</span> 
     </span>
    </p>
   </div>
   <div class='ocr_carea' id='block_1_6' title="bbox 18 2929 98 2955">
    <p class='ocr_par' dir='ltr' id='par_1_11' title="bbox 18 2929 98 2955">
     <span class='ocr_line' id='line_1_41' title="bbox 18 2929 98 2955; baseline 0 0"><span class='ocrx_word' id='word_1_319' title='bbox 18 2929 75 2955; x_wconf 33' lang='lat'>*5</span> <span class='ocrx_word' id='word_1_320' title='bbox 88 2951 98 2955; x_wconf 58' lang='lat'><strong><em>„</em></strong></span> 
     </span>
    </p>
   </div>
   <div class='ocr_carea' id='block_1_7' title="bbox 88 2956 1623 3134">
    <p class='ocr_par' dir='ltr' id='par_1_12' title="bbox 88 2955 1623 3134">
     <span class='ocr_line' id='line_1_42' title="bbox 88 2956 1623 3134; baseline 0.001 -145"><span class='ocrx_word' id='word_1_321' title='bbox 88 2962 174 3134; x_wconf 27' lang='grc' dir='ltr'>Χ</span> <span class='ocrx_word' id='word_1_322' title='bbox 220 2956 650 2989; x_wconf 68' lang='lat' dir='ltr'>LlssEnATonE—Etlziea</span> <span class='ocrx_word' id='word_1_323' title='bbox 675 2959 709 2989; x_wconf 76' lang='lat' dir='ltr'>et</span> <span class='ocrx_word' id='word_1_324' title='bbox 732 2957 797 2989; x_wconf 78' lang='lat' dir='ltr'>Ius</span> <span class='ocrx_word' id='word_1_325' title='bbox 819 2960 990 2990; x_wconf 75' lang='lat' dir='ltr'>naturae.</span> <span class='ocrx_word' id='word_1_326' title='bbox 1584 2959 1623 2992; x_wconf 89' lang='grc'>10</span> 
     </span>
     <span class='ocr_line' id='line_1_43' title="bbox 160 3007 175 3029; baseline 0 0"><span class='ocrx_word' id='word_1_327' title='bbox 160 3007 175 3029; x_wconf 71' lang='lat' dir='ltr'>x</span> 
     </span>
    </p>
   </div>
  </div>
 </body>
</html>
