1970 3203
595 191 732 217 CAPUT
760 191 799 216 ιι.
830 191 882 218 DE
912 191 1142 218 SOCOETATE
1171 191 1288 217 civmi
1649 177 1727 219 243

155 274 413 313 consuetum,
435 265 626 318 quamvis
656 278 739 305 non
759 266 956 317 impediat
985 266 1205 318 quominus
1225 267 1290 307 ille
1324 280 1421 319 pars
1443 267 1495 307 sit
1526 267 1721 319 politicae

153 333 365 374 societatis
387 338 427 371 et
448 331 551 371 civis
572 344 721 371 revera
742 332 956 372 habeatur.

207 398 335 438 Obiic.
366 399 418 436 II.
450 398 567 437 Bono
597 397 778 437 civitatis
807 397 927 437 valde
957 397 1118 437 confert
1148 404 1190 438 ut
1218 412 1335 438 amor
1364 399 1619 440 domesticus
1642 401 1724 440 dis·

150 461 350 501 solvatur.
383 461 515 500 Secus
544 461 784 512 plerumque
815 461 1028 512 continget
1059 467 1100 500 ut
1132 461 1284 502 bonum
1313 462 1491 503 familiae
1539 472 1718 515 antepo-

153 530 276 563 natur
306 523 413 562 bono
444 524 617 576 patriae.

202 590 251 628 R.
273 589 393 640 Neyo
410 602 580 642 prorsus
600 596 810 630 assertum
829 595 868 628 et
884 589 1089 630 rationem
1107 590 1301 631 additam.
1320 593 1429 631 Nihil
1447 594 1556 632 enim
1574 594 1716 634 absur-

147 653 240 692 dius
261 660 435 706 utraque
465 653 758 706 propositione;
780 653 980 705 siquidem
1002 666 1120 693 amor
1140 653 1228 706 ipse
1252 655 1432 696 civitatis
1454 658 1506 696 ad
1527 671 1716 698 amorem

147 718 328 758 familiae
345 719 481 771 magis
499 719 720 759 fovendum
735 719 920 771 impellit,
939 732 1033 758 cum
1049 720 1212 759 nonnisi
1224 733 1276 759 ex
1292 721 1383 772 ipsa
1402 722 1716 765 fundamentum

146 788 186 822 et
206 782 332 821 vitam
353 783 543 835 accipiat.
566 782 761 823 Vicissim
784 796 901 822 amor
917 782 1132 822 ordinatus
1149 782 1330 823 familiae
1347 786 1630 832 maximopere
1652 788 1709 827 iu-

146 855 216 885 vat
237 859 422 885 amorem
444 850 619 897 patriae,
642 846 683 885 in
704 859 785 899 qua
804 853 967 898 praeter
987 845 1070 884 alia
1090 845 1224 898 ipsum
1246 847 1399 886 bonum
1421 848 1601 890 familiae
1619 865 1715 891 con-

145 911 308 950 tinetur.
327 911 445 958 Quod
462 911 497 951 si
517 912 681 964 quando
699 911 955 952 contrarium
972 911 1136 959 accidit,
1152 912 1192 950 id
1212 913 1467 963 pei-versioni
1487 916 1712 957 voluntatis

143 990 226 1016 non
248 977 390 1017 cursui
405 978 583 1017 naturali
603 990 740 1017 rerum
762 977 1021 1017 tribuendum
1043 983 1117 1017 est.
1136 978 1337 1030 Exceptio
1361 986 1498 1019 autem
1516 982 1708 1022 acciden-

145 1040 239 1079 talis
269 1041 403 1080 ordini
432 1041 474 1079 in
503 1047 653 1081 natura
682 1041 851 1081 fundato
881 1040 1100 1080 detrahere
1130 1053 1394 1093 nequaquam
1426 1043 1556 1084 debet.

200 1106 328 1146 Obice.
361 1107 434 1145 ΙΙΙ.
456 1107 516 1146 Eo
537 1106 759 1158 perfectius
780 1114 841 1146 est
862 1106 1061 1157 regimen,
1080 1118 1159 1157 quo
1182 1114 1244 1145 est
1265 1108 1402 1160 magis
1425 1122 1561 1149 unuin.
1584 1112 1708 1163 Atqui

137 1177 351 1210 structura
369 1170 539 1210 socialis
560 1170 764 1222 organica
791 1169 947 1209 recedit
967 1168 1018 1207 ab
1036 1169 1204 1208 unitate.
1222 1169 1334 1222 Ergo
1356 1173 1612 1223 repudianda
1634 1183 1714 1215 est.

192 1237 240 1275 R.
262 1236 373 1275 Dis-t.
396 1236 510 1275 mai:
542 1236 601 1275 Eo
622 1235 844 1287 perfectius
866 1243 927 1276 est
967 1234 1164 1286 regimen,
1196 1248 1275 1286 quo
1316 1244 1378 1276 est
1409 1239 1542 1290 magis
1584 1254 1711 1280 unum

137 1301 180 1339 in
209 1315 401 1353 supremo
430 1303 672 1353 imperante,
703 1314 832 1347 conc,·
870 1301 910 1340 in
948 1299 1256 1340 ordinatoribus
1284 1302 1547 1353 subalternis,
1591 1320 1708 1359 neyo.

139 1367 243 1407 Item
259 1367 354 1406 dist.
377 1368 482 1407 min:
505 1367 722 1406 Structura
738 1367 908 1406 socialis
929 1365 1131 1418 organica
1151 1366 1305 1405 recedit
1327 1368 1378 1407 ab
1402 1370 1556 1411 unitate
1574 1373 1712 1424 quoad

139 1433 398 1473 ordinatores
441 1432 702 1472 subalternos
723 1464 732 1479 ,
777 1445 878 1471 conc
899 1447 914 1478 ,·
959 1431 1096 1483 quoad
1132 1431 1412 1473 ordinatorem
1458 1450 1712 1488 supremum,

139 1510 257 1548 nego.

191 1560 342 1601 Unitas
372 1560 585 1612 regiminis
614 1560 655 1599 in
678 1561 878 1600 societate
907 1560 1093 1601 humana
1109 1576 1192 1602 non
1212 1563 1323 1604 aliud
1347 1564 1538 1615 postulat,
1561 1565 1640 1604 nisi
1662 1572 1706 1606 ut

136 1639 264 1665 unum
279 1638 427 1665 revera
442 1625 646 1666 habeatur
662 1638 898 1677 supremum
915 1626 1147 1677 imperium,
1164 1629 1272 1680 quod
1289 1630 1341 1668 ad
1359 1629 1509 1668 bonum
1528 1643 1712 1670 commu-

136 1704 188 1730 ne
208 1691 316 1730 vires
334 1703 479 1730 omnes
497 1690 686 1742 corporis
703 1690 872 1730 socialis
890 1691 1063 1740 ordinet,
1085 1692 1135 1733 iis
1157 1701 1295 1734 tamen
1317 1695 1358 1733 in
1381 1696 1545 1746 proprio
1567 1696 1708 1748 singu-

134 1758 268 1796 larum
298 1757 454 1796 circulo
484 1756 838 1808 proportionatam
866 1755 1099 1797 libertatem
1129 1772 1213 1798 non
1244 1760 1409 1801 adimat.
1443 1762 1492 1800 Et
1522 1774 1626 1801 sane
1656 1775 1706 1802 eo

133 1821 357 1872 perfectius
374 1826 438 1859 est
457 1820 656 1873 regimen,
673 1833 753 1871 quo
776 1820 912 1870 magis
928 1827 1103 1861 naturae
1119 1823 1354 1874 respondet.
1378 1825 1570 1863 Iamvero
1587 1824 1706 1864 iuxta

133 1897 376 1935 processum
394 1891 569 1924 naturae
585 1883 760 1935 primum
778 1882 932 1921 familia
944 1887 1139 1932 exoritur,
1154 1885 1300 1925 deinde
1317 1886 1598 1937 municipium,
1619 1893 1705 1926 tum

132 1948 362 2000 provincia,
378 1949 546 1988 tandem
567 1948 728 2000 integer
749 1948 890 1988 Status
912 1961 986 1988 seu
1006 1949 1188 1989 societas
1210 1950 1390 2001 politica,
1414 1950 1465 1989 ab
1488 1951 1572 1990 alia
1596 1965 1705 2003 pror-

132 2028 206 2054 sus
225 2014 521 2065 independens.
544 2014 682 2060 Quare
698 2012 879 2052 familiae
900 2013 962 2052 sic
980 2027 1176 2065 magnum
1198 2015 1322 2054 totius
1340 2015 1595 2067 reipublicae
1617 2030 1704 2056 cor-

131 2094 207 2133 pus
237 2086 501 2132 componunt,
524 2086 567 2118 ut
595 2084 720 2118 antea
748 2078 996 2118 arctioribus
1018 2079 1264 2131 quibusdam
1286 2081 1462 2120 vinculis
1493 2094 1629 2121 nexae
1662 2090 1703 2122 et

131 2144 375 2196 angustiore
397 2143 552 2182 ambitu
573 2142 818 2195 explicatae,
841 2142 1021 2182 minores
1043 2143 1267 2184 societates
1284 2145 1701 2197 exliibeant;proprio

129 2211 373 2263 organismo
396 2218 435 2249 et
455 2210 538 2249 fine
559 2213 599 2249 et
619 2208 866 2248 efficacitate
884 2208 1104 2260 praeditas.
1129 2210 1218 2249 Has
1240 2210 1352 2249 vitali
1374 2219 1487 2250 motu
1504 2218 1542 2250 et
1558 2210 1704 2250 intrin-

128 2290 231 2317 seco
258 2277 439 2328 impulsu
467 2276 639 2315 viduare
669 2280 792 2326 atque
821 2273 862 2312 in
894 2287 1032 2313 meras
1062 2283 1306 2316 convertere
1337 2276 1567 2324 machinas,
1591 2289 1700 2328 quae

127 2353 154 2379 a
171 2338 370 2391 principio
388 2345 559 2377 externo
576 2337 794 2377 dumtaxat
808 2336 1031 2388 agitentur,
1048 2336 1322 2388 improvidum
1341 2346 1404 2378 est
1419 2347 1457 2378 et
1474 2339 1699 2391 explicatui

131 2403 312 2444 naturali
332 2401 594 2442 dissentiens.
613 2401 725 2441 Idem
748 2401 909 2440 dicatur
928 2401 977 2440 de
1009 2401 1221 2453 multiplici
1244 2402 1445 2441 varietate
1472 2403 1698 2443 activitatis

125 2470 350 2514 humanae,
381 2479 487 2518 quae
516 2472 719 2517 quatenus
748 2465 790 2503 in
822 2465 985 2504 diverso
1015 2477 1167 2516 genere
1198 2479 1243 2505 se
1273 2466 1479 2517 explicat,
1509 2468 1697 2519 peculia-

128 2533 242 2572 ribus
272 2530 484 2571 ordinibus
514 2529 583 2568 dat
613 2528 827 2580 originem,
850 2528 916 2580 qui
945 2529 1156 2580 proprium
1185 2530 1311 2568 finem
1333 2543 1383 2568 ac
1406 2530 1576 2581 proinde
1598 2545 1697 2583 pro—

127 2598 260 2650 priam
289 2596 464 2636 formam
495 2600 534 2634 et
554 2594 763 2646 proprium
784 2600 939 2632 motum
962 2593 1039 2632 sibi
1063 2593 1286 2634 vindicant.
1311 2596 1400 2635 Hos
1430 2596 1554 2637 etiam
1577 2611 1697 2636 coor-

130 2663 263 2701 dinari
293 2667 467 2713 oportet,
499 2673 582 2699 non
608 2658 833 2710 subiugari.

185 2727 315 2767 Obiic.
346 2727 417 2766 IV.
441 2726 552 2766 Ordo
584 2724 910 2777 perfectissimus
939 2724 1004 2763 ille
1034 2731 1108 2771 est,
1130 2724 1196 2776 qui
1228 2725 1408 2766 cernitur
1429 2726 1471 2765 in
1493 2727 1691 2767 exercitu.

123 2794 179 2832 At
195 2798 402 2832 structura
419 2791 628 2831 exercitus
644 2803 728 2829 non
745 2788 1042 2842 organismum,
1061 2790 1134 2828 sed
1151 2792 1482 2830 mechanismum
1499 2792 1691 2832 imitatur.

129 2861 239 2910 Ergo
269 2858 494 2897 ordinatior
523 2857 600 2896 erit
620 2857 817 2904 societas,
846 2856 879 2895 si
909 2855 1167 2896 consimilem
1198 2863 1448 2896 structuram
1480 2857 1635 2897 induat.
