1970 3203
322 215 458 242 CAPUT
486 215 510 240 1.
541 214 594 240 DE
623 213 810 240 GENTIUM
839 212 1142 239 RELATioNissus
1172 213 1211 238 IN
1242 212 1381 238 STATU
1411 210 1530 237 meis
1629 198 1705 237 337

206 291 326 339 Quod
348 291 382 330 si
403 303 485 329 non
508 290 557 329 de
576 288 732 328 iuribus
754 302 892 329 sermo
914 294 987 335 est,
1009 301 1114 340 quae
1136 301 1189 327 ex
1209 288 1300 340 ipsa
1320 294 1470 328 natura
1490 288 1703 328 societatis

145 355 342 402 oriuntur,
377 353 449 392 sed
471 353 520 391 de
540 352 589 391 iis
611 352 777 404 quaein
798 352 907 391 facto
937 351 1073 402 aliquo
1103 352 1338 401 fundantur,
1368 358 1559 404 respectu
1588 352 1706 392 cuius

143 418 332 469 singulae
354 415 576 455 societates
607 415 914 455 differuntinter
927 428 983 463 se;
996 415 1102 454 haec
1113 428 1195 454 non
1209 415 1500 468 aequalitatem
1517 418 1707 465 offerunt,

143 483 218 522 sed
248 480 587 532 discrepantiam;
619 487 658 520 et
687 481 878 533 aequalia
908 480 987 519 dici
1017 488 1192 532 possunt
1221 481 1262 520 in
1282 482 1363 521 hoc
1384 487 1543 521 tantum
1565 496 1707 531 sensu,

150 550 352 598 quatenus
383 557 514 596 aeque
550 545 826 584 reverentiam
861 550 900 583 et
930 543 1239 584 observantiam
1269 545 1321 584 ab
1351 544 1444 584 aliis
1472 552 1708 597 reposcunt.

195 615 230 651 5.
253 611 586 651 Fundamentum
605 612 848 658 officiorum,
872 610 1020 661 quibus
1043 611 1150 650 Gens
1170 611 1290 651 Genti
1307 612 1595 663 adstringitur.
1613 612 1710 651 Offi-

145 675 212 715 cia
237 674 420 713 hominis
441 688 543 726 erga
575 675 691 722 alios,
714 680 809 714 sunt
828 674 894 713 vel
914 673 1095 712 iustitiae
1116 675 1180 713 vel
1202 675 1516 724 beneficentiae,
1548 689 1622 715 seu
1642 677 1707 715 vel

146 741 324 780 juridica
336 742 400 780 vel
414 753 514 793 pure
532 730 724 789 moralia,
739 747 1004 793 utrorumque
1015 747 1153 780 autern
1171 740 1485 780 fundamentum
1499 746 1562 781 est
1577 755 1709 789 arnor,

147 818 226 857 quo
237 805 466 844 alteralteri
478 805 517 843 vi
531 810 704 844 naturae
718 804 959 844 devincitur.
972 805 1085 843 Idem
1100 818 1194 843 cum
1211 804 1478 856 proportione
1488 805 1708 844 dicendum

146 878 209 912 est
219 872 267 911 de
282 871 544 911 Gentibus.Si
554 871 661 910 enim
673 877 821 909 natura
834 869 1069 909 individuos
1079 869 1270 908 homines
1280 869 1361 908 hac
1372 870 1465 921 lege
1475 870 1708 918 adstrinxit,

148 945 192 977 ut
212 950 257 977 se
279 936 465 976 vicissim
488 937 673 988 diligant,
696 942 735 975 et
755 948 877 975 nemo
895 935 1014 974 alteri
1031 934 1166 982 saciat,
1184 935 1291 986 quod
1308 934 1385 973 sibi
1401 947 1485 973 non
1501 936 1588 973 vult
1603 936 1705 983 fieri3

143 1001 184 1040 id
204 1000 386 1040 maxime
408 1013 553 1040 verum
576 1006 639 1039 est
660 1000 707 1040 de
728 1000 901 1052 integris
923 999 1172 1039 nationibus.
1194 999 1271 1039 His
1292 1000 1401 1039 enim
1431 1001 1555 1039 homo
1580 1001 1704 1040 conti-

142 1070 263 1105 netur
283 1064 419 1116 magis
434 1069 594 1111 auctus;
612 1077 696 1102 non
717 1064 838 1102 modo
859 1063 1020 1103 ratione
1038 1062 1320 1111 multitudinis,
1339 1076 1482 1102 verum
1505 1063 1628 1103 etiam
1646 1077 1710 1102 ra-

143 1129 253 1169 tione
274 1134 408 1168 status
424 1127 649 1175 nobilioris,
668 1135 706 1167 et
723 1134 896 1166 naturae
912 1128 1049 1178 magis
1066 1128 1271 1167 excultae.
1291 1128 1429 1174 Quare
1447 1127 1623 1167 vividior
1639 1141 1708 1167 na-

143 1202 260 1231 turae
280 1191 501 1244 propensio
523 1197 562 1231 et
582 1191 716 1230 maior
736 1190 893 1230 ordinis
915 1191 1129 1242 exigentia
1150 1191 1191 1230 in
1211 1192 1261 1231 iis
1283 1193 1515 1244 explicetur
1536 1199 1707 1245 oportet.

197 1258 244 1296 In
265 1257 346 1295 hoc
367 1262 506 1295 tamen
525 1262 588 1295 est
610 1255 853 1303 differentia,
871 1255 977 1307 quod
994 1268 1123 1303 amor,
1140 1269 1222 1307 quo
1244 1262 1405 1295 ceteros
1426 1257 1617 1296 homines
1638 1270 1708 1296 se-

145 1333 283 1360 orsum
297 1318 519 1370 diligimus,
537 1332 630 1358 cum
647 1332 789 1358 amore
805 1332 926 1370 quem
944 1319 1063 1358 nobis
1080 1319 1290 1367 debemus,
1309 1321 1497 1372 componi
1515 1323 1705 1372 postulat;

146 1392 187 1423 at
207 1396 335 1431 amor,
358 1396 437 1435 quo
454 1382 644 1435 singulae
661 1390 808 1435 gentes
824 1383 927 1421 alias
943 1383 1135 1435 prosequi
1151 1383 1467 1435 adstringuntur
1485 1384 1709 1423 concilian-

147 1448 222 1488 dus
243 1454 306 1488 est
321 1460 416 1486 cum
434 1460 587 1495 amore,
600 1461 721 1500 quem
734 1461 1005 1500 unaquaeque
1022 1448 1235 1487 debetnon
1249 1450 1369 1488 modo
1385 1449 1474 1498 sibi,
1493 1450 1567 1489 sed
1584 1450 1710 1489 etiam

146 1513 283 1561 sociis,
300 1513 409 1552 unde
427 1519 603 1552 constat.
626 1514 690 1552 Ex
711 1527 789 1566 quo
806 1514 851 1552 fit
866 1518 910 1551 ut
925 1526 1072 1552 norma
1093 1513 1346 1565 aliquantum
1364 1514 1557 1554 varietur.
1577 1515 1712 1566 Saepe

145 1578 252 1618 enim
275 1579 383 1630 quod
405 1591 588 1630 persona
609 1578 821 1618 individua
842 1592 935 1618 cum
956 1579 1079 1618 laude
1100 1589 1316 1630 praestare
1345 1586 1491 1631 potest,
1523 1580 1557 1618 si
1589 1593 1710 1619 suam

145 1643 362 1684 utilitatem
384 1649 551 1695 propter
572 1644 744 1683 alterius
766 1644 981 1685 utilitatem
1005 1645 1269 1696 posthabeat,
1292 1658 1342 1684 ac
1364 1645 1571 1697 privatum
1595 1646 1713 1685 detri-

146 1716 329 1748 mentum
358 1709 557 1757 incurrat,
587 1716 630 1748 ut
658 1710 774 1749 alteri
807 1710 1055 1757 benefaciat;
1087 1710 1127 1749 id
1158 1710 1352 1750 vitiosum
1384 1718 1447 1750 est
1476 1712 1712 1752 rectoribus

144 1776 400 1827 populorum,
422 1775 490 1828 qui
511 1789 721 1828 nunquam
744 1782 917 1828 possunt
937 1776 1154 1817 utilitatem
1185 1776 1322 1828 gentis
1351 1777 1515 1817 alienae
1544 1778 1710 1819 utilitati

144 1839 285 1890 gentis
305 1839 496 1890 propriae
516 1845 783 1891 anteponere,
804 1840 883 1879 nisi
904 1839 1011 1879 haec
1032 1846 1179 1892 sponte
1200 1841 1444 1881 consentiat.
1476 1843 1567 1888 Qua
1596 1842 1638 1880 in
1667 1855 1713 1882 re

143 1915 197 1942 ne
229 1915 408 1942 excessu
429 1908 500 1941 aut
529 1902 692 1942 defectu
716 1910 921 1955 peccetur,
942 1904 1034 1943 iura
1061 1910 1100 1944 et
1131 1905 1270 1944 officia
1299 1907 1532 1959 comparari
1563 1906 1715 1946 debent

146 1966 254 2005 inter
284 1978 328 2005 se
346 1998 354 2013 ,
381 1965 498 2005 iuxta
535 1967 704 2017 regulas
741 1980 844 2018 quas
884 1968 981 2007 alibi
1018 1968 1296 2008 indicavimus
1313 2002 1322 2017 ‚
1359 1980 1401 2008 ut
1439 1970 1713 2022 dignoscatur

146 2029 353 2082 quodnam
383 2029 422 2068 vi
454 2029 610 2068 ordinis
638 2030 703 2069 ius
724 2038 795 2070 aut
825 2031 1006 2071 officium
1035 2031 1076 2070 in
1108 2032 1324 2072 collisione
1354 2034 1608 2085 praevaleat.

200 2093 236 2132 6.
267 2093 407 2133 Officia
433 2093 623 2132 iuridica.
655 2094 849 2145 Quaeque
882 2096 995 2133 Gens
1025 2093 1116 2133 iura
1145 2094 1317 2134 alterius
1348 2101 1491 2135 sancte
1515 2096 1713 2144 revereri,

148 2156 266 2208 eique
296 2156 452 2195 nullum
484 2157 772 2196 detrimentum
801 2157 951 2197 inferre
981 2157 1121 2205 debet,
1151 2163 1345 2210 respectu
1375 2159 1578 2207 omnium,
1608 2173 1716 2211 quae

148 2221 200 2260 ad
228 2221 339 2260 illam
369 2227 589 2273 utcumque
620 2224 834 2274 pertinent.
867 2223 958 2269 Qua
988 2222 1036 2261 de
1065 2235 1110 2261 re
1140 2223 1286 2262 eodem
1316 2223 1445 2263 ferme
1473 2224 1594 2263 modo
1626 2224 1714 2264 dis-

148 2288 370 2326 serendum
403 2294 492 2335 est,
523 2300 574 2327 ac
605 2288 654 2327 de
678 2288 916 2327 hominibus
955 2287 1250 2340 singularibus.
1283 2289 1339 2328 Ut
1368 2289 1476 2328 enim
1507 2290 1679 2342 quisque
1698 2322 1708 2338 ,

148 2362 338 2390 seorsum
366 2350 594 2402 inspectus,
624 2352 832 2391 neminem
861 2351 1027 2391 laedere
1058 2352 1198 2400 debet,
1228 2352 1364 2404 quoad
1393 2353 1504 2392 bona
1532 2359 1618 2392 tum
1647 2354 1714 2392 in-

149 2421 268 2455 terna
297 2420 384 2454 tum
409 2421 583 2455 externa
592 2430 602 2465 ;
631 2415 740 2456 idem
772 2417 992 2456 dicendum
1022 2422 1086 2456 est
1115 2417 1164 2456 de
1195 2416 1386 2456 civilibus
1421 2416 1712 2466 societatibus;

147 2494 253 2533 quae
281 2480 480 2533 profecto,
514 2495 609 2521 cum
636 2482 875 2523 hominibus
907 2488 1111 2530 constent,
1143 2483 1277 2522 eidem
1306 2481 1388 2534 legi
1418 2481 1713 2532 subiiciuntur,

150 2560 255 2598 quae
284 2547 501 2586 hominum
534 2547 676 2599 generi
706 2561 731 2587 a
760 2550 847 2588 Deo
878 2549 962 2588 lata
993 2553 1066 2588 est.

202 2613 453 2653 Prohibetur
473 2613 598 2665 igitur
626 2613 668 2652 in
689 2613 833 2665 primis
854 2613 942 2653 iure
962 2620 1138 2653 naturae
1158 2627 1210 2653 ne
1232 2614 1315 2653 ulla
1334 2626 1441 2666 gens
1462 2614 1580 2653 alteri
1601 2614 1716 2666 genti

151 2679 358 2732 propriam
378 2679 749 2731 independentiam
771 2679 937 2728 adimat,
954 2679 1032 2718 nisi
1049 2679 1114 2719 ius
1132 2679 1227 2718 belli
1246 2679 1287 2718 id
1306 2678 1423 2729 ferat3
1439 2679 1490 2719 de
1506 2692 1585 2731 quo
1608 2679 1718 2719 dein-

154 2756 252 2795 ceps
271 2743 498 2795 loquemur.
519 2744 632 2782 Gens
646 2742 769 2790 enim,
783 2748 826 2781 ut
842 2742 950 2789 talis,
969 2743 1008 2781 vi
1024 2741 1368 2794 independentiae
1383 2741 1497 2790 vivit,
1515 2755 1564 2780 ac
1586 2742 1719 2793 proin-

154 2807 204 2846 de
226 2819 276 2846 ea
296 2805 478 2858 spoliari,
499 2805 606 2846 idem
628 2814 691 2846 est
709 2819 759 2845 ac
782 2806 981 2847 socialem
997 2813 1170 2846 mortem
1188 2811 1393 2858 oppetere.
1411 2806 1548 2852 Quare
1563 2805 1631 2857 qui
1651 2805 1716 2844 di-

157 2871 315 2912 latandi
332 2871 493 2922 imperii
511 2871 733 2924 cupiditate
749 2871 954 2912 innocuas
971 2872 1162 2913 nationes
1178 2871 1384 2912 debellant
1397 2877 1440 2910 ut
1455 2883 1555 2911 suae
1572 2869 1712 2910 ditioni

237 2948 670 2981 LissERATonn-Ethiea
693 2951 728 2981 et
750 2949 815 2981 Ius
836 2951 1000 2981 naturae
1594 2946 1632 2978 22
