1970 3203
207 232 344 260 CAPUT
364 232 402 258 11.
422 231 475 258 DE
495 230 759 258 OPERATIONE
780 232 958 260 HUMANA
979 233 1120 261 PRoUT
1142 234 1387 261 ORDlNATUR
1407 234 1449 260 JN
1471 234 1599 261 FINEM
1639 221 1690 262 67

129 310 341 350 hominum
368 308 490 348 saluti
520 312 562 348 et
590 308 832 360 perfectioni
855 323 1024 363 operam
1053 320 1193 353 navat.
1214 312 1443 353 Audiamus
1470 314 1618 353 iterum
1638 316 1692 353 A-

122 376 354 428 quinatem:
385 388 406 412 «
436 375 568 414 Actus
596 374 773 414 alicuius
793 376 975 416 hominis
999 378 1122 417 habet
1141 378 1343 418 rationem
1370 379 1506 420 meriti
1528 381 1592 421 vel
1614 381 1688 420 de-

120 437 264 486 meriti,
295 437 524 477 secundum
554 437 664 489 quod
693 438 905 478 ordinatur
933 441 986 479 ad
1015 441 1190 480 alterum
1228 443 1292 482 vel
1331 443 1492 483 ratione
1527 445 1591 484 sui
1623 446 1689 484 vel

114 503 274 543 ratione
305 503 626 542 communitatis.
659 504 845 556 Utroque
873 512 1011 545 autem
1043 507 1164 546 modo
1197 515 1318 548 actus
1348 509 1480 549 nostri
1506 509 1602 550 boni
1623 511 1690 551 vel

115 569 215 608 mali
245 569 399 609 habent
428 568 631 608 rationem
652 569 786 609 meriti
809 571 872 610 vel
894 571 1081 611 demeriti
1105 573 1215 624 apud
1236 575 1380 613 Deum.
1404 576 1584 615 Ratione
1605 576 1686 629 qui-

116 636 208 675 dem
238 635 380 688 ipsius,
409 635 452 673 in
483 642 678 687 quantum
708 641 770 675 est
798 636 966 676 ultimus
996 637 1176 676 hominis
1206 639 1313 687 finis;
1344 646 1408 679 est
1441 647 1579 680 autem
1611 642 1687 681 dev-

116 700 244 741 bitum
274 711 317 740 ut
337 701 389 740 ad
411 702 535 740 finem
556 700 744 740 ultimum
764 715 909 742 omnes
931 712 1052 743 actus
1073 702 1316 743 referantur.
1343 706 1464 746 Unde
1501 707 1567 759 qui
1589 707 1688 748 facit

114 774 255 806 actum
285 767 451 814 malum,
482 779 566 805 non
595 765 845 806 referibilem
866 767 907 806 in
929 769 1074 815 Deum,
1097 782 1180 808 non
1201 775 1342 809 servat
1367 771 1569 812 honorem
1592 773 1682 821 Dei,

116 832 183 884 qui
212 832 353 872 ultimo
384 831 455 871 fini
484 831 666 872 debetur.
698 833 762 871 Ex
790 839 907 885 parte
936 847 1035 873 vero
1076 834 1200 875 totius
1239 836 1547 876 communitatis
1592 839 1686 878 uni-

115 896 237 946 versi3
269 895 364 948 quia
392 896 434 934 in
463 896 644 948 qualibet
673 897 967 937 communitate
997 897 1077 945 ille,
1108 897 1176 950 qui
1196 898 1302 949 regit
1331 900 1685 950 communitatem,

115 963 336 1016 praecipue
365 962 492 1002 habet
519 975 662 1001 curam
693 962 787 1002 boni
817 963 1061 1011 communis
1092 964 1200 1003 unde
1231 964 1284 1003 ad
1304 977 1398 1004 eum
1420 966 1597 1017 pertinet
1618 980 1686 1007 re-

113 1030 292 1070 tribuere
322 1042 394 1081 pro
424 1027 490 1067 his
508 1060 516 1076 ,
546 1041 652 1080 quae
682 1029 747 1067 vel
776 1028 882 1069 bene
913 1030 977 1069 vel
1007 1030 1116 1069 male
1155 1031 1260 1070 fiunt
1288 1030 1331 1069 in
1373 1033 1684 1073 communitate.

114 1095 189 1133 Est
206 1099 341 1133 autem
359 1093 472 1132 Deus
487 1091 742 1143 gubernator
758 1092 884 1132 totius
902 1093 1086 1134 universi
1107 1100 1146 1133 et
1163 1094 1400 1146 specialiter
1420 1097 1685 1138 rationalium

114 1164 412 1197 creaturarum.
443 1155 564 1195 Unde
579 1155 845 1196 manifestum
862 1164 925 1196 est
941 1157 1049 1209 quod
1065 1165 1183 1197 actus
1199 1158 1370 1198 humani
1392 1161 1547 1201 habent
1564 1163 1687 1203 ratio-

114 1234 209 1260 nem
226 1220 359 1260 meriti
373 1221 439 1260 vel
455 1218 640 1258 demeriti
655 1233 727 1271 per
743 1221 1096 1275 comparationem
1113 1222 1167 1261 ad
1182 1221 1328 1274 ipsum:
1342 1223 1523 1276 alioquin
1543 1239 1686 1279 seque-

114 1291 224 1324 retur
252 1284 360 1336 quod
390 1285 505 1323 Deus
534 1296 618 1322 non
647 1283 820 1323 haberet
840 1297 984 1323 curam
1007 1285 1056 1324 de
1076 1285 1310 1327 actionibus
1338 1288 1532 1329 humanis
1565 1292 1638 1342 (1).
1664 1307 1684 1330 )›

621 1411 860 1450 Solvuntur
888 1411 1169 1464 dffcullaces.

171 1544 234 1583 65.
269 1542 397 1582 Obiz'c.
429 1542 460 1580 I.
496 1540 690 1580 Meritum
711 1546 751 1580 et
772 1540 1016 1580 demeritum
1037 1541 1260 1593 important
1281 1544 1465 1583 ordinem
1496 1547 1548 1585 ad
1569 1561 1686 1586 com-

116 1608 403 1660 pensationem
434 1606 699 1646 emolumenti
729 1607 793 1645 vel
825 1606 988 1654 damni,
1020 1608 1128 1658 quod
1157 1609 1275 1648 alteri
1305 1619 1560 1660 procuratur.
1605 1615 1686 1654 Sed

114 1673 251 1712 nullus
279 1679 397 1712 actus
427 1669 608 1709 hominis
638 1675 774 1720 potest
794 1682 968 1722 vergere
990 1670 1031 1708 in
1053 1672 1378 1712 emolumentum
1400 1675 1465 1714 vel
1488 1676 1685 1717 damnum

115 1737 204 1777 Dei.
235 1737 347 1788 Ergo
376 1734 477 1774 nulli
507 1733 617 1773 actui
645 1734 829 1772 humano
859 1740 993 1784 potest
1017 1734 1158 1774 inesse
1178 1736 1286 1775 ratio
1307 1738 1441 1777 meriti
1464 1740 1527 1779 vel
1549 1740 1684 1781 deme-

114 1801 181 1841 riti
210 1804 402 1851 respectu
431 1798 520 1838 Dei.

168 1868 216 1906 R.
249 1868 366 1906 Haec
397 1864 620 1903 difficultas
649 1864 816 1903 omnino
846 1864 1060 1904 evanescit
1089 1877 1142 1903 ex
1171 1864 1235 1913 iis,
1267 1881 1372 1919 quae
1394 1869 1503 1908 dieta
1524 1877 1619 1910 gunt
1639 1873 1680 1911 jn

114 1931 222 1972 thesi
239 1930 369 1978 tertia;
392 1942 445 1968 ex
466 1927 613 1980 quibus
633 1934 806 1979 apparet
826 1927 1160 1979 distinguendam
1179 1942 1272 1968 esse
1295 1931 1514 1973 minorem:
1536 1936 1683 1975 Nullus

112 2002 232 2035 actus
260 1995 468 2033 humanus
496 1998 632 2043 potest
662 2004 836 2043 vergere
864 1991 906 2029 in
929 1992 1251 2032 emolumentum
1274 1995 1337 2033 vel
1363 1995 1559 2036 damnum
1594 1999 1682 2048 Dei,

114 2058 248 2111 quoad
276 2056 550 2109 perfectiones
580 2061 619 2094 et
648 2055 802 2094 bonum
832 2055 920 2094 eius
949 2055 1231 2105 intrinsecum,
1264 2071 1392 2106 conc;
1422 2063 1558 2113 quoad
1587 2065 1683 2115 glo-

116 2123 221 2162 riam
242 2120 534 2166 extrinsecam,
557 2125 597 2158 et
617 2118 802 2157 ordinem
824 2118 876 2158 ab
896 2118 985 2170 ipso
1006 2120 1315 2160 constabilitum
1336 2124 1377 2162 in
1396 2125 1540 2175 rebus,
1566 2140 1683 2180 neyo.

116 2187 182 2226 Ad
208 2198 296 2225 rem
327 2184 366 2223 S.
400 2184 598 2222 Thomas:
631 2197 650 2219 «
673 2183 754 2221 Per
773 2188 912 2221 actum
934 2182 1126 2231 hominis,
1148 2185 1236 2225 Deo
1257 2188 1486 2228 secundum
1516 2203 1562 2230 se
1583 2191 1685 2231 nihil

117 2256 252 2302 potest
280 2259 525 2287 accrescere
553 2246 620 2285 vel
651 2246 853 2298 deperire‚·
882 2247 956 2285 sed
986 2252 1124 2286 tamen
1153 2249 1291 2298 homo,
1326 2260 1524 2304 quantum
1564 2255 1605 2293 in
1637 2269 1683 2296 Se

118 2319 192 2360 est,
223 2310 375 2362 aliquid
396 2308 602 2349 subtrahit
623 2310 709 2348 Deo
732 2309 796 2348 vel
817 2309 854 2348 ei
875 2309 1052 2359 exhibet,
1071 2325 1164 2352 cum
1186 2322 1325 2355 servat
1349 2317 1413 2356 vel
1434 2331 1518 2357 non
1540 2330 1683 2361 servat

118 2376 304 2415 ordinem
334 2387 453 2425 quem
484 2374 596 2412 Deus
625 2372 799 2411 instituit
827 2374 900 2424 (2).
934 2388 953 2411 ›>

172 2439 302 2478 Obitc.
334 2438 386 2476 II.
408 2438 733 2476 Instrumentum
762 2435 864 2474 nihil
893 2442 1072 2476 meretur
1093 2439 1157 2478 vel
1187 2440 1419 2481 demeretur
1446 2446 1556 2496 apud
1588 2460 1683 2487 eum

120 2507 187 2560 qui
213 2505 337 2546 utitur
365 2503 651 2550 instrumento;
672 2502 768 2554 quia
787 2509 874 2541 tota
893 2503 1002 2542 actio
1023 2503 1284 2545 instrumenti
1307 2515 1368 2547 est
1399 2512 1552 2552 utentis
1578 2513 1681 2564 ipso,

120 2570 203 2610 Sed
222 2569 348 2607 homo
368 2568 411 2605 in
430 2565 595 2617 agendo
616 2571 679 2605 est
698 2565 1016 2605 instrumentum
1038 2567 1202 2608 divinae
1221 2570 1394 2611 virtutis.
1415 2574 1525 2626 Ergo
1545 2577 1682 2628 horno,

117 2637 223 2676 bene
253 2633 416 2686 agendo
448 2632 513 2670 vel
528 2632 664 2679 .male,
694 2644 778 2670 non
807 2638 989 2671 meretur
1018 2633 1084 2672 vel
1114 2634 1347 2676 demeretur
1376 2641 1486 2691 apud
1507 2643 1653 2683 Deum,

168 2704 218 2741 R.
250 2700 358 2740 Huic
379 2698 622 2745 difficultati,
644 2711 766 2749 quam
788 2697 866 2736 sibi
885 2698 1087 2750 proponit,
1105 2700 1164 2739 sic
1184 2704 1407 2754 respondet
1420 2707 1460 2745 S.
1479 2709 1679 2752 Thomas:

124 2776 144 2807 «
166 2767 396 2807 Dicendum
417 2764 524 2818 quod
543 2764 668 2803 homo
689 2763 749 2803 sic
778 2772 968 2804 movetur
988 2778 1013 2804 a
1033 2765 1120 2805 Deo
1151 2772 1194 2805 ut
1213 2767 1543 2822 instrumentum,
1575 2779 1682 2828 quod

164 2872 213 2913 (1)
239 2871 394 2904 Summa
416 2870 462 2903 th.
487 2872 532 2902 1³²
554 2871 608 2902 23⁰
633 2879 664 2910 q.
687 2870 784 2907 XXI,
807 2879 836 2902 a.
860 2871 887 2901 4.

162 2925 211 2967 (2)
236 2924 319 2956 Ibicl.
343 2935 373 2957 a.
396 2925 415 2955 4
438 2925 482 2956 ad
507 2925 534 2956 1.
