1970 3203
223 202 299 242 322
596 211 663 237 ius
694 210 932 237 NATURAE-
954 210 1062 237 PARS
1091 209 1129 235 ιι.
1159 209 1225 236 lus
1255 209 1429 237 soeiALE

224 292 497 344 distinguunt,
528 290 602 330 sed
632 289 802 329 omnino
833 294 1031 341 separant
1061 301 1111 327 ac
1141 295 1286 329 mutuo
1317 289 1528 329 divellunt.
1560 290 1667 328 {llud
1688 289 1801 329 enim

223 355 476 410 principium
508 353 763 406 persuadere
783 352 983 393 nituntur:
1018 353 1191 393 Statum
1212 352 1442 404 politicam
1468 365 1548 404 per
1568 366 1611 392 se
1632 354 1804 392 atheum

225 436 314 463 esse
335 425 551 476 oportere:
583 420 779 460 nimirum
808 426 927 460 tanta
955 419 1236 460 indifferentia
1266 424 1448 460 utentem
1479 425 1675 472 respectu
1704 413 1805 459 reli-

225 489 376 542 gionis,
409 494 453 528 ut
483 487 655 540 perinde
686 500 734 527 se
763 492 895 539 gerat,
926 486 1046 539 quasi
1068 486 1182 525 nulla
1212 492 1350 526 exstet
1378 486 1537 538 religio,
1560 491 1633 526 aut
1652 486 1804 526 saltem

224 567 369 595 veram
400 567 426 593 a
455 553 563 593 salsa
591 553 704 592 nullo
735 552 858 592 modo
889 550 1159 591 discriminet.
1192 552 1323 591 Porro
1358 563 1411 590 ex
1440 551 1521 590 hoc
1552 550 1811 603 indcfferen-

230 619 432 658 tistaram
470 618 667 669 dogmate
698 616 904 669 originem
939 615 1057 655 duxit
1087 615 1266 654 formula
1294 614 1365 654 illa
1385 646 1394 662 ,
1436 627 1541 667 quae
1576 613 1809 654 catholicos

225 683 350 724 etiam
381 681 588 735 quosdam
618 681 732 721 viros
762 679 999 721 fascinavit:
1029 679 1188 718 Liber-a
1210 678 1403 718 Ecclesia
1436 677 1480 717 in
1504 677 1632 718 libero
1665 677 1807 716 Statu.

789 809 1259 849 PROPOSITIONES.

282 943 370 982 133.
404 942 659 980 Pnoposi‘rio
689 941 746 980 4².
777 939 971 979 Ecclesia
1004 938 1290 992 independens
1320 938 1495 977 omnino
1527 940 1591 978 est
1617 951 1642 978 a
1677 937 1808 977 Siata

222 1009 418 1062 politico.

282 1074 405 1113 Prob.
437 1074 555 1113 Haec
576 1072 708 1113 thesis
725 1071 990 1111 corollarium
1008 1071 1214 1124 quoddam
1237 1080 1299 1110 est
1315 1070 1611 1123 propositionis
1632 1069 1673 1108 in
1692 1081 1810 1121 prae-

228 1137 394 1178 cedenti
424 1136 600 1176 articulo
631 1136 949 1185 constabilitae,
980 1149 1064 1189 qua
1094 1135 1275 1174 diximus
1306 1134 1542 1174 Ecclesiam
1587 1133 1807 1186 imperium

228 1217 324 1245 esse
353 1202 581 1255 spirituale,
613 1202 665 1242 ab
680 1201 854 1254 imperio
871 1202 983 1242 civili
1014 1201 1136 1254 plane
1167 1201 1390 1248 diversum,
1423 1212 1553 1252 eoque
1575 1201 1700 1251 longe
1726 1212 1809 1238 no-

228 1269 362 1309 bilius.
392 1269 549 1320 Aperte
570 1267 680 1307 enim
702 1267 958 1319 conspicitur
987 1279 1070 1306 non
1092 1279 1229 1318 posse,
1252 1266 1360 1318 quod
1382 1265 1507 1304 altius
1528 1271 1603 1313 est,
1625 1264 1810 1316 pendere

230 1336 283 1376 ab
322 1333 533 1382 inferiori,
564 1333 662 1386 quin
693 1333 850 1372 ordinis
881 1338 1111 1383 conceptus
1141 1331 1310 1371 omnino
1341 1337 1614 1383 pervertatur.
1646 1330 1812 1370 Nihilo-

229 1402 380 1449 minus,
411 1406 580 1452 propter
610 1399 669 1439 rei
700 1399 967 1451 gravitatem,
995 1398 1135 1450 aliqua
1163 1397 1232 1437 hic
1263 1398 1506 1450 expressius
1536 1396 1751 1436 addemus.

284 1468 429 1518 Itaque
450 1465 809 1506 evidentissimum
828 1471 903 1513 est,
925 1477 1009 1503 non
1030 1476 1154 1516 posse
1176 1463 1422 1504 societatem
1441 1464 1629 1515 aliquam
1650 1462 1703 1501 ab
1725 1461 1814 1500 alia

230 1531 434 1584 pendere,
465 1529 546 1570 nisi
577 1529 666 1569 eius
706 1528 801 1568 finis
832 1528 902 1568 fini
932 1528 1104 1567 alterius
1144 1527 1196 1568 sit
1225 1527 1451 1568 subiectus.
1494 1527 1560 1566 Ex
1589 1526 1673 1565 fine
1707 1525 1813 1565 enim

236 1596 536 1637 determinatur
556 1600 707 1634 natura
727 1601 766 1634 et
787 1594 925 1634 omnis
945 1593 1090 1633 relatio
1125 1593 1423 1645 cuiuscumque
1440 1591 1667 1632 societatis.
1687 1591 1814 1644 Atqui

238 1662 337 1703 finis
357 1661 577 1702 Ecclesiae
606 1673 691 1700 non
715 1660 931 1700 subiicitur
960 1659 1032 1699 fini
1062 1657 1278 1699 societatis
1298 1657 1505 1710 politicae,
1538 1670 1633 1696 cum
1663 1656 1716 1696 sit
1738 1670 1814 1695 su-

240 1739 423 1779 premus3
454 1738 604 1777 nempe
634 1724 712 1764 Dei
741 1724 877 1777 gloria
906 1730 947 1764 et
976 1728 1150 1763 aeterna
1178 1721 1395 1762 hominum
1425 1722 1554 1760 salus.
1586 1721 1697 1772 Ergo
1730 1721 1815 1759 Ec-

244 1792 377 1832 clesia
406 1792 589 1844 pendere
618 1790 761 1843 nequit
790 1804 816 1829 a
845 1791 964 1830 Statu
995 1789 1176 1842 politico.

293 1859 524 1897 Praeterea
545 1857 740 1896 Ecclesia
769 1856 946 1909 pertinet
976 1856 1029 1895 ad
1051 1854 1237 1894 ordinem
1268 1852 1631 1906 supernaturalem
1663 1858 1704 1892 et
1724 1851 1821 1891 divi-

237 1936 350 1972 num;
382 1923 554 1976 eiusque
575 1922 772 1975 princeps
794 1928 858 1962 est
877 1923 965 1974 ipse
985 1921 1190 1969 Christus,
1213 1919 1332 1960 cuius
1354 1918 1445 1958 vice
1467 1925 1506 1959 et
1529 1918 1696 1958 nomine
1713 1931 1822 1957 surn-

241 2000 337 2026 mus
361 1987 555 2026 Pontifex
576 1987 722 2026 fideles
751 1986 971 2038 gubernat.
995 1985 1154 2025 Contra
1179 1986 1323 2024 Status
1344 1983 1538 2036 politicus
1561 1983 1739 2035 pertinet
1768 1982 1821 2021 ad

244 2054 433 2094 ordinem
454 2053 689 2092 naturalem
721 2059 763 2091 et
782 2052 1013 2091 humanum
1029 2083 1038 2100 ,
1070 2050 1245 2103 eiusque
1267 2049 1386 2102 origo
1416 2051 1524 2089 ultra
1545 2048 1823 2088 domesticam

239 2124 502 2172 potestatem,
517 2132 542 2158 a
557 2131 640 2171 qua
659 2117 850 2170 primitus
872 2116 1163 2164 dimanaverit‚
1186 2115 1355 2167 perduci
1373 2113 1662 2167 nequit.{Atqui
1679 2113 1823 2153 absur-

240 2187 336 2226 dum
358 2191 422 2225 est
452 2191 496 2224 ut
518 2185 619 2224 ordo
650 2182 981 2236 supernaturalis
1012 2181 1204 2230 naturali,
1235 2187 1307 2220 aut
1331 2180 1496 2221 divinus
1527 2181 1725 2228 humano,
1748 2185 1820 2218 aut

239 2258 426 2305 potestas
449 2251 615 2299 Christi,
633 2249 700 2302 qui
718 2251 832 2289 Deus
852 2257 929 2297 est,
951 2247 1143 2301 potestati
1165 2246 1466 2299 cuiuscumque
1487 2251 1707 2286 creaturae
1726 2245 1821 2284 sub-

238 2318 416 2359 iiciatur.
439 2318 553 2370 Ergo
573 2315 798 2356 absurdum
820 2320 884 2355 est
904 2321 948 2355 ut
970 2313 1162 2354 Ecclesia
1173 2312 1308 2353 Statui
1324 2311 1491 2364 politico
1509 2312 1561 2352 sit
1580 2311 1781 2351 subiecta.

293 2385 409 2431 Item,
427 2382 623 2422 Ecclesia
642 2380 912 2420 immutabilis
933 2385 996 2420 est
1014 2379 1057 2418 in
1077 2378 1139 2418 sui
1162 2377 1471 2425 constitutione,
1493 2390 1589 2416 cum
1606 2390 1632 2416 a
1649 2376 1820 2417 Christo

240 2448 504 2500 processerit;
529 2446 683 2486 directe
698 2445 899 2498 prospicit
918 2444 1041 2485 bonis
1061 2443 1357 2496 spiritualibus;
1380 2456 1464 2482 non
1485 2441 1675 2483 terminis
1694 2440 1822 2481 huius

239 2515 352 2554 vitae
383 2513 658 2562 concluditur,
689 2512 764 2552 sed
784 2512 838 2551 ad
860 2511 1040 2551 futuram
1062 2524 1108 2550 se
1129 2510 1348 2563 protendit.
1381 2510 1539 2550 Contra
1556 2510 1699 2549 Status
1721 2509 1818 2560 poli-

241 2580 351 2619 ticus
373 2578 591 2619 mutationi
614 2576 815 2626 subditum
837 2576 1042 2616 materiali
1064 2581 1226 2615 tantum
1244 2573 1380 2614 ordini
1400 2572 1602 2625 invigilat;
1625 2572 1821 2612 confiniis

242 2644 352 2685 vitae
374 2643 609 2696 praesentis
626 2642 873 2683 continetur.
905 2641 1099 2681 Ecclesia
1120 2641 1245 2693 igitur
1275 2639 1420 2692 nequit
1439 2638 1491 2677 ab
1507 2638 1598 2690 ipso
1629 2638 1821 2690 pendere;

243 2708 323 2748 nisi
352 2708 609 2747 immutabile
631 2721 656 2746 a
676 2706 879 2755 mutabili,
901 2706 1073 2759 spiritus
1090 2719 1115 2745 a
1131 2718 1318 2757 corpore,
1342 2709 1557 2743 aeternum
1579 2717 1604 2742 a
1620 2708 1829 2754 tempora-

242 2773 304 2812 rio
325 2771 515 2824 superari
538 2771 709 2820 dicatum
734 2784 814 2824 quo
836 2770 939 2810 nihil
960 2783 1055 2810 esse
1076 2775 1214 2822 potest
1237 2768 1373 2820 magis
1393 2766 1544 2806 rationi
1564 2779 1822 2819 repugnans.

296 2836 416 2875 Tunc
437 2840 595 2874 tantum
617 2833 776 2873 admitti
792 2840 934 2886 posset
952 2832 1228 2886 dependentia
1242 2830 1460 2871 Ecclesiae
1476 2844 1501 2870 a
1517 2831 1636 2871 Statu
1650 2831 1819 2883 politico

243 2898 280 2939 si
298 2898 444 2951 religio
460 2898 500 2938 in
516 2896 729 2952 negotium
748 2910 859 2938 mere
876 2897 1105 2937 humanum
1122 2902 1161 2937 et
1171 2895 1382 2948 politicum
1401 2894 1571 2949 eiusque
1588 2895 1821 2936 administri
