1970 3203
205 192 284 232 29ss
576 200 642 227 IUS
670 199 872 226 NATURAE
895 208 915 214 -
937 199 1043 226 PARS
1074 200 1112 225 11.
1144 199 1208 226 IUS
1242 199 1411 228 SOCIALE

263 280 349 321 105.
379 280 425 319 In
455 288 533 329 quo
563 289 691 317 verus
721 288 838 317 amor
866 279 1030 329 patriae
1061 277 1271 318 consistit.
1303 278 1467 318 Caritas
1488 277 1623 331 patria
1643 277 1684 316 in
1705 277 1787 316 hoc

204 346 399 393 cernitur,
429 350 472 391 ut
501 343 542 381 in
572 342 716 395 primis
746 341 923 394 patriam
954 342 1243 394 praeferamus
1274 355 1357 383 non
1387 344 1579 384 absolute
1610 343 1683 383 sed
1715 356 1785 382 re-

207 413 351 459 lativa·
383 411 490 451 idest
519 415 563 448 ut
594 422 700 457 eam,
731 422 816 448 non
845 408 898 448 ab
928 408 1136 457 omnibus,
1158 409 1233 448 sed
1252 422 1278 448 a
1297 409 1418 450 nobis
1442 411 1660 451 dumtaxat
1681 422 1781 461 prae

203 476 354 518 ceteris
378 473 650 515 societatibus
681 473 873 513 civilibus
904 486 998 513 esse
1029 473 1281 525 diligendam
1313 472 1557 515 iudicemus:
1582 487 1666 514 non
1688 473 1787 526 quia

202 541 283 581 illis
313 538 538 586 antecellit,
568 540 643 577 sed
672 537 769 590 quia
798 538 918 590 plura
948 537 985 577 ei
1017 543 1193 590 accepta
1221 536 1454 586 referimus,
1485 551 1591 590 quae
1615 538 1667 577 ab
1689 536 1783 576 aliis

205 604 379 645 mutuati
410 616 494 642 non
524 615 682 642 sumus.
713 601 886 650 Deinde,
908 607 950 642 ut
980 615 1032 641 ex
1054 602 1135 641 hac
1157 601 1379 642 dilectione
1401 602 1454 641 ad
1475 603 1634 654 patriae
1652 602 1780 642 decus

202 679 326 723 atque
358 669 660 722 praestantiam
690 681 773 707 non
804 667 910 707 falso
942 668 1225 708 extollendam
1261 669 1337 708 sed
1375 668 1530 708 nostris
1567 668 1778 708 laboribus

203 736 514 790 procurandam
546 740 586 775 et
615 735 853 787 augendam
885 734 1131 783 excitemur,
1163 740 1287 787 atque
1316 748 1390 787 pro
1421 734 1509 774 eius
1550 747 1782 775 conserva¹

203 804 315 843 tione
347 811 385 843 et
415 802 543 843 tutela
575 801 701 840 vitam
733 800 858 840 etiam
889 800 1139 852 profundere
1171 800 1303 852 parati
1333 800 1476 848 simus,
1508 800 1685 840 servatis
1716 800 1783 839 iu—

203 867 309 919 giter
338 866 520 906 iustitiae
552 871 590 904 et
620 864 856 904 honestatis
885 864 1073 916 legibus,
1110 878 1135 903 a
1165 864 1316 916 quibus
1354 864 1551 904 recedere
1590 878 1668 905 nec
1711 879 1787 917 pro

202 934 339 987 patria
368 947 447 974 nec
479 945 551 985 pro
582 937 699 984 patre
728 944 914 983 unquam
945 930 1052 971 licet.

256 1000 320 1037 Ex
341 999 422 1037 hoc
444 1009 588 1036 amore
611 995 879 1048 consequitur
895 999 938 1034 ut
955 994 1220 1046 reipublicae,
1239 995 1358 1035 cuius
1373 995 1543 1036 civitate
1561 995 1779 1043 donamur,

206 1064 341 1112 saluti,
362 1063 633 1110 incremento,
664 1061 864 1110 felicitati,
895 1061 1035 1114 quoad
1065 1075 1302 1113 possumus,
1335 1061 1590 1102 studeamus.
1630 1061 1783 1101 Sedulo

205 1136 344 1168 tamen
367 1126 785 1167 animadvertendum
817 1132 891 1174 est,
919 1126 1018 1165 inde
1048 1140 1131 1166 non
1162 1126 1280 1179 sequi
1311 1132 1355 1166 ut
1385 1139 1532 1167 omnes
1563 1128 1615 1166 ad
1646 1127 1782 1178 magi-

205 1198 380 1232 stratum
412 1192 642 1244 gerendum
672 1196 744 1231 aut
774 1190 886 1230 aliud
907 1190 1117 1243 publicum
1140 1204 1291 1230 munus
1313 1191 1598 1230 exercendum
1617 1191 1692 1230 niti
1714 1191 1786 1231 de-

202 1259 339 1298 beant.
358 1259 451 1298 Non
468 1257 577 1297 enim
602 1258 682 1297 hac
703 1256 772 1295 via
794 1256 1012 1295 dumtaxat
1034 1256 1201 1295 iuvatur
1218 1256 1414 1296 societas.
1434 1258 1566 1295 Immo
1588 1255 1622 1295 si
1640 1269 1791 1296 omnes

204 1326 316 1365 hanc
338 1333 522 1377 spartam
540 1336 693 1364 ornare
715 1323 881 1371 vellent3
901 1323 1107 1362 immensa
1130 1322 1320 1362 confusio
1342 1328 1381 1362 et
1398 1323 1626 1362 aemulatio
1645 1324 1788 1363 exori-

204 1400 329 1432 retur.
351 1393 437 1431 Nec
455 1391 579 1430 etiam
597 1389 795 1441 obligatio
812 1388 997 1442 sequitur
1015 1389 1237 1429 exercendi
1256 1395 1550 1437 mercaturam,
1568 1396 1640 1430 aut
1657 1396 1792 1430 artem

205 1458 386 1510 aliquam
406 1457 471 1497 vel
492 1455 725 1506 scientiam,
743 1461 814 1494 aut
830 1454 1102 1505 promovendi
1125 1454 1299 1494 aliorum
1323 1454 1477 1494 civium
1508 1454 1790 1506 disciplinam,

203 1522 294 1562 sive
324 1521 366 1560 in
396 1520 543 1560 litteris
573 1519 662 1558 sive
692 1518 734 1558 in
764 1519 961 1558 moribus.
995 1518 1083 1559 Etsi
1119 1518 1231 1558 enim
1268 1519 1333 1571 qui
1364 1517 1543 1559 fideliter
1573 1525 1612 1559 et
1641 1519 1791 1559 intuitu

204 1586 303 1626 boni
334 1583 571 1625 communis
592 1584 699 1622 haec
729 1583 885 1623 obeunt
906 1583 1059 1631 munia,
1083 1583 1238 1635 optime
1261 1583 1310 1622 de
1331 1582 1546 1635 republica
1566 1589 1788 1631 merentur;

205 1664 288 1690 non
321 1656 461 1689 tamen
482 1660 631 1687 omnes
661 1646 714 1686 ad
735 1660 786 1686 ea
807 1646 1020 1699 implenda
1050 1648 1369 1700 compelluntur,
1388 1661 1467 1688 nec
1487 1647 1643 1687 idcirco
1666 1647 1790 1687 otiosi

205 1713 402 1754 censendi
434 1719 530 1753 sunt
560 1719 601 1752 et
629 1725 736 1751 onus
766 1711 909 1751 inutile
939 1712 1167 1752 societatis.
1200 1712 1242 1751 Si
1266 1712 1357 1764 quis
1379 1712 1490 1751 enim
1511 1712 1676 1763 privata
1696 1711 1780 1751 for-

204 1789 306 1822 tuna
338 1786 572 1827 contentus,
603 1778 798 1830 propriae
829 1777 1011 1817 familiae
1047 1778 1202 1818 directe
1245 1779 1437 1826 consulit,
1468 1792 1519 1817 ac
1549 1777 1793 1818 domesticis

205 1845 362 1884 laribus
393 1844 626 1883 modestam
659 1849 697 1883 et
728 1848 1003 1894 temperatam
1037 1843 1162 1881 vitam
1203 1842 1315 1895 agit,
1358 1842 1394 1883 is
1440 1842 1651 1895 profecto,
1695 1842 1794 1882 licet

203 1909 555 1964 splendidioribus
575 1909 820 1948 muneribus
842 1915 998 1957 careat,
1024 1909 1294 1948 multifariam
1317 1918 1457 1950 tamen
1478 1909 1674 1949 societati
1695 1922 1791 1960 pro-

206 1977 307 2016 dest.
339 1977 445 2015 Nam
476 1974 695 2014 utilitatem
725 1973 767 2012 in
800 1973 945 2026 primis
975 1973 1034 2012 illi
1066 1974 1189 2013 affert
1221 1974 1439 2026 exemplo;
1476 1973 1679 2026 siquidem
1720 1986 1794 2013 so-

206 2039 344 2079 cietati
376 2052 459 2078 non
489 2037 611 2077 modo
629 2038 865 2090 operositas
888 2037 1132 2077 necessaria
1154 2044 1228 2085 est,
1255 2050 1402 2077 verum
1424 2037 1548 2077 etiam
1571 2037 1788 2086 modestia,

206 2110 452 2155 ceteraeque
497 2103 671 2142 virtutes
689 2134 698 2150 ,
742 2115 849 2154 quae
879 2115 904 2141 a
934 2101 1098 2153 privato
1128 2101 1297 2141 homine
1337 2107 1597 2141 exercentur.
1629 2101 1789 2141 Deinde

206 2171 304 2210 dum
335 2169 515 2209 familiae
545 2169 826 2222 perficiendae
856 2169 926 2208 dat
947 2181 1129 2220 operam,
1148 2182 1232 2208 non
1254 2168 1450 2220 exiguum
1472 2168 1660 2208 societati
1682 2180 1790 2207 emo-

206 2236 435 2274 lumentum
452 2234 659 2286 importat;
683 2233 884 2286 siquidem
907 2233 1100 2285 singulae
1123 2233 1270 2272 domus
1288 2233 1496 2271 elementa
1512 2236 1620 2279 sunt,
1638 2230 1788 2282 quibus

207 2298 367 2337 sociale
397 2311 549 2350 corpus
580 2304 914 2350 coagmentatur.
948 2298 1147 2350 Denique,
1181 2297 1277 2335 dum
1309 2295 1414 2336 civis
1443 2296 1655 2349 propriam
1691 2308 1790 2347 per—

204 2365 427 2405 fectionem
451 2364 625 2416 adipisci
647 2364 875 2411 contendit,
898 2371 937 2405 et
960 2364 1213 2416 morigeram
1235 2363 1362 2401 vitam
1384 2363 1575 2411 instituit,
1594 2361 1788 2402 societati

205 2429 356 2480 duplici
388 2442 438 2468 ex
470 2428 605 2480 capite
636 2428 759 2476 favet;
787 2428 977 2480 primum,
1001 2428 1097 2480 quia
1119 2436 1281 2480 partem
1303 2427 1488 2480 aliquam
1524 2426 1680 2479 politici
1706 2439 1795 2466 cor-

205 2493 329 2546 poris,
362 2507 512 2546 nempe
542 2493 757 2545 seipsum‚
790 2494 954 2545 perficit
979 2509 987 2543 ;
1018 2493 1166 2533 deinde
1186 2526 1194 2542 ,
1226 2494 1325 2546 quia
1355 2494 1408 2533 ad
1438 2495 1564 2533 finem
1600 2493 1714 2531 illum
1746 2506 1793 2532 se

203 2565 433 2610 promovet,
465 2558 518 2597 ad
549 2571 669 2610 quem
702 2558 885 2597 societas
906 2558 1022 2597 cives
1045 2570 1191 2597 omnes
1222 2557 1432 2597 adducere
1462 2557 1599 2604 vellet,
1638 2569 1790 2608 nempe

203 2621 521 2667 felicitatem,ex
539 2623 660 2663 bonis
677 2622 864 2663 moribus
889 2628 1172 2662 enascentem.
1198 2623 1317 2669 Quod
1339 2622 1373 2662 si
1393 2621 1556 2675 potiora
1575 2621 1687 2661 bona
1704 2634 1789 2660 non

203 2688 325 2727 affert
355 2688 527 2740 culpari,
549 2688 638 2728 sine
659 2687 884 2728 manifesta
900 2688 1063 2736 iniuria,
1086 2688 1239 2740 nequit;
1263 2697 1348 2726 tum
1370 2688 1470 2740 quia
1502 2699 1639 2734 nemo,
1665 2687 1789 2725 modo

205 2754 306 2792 nulli
337 2753 582 2806 obligationi
613 2754 730 2802 desit,
760 2755 814 2793 ad
844 2754 884 2793 id
915 2755 1022 2806 quod
1054 2753 1280 2806 perfectius
1301 2760 1363 2793 est
1383 2752 1674 2805 adstringitur;
1701 2758 1786 2792 tum

208 2819 332 2860 etiam
364 2820 459 2872 quia
488 2818 671 2859 societas
691 2820 975 2871 operosiorem
996 2819 1149 2858 civium
1168 2832 1419 2858 concursum
1442 2818 1684 2865 honoribus,
1708 2817 1786 2857 sti—

208 2886 372 2939 pendiis
388 2886 563 2938 aliisque
581 2885 776 2937 praemiis
794 2891 1095 2932 remuneratur,
1113 2884 1262 2936 quibus
1281 2884 1348 2923 ille
1366 2884 1542 2924 libenter
1558 2883 1785 2931 renuntiat,
