1970 3203
469 221 617 247 CAPUT.
648 221 670 246 Ι.
700 220 753 246 DE
782 220 879 247 IURE
908 220 960 246 ΕΤ
991 217 1149 245 OFFlclo
1180 216 1429 245 GENERATIM
1641 204 1693 243 12

155 298 284 338 libero
315 296 510 336 virtutum
540 294 751 342 exercitio,
780 295 853 334 sed
883 297 996 334 omni
1019 295 1141 346 plane
1169 306 1331 332 morum
1362 291 1572 332 honestati
1601 291 1719 330 vale-

153 361 370 402 dicendum
400 369 524 401 esset.
556 361 603 399 In
632 359 843 411 praesenti
865 359 972 398 enim
997 358 1107 398 vitae
1127 364 1237 398 statu
1268 357 1449 410 (adiecta
1470 356 1719 409 praesertim

150 425 430 478 improborum
460 423 674 463 hominum
704 423 877 475 malitia)
899 424 985 464 fere
1011 422 1267 473 impossibile
1289 433 1352 462 est
1373 421 1535 461 virtutis
1552 420 1720 461 exerci-

151 488 263 536 tium,
292 487 382 527 sine
412 486 614 527 societate
643 486 938 526 nonnullorum
967 486 1182 525 malorum.
1205 487 1352 525 Restat
1371 484 1498 537 igitur
1527 489 1722 524 extrema

155 559 194 593 et
222 553 364 605 gravis
393 551 639 600 necessitas;
661 564 768 604 quae
798 551 962 604 quidem
984 550 1148 602 pondus
1174 551 1329 590 habent
1350 550 1722 602 apudprudentem

153 629 356 668 quemque
377 621 416 655 et
436 615 601 663 bonum,
624 621 746 666 atque
767 614 861 653 ideo
883 626 1090 654 excusare
1109 613 1354 665 quandoque
1375 614 1426 652 ab
1456 612 1594 653 officio
1615 625 1724 664 pos—

153 687 261 728 sunt,
291 680 451 732 quoties
480 679 521 719 id
551 685 702 719 natura
730 678 913 732 patiatur
943 677 1083 726 officii,
1112 678 1223 729 quod
1250 678 1293 717 in
1340 679 1562 718 discrimen
1591 678 1725 717 addu-

161 744 277 784 citur.
309 744 355 782 Id
385 743 510 795 igitur
537 743 700 795 quando
730 743 915 783 obtineat
944 741 1165 781 videndum
1197 748 1270 781 est.

209 811 271 848 25.
303 808 512 857 Quodnam
543 820 594 848 ex
624 809 770 849 officiis
798 809 959 860 patitur
988 808 1234 859 quandoque
1269 809 1594 848 excusationem.
1619 809 1724 848 Offi-

159 874 267 914 cium
280 875 442 925 proprie
463 880 694 926 acceptum,
718 874 825 925 quod
848 887 989 913 veram
1011 874 1305 926 obligationem
1326 874 1533 925 importat,
1555 878 1598 911 ut
1618 874 1725 925 quis-

160 952 239 992 que
268 939 379 978 videt
399 971 408 987 ‚
440 951 535 978 esse
567 945 701 990 potest
730 944 803 978 aut
831 939 1080 987 essentiale,
1110 944 1182 978 aut
1210 939 1500 978 adventitiam.
1533 938 1726 977 Officium

160 1004 382 1045 essentiale
403 1004 445 1043 in
467 1005 723 1044 necessariis
743 1018 881 1044 rerum
902 1004 1172 1045 relationibus
1192 1004 1426 1052 fundantur,
1448 1011 1571 1057 atque
1589 1018 1614 1043 a
1634 1005 1726 1056 lege

159 1070 339 1110 naturali
367 1070 590 1121 imponitur
618 1082 691 1121 per
719 1069 883 1108 iussum
918 1075 990 1108 aut
1019 1069 1349 1121 prohibitionem.
1380 1070 1422 1108 Si
1454 1069 1730 1120 proficiscitur

163 1150 189 1175 a
216 1137 309 1188 lege
339 1135 520 1176 naturali
551 1134 704 1187 aliquid
734 1134 915 1183 iubente,
948 1134 1095 1175 dicitur
1118 1135 1454 1187 asfirmatioum;
1485 1136 1519 1174 si
1549 1141 1731 1176 autema

162 1201 255 1252 lege
284 1199 467 1240 naturali
496 1199 650 1252 aliquid
680 1206 857 1249 vetante,
888 1200 1038 1239 dicitur
1059 1200 1316 1252 negativum.
1349 1202 1540 1239 Iamvero
1562 1214 1587 1239 a
1606 1213 1731 1252 nega-

162 1267 244 1306 tivo
268 1266 406 1306 officio
437 1267 644 1306 servando
661 1267 774 1305 nulla
794 1268 1039 1314 necessitas,
1060 1272 1283 1318 utcumque
1305 1273 1502 1314 extrema,
1524 1279 1729 1307 excusare

163 1337 310 1382 potest.
342 1331 461 1377 Quod
491 1330 599 1370 enim
629 1332 697 1371 lex
727 1331 929 1371 naturalis
959 1337 1084 1379 vetat,
1114 1332 1268 1370 malum
1297 1332 1452 1371 morale
1482 1345 1554 1383 per
1585 1345 1630 1371 se
1651 1337 1726 1379 est;

161 1396 283 1448 idque
312 1409 524 1448 nunquam
554 1402 718 1448 patrare
746 1396 854 1445 licet,
885 1398 1172 1449 quodcumque
1201 1398 1355 1436 malum
1385 1397 1608 1437 immineat.
1640 1398 1730 1437 Nec

164 1473 264 1499 vero
293 1460 402 1498 ullae
431 1459 769 1499 circumstantiae
798 1460 990 1500 accidere
1019 1467 1204 1512 possunt,
1235 1473 1340 1512 quae
1361 1467 1554 1499 naturam
1584 1473 1724 1500 rerum

164 1525 381 1563 immutent
408 1529 449 1563 et
481 1523 637 1563 licitum
659 1524 837 1564 reddant
857 1524 965 1576 quod
985 1524 1168 1564 essentia
1188 1537 1265 1563 sua
1280 1530 1397 1575 turpe
1427 1531 1468 1563 et
1488 1524 1729 1563 indecorum

166 1594 241 1628 est.
272 1589 394 1629 Unde
424 1588 505 1627 hac
534 1589 577 1626 in
606 1601 651 1627 re
679 1588 744 1628 ius
771 1589 1036 1629 necessitatis
1080 1589 1162 1628 vim
1191 1590 1347 1629 nullam
1377 1589 1527 1636 habet;
1557 1601 1608 1627 ac
1638 1588 1727 1629 sine

167 1651 453 1692 controversia
483 1651 592 1703 quod
619 1665 646 1690 a
675 1651 831 1691 iustitia
860 1659 900 1692 et
928 1654 1147 1692 honestate
1178 1653 1322 1701 deficit,
1343 1653 1457 1693 reiici
1487 1658 1729 1692 constanter

168 1718 300 1766 debet,
330 1729 615 1769 quaecumque
645 1716 726 1756 sint
746 1717 1010 1759 consectaria
1029 1731 1136 1770 quae
1166 1719 1371 1766 timentur,
1403 1724 1473 1757 aut
1502 1717 1640 1756 minae
1659 1718 1729 1756 ho-

170 1784 326 1824 minum
355 1796 486 1835 prava
510 1782 749 1823 iubentium.
780 1784 981 1836 Apposite
1011 1784 1249 1824 Iuvenalis:

484 1942 490 1947 .
515 1940 521 1947 .
544 1916 743 1957 Ambiguae
767 1916 796 1949 si
820 1918 961 1957 quando
986 1918 1141 1950 citabere
1163 1917 1268 1949 testis

456 1971 689 2011 Incertaeque
713 1971 773 2009 rei,
796 1972 958 2004 Phalaris
982 1972 1063 2004 licet
1086 1972 1235 2013 imperet
1260 1974 1297 2003 ut
1321 1972 1372 2003 Sis

457 2024 598 2061 Falsus,
622 2027 656 2056 et
680 2025 827 2058 admoto
852 2025 968 2058 iubeat
992 2026 1145 2067 periuria
1167 2029 1293 2063 tauro3

458 2078 643 2109 Summum
667 2078 773 2109 crede
795 2077 895 2109 nefas
919 2078 1069 2109 animam
1092 2079 1276 2119 praeferre
1299 2077 1437 2118 pudori,

458 2129 502 2160 Et
525 2131 676 2170 propter
699 2128 805 2160 vitam
830 2129 965 2161 vivendi
988 2130 1140 2170 perdere
1164 2139 1311 2161 causam
1336 2129 1395 2169 (1).

227 2249 275 2286 In
303 2248 384 2287 hoc
415 2260 541 2287 sensu
572 2247 649 2286 dici
669 2248 799 2287 solet:
829 2247 934 2286 Fiat
953 2247 1117 2286 iustitia
1138 2250 1177 2286 et
1190 2249 1344 2299 pereat
1369 2246 1553 2285 mundus
1569 2260 1584 2291 ‚·
1617 2245 1736 2293 idest;

177 2312 411 2362 Numquam
440 2310 548 2362 quod
576 2310 759 2363 iniquum
789 2317 852 2350 est
879 2315 1076 2362 patretur,
1107 2310 1268 2349 etiamsi
1296 2316 1405 2350 totus
1427 2309 1604 2348 mundus
1624 2308 1737 2360 peri-

177 2376 352 2416 clitetur.

229 2439 349 2486 Quod
378 2439 413 2477 si
444 2438 625 2478 officium
642 2439 693 2479 sit
709 2439 1015 2488 affirmativum,
1033 2453 1107 2480 seu
1124 2440 1158 2479 si
1175 2453 1201 2478 a
1216 2441 1308 2491 lege
1329 2440 1496 2488 oriatur,
1527 2452 1633 2486 quae
1653 2451 1737 2477 non

178 2502 448 2542 omissionem
476 2502 710 2554 flagitiosae
741 2504 930 2552 actionis,
951 2505 1025 2543 sed
1053 2504 1300 2555 positionem
1328 2503 1505 2542 actionis
1534 2504 1737 2542 honestae

182 2566 437 2618 praecipiat3
468 2573 568 2607 tunc
588 2566 791 2606 beneficio
811 2566 1076 2606 necessitatis
1096 2567 1152 2606 uti
1173 2567 1297 2606 homo
1319 2573 1465 2618 potest,
1496 2572 1538 2605 ut
1558 2566 1609 2605 ab
1632 2565 1742 2604 obli-

180 2633 348 2684 gatione
368 2632 575 2681 liberetur,
596 2640 668 2673 aut
687 2633 729 2671 in
748 2639 910 2684 tempus
930 2633 1042 2672 aliud
1062 2633 1268 2672 actionem
1291 2633 1461 2672 differat.
1487 2634 1594 2672 Nam
1616 2643 1742 2683 prae-

181 2698 388 2738 termissio
417 2698 593 2738 actionis
622 2698 825 2738 honestae
856 2699 967 2737 mala
995 2711 1078 2737 non
1109 2704 1182 2747 est,
1213 2698 1292 2738 nisi
1325 2698 1488 2750 quando
1520 2711 1613 2737 earn
1643 2702 1742 2736 actu

160 2803 162 2806 .
187 2773 383 2802 exercere
411 2762 536 2802 homo
567 2768 742 2802 tenetur.
772 2763 861 2802 Lex
895 2766 1032 2802 autem
1062 2761 1242 2814 positiva
1269 2762 1380 2802 iubet
1409 2767 1452 2800 ut
1489 2774 1556 2800 res
1586 2761 1670 2807 fiat,
1700 2764 1741 2798 at

230 2889 279 2930 (1)
304 2890 541 2933 Satyrarum,
563 2893 654 2925 VIII.
