1970 3203
218 241 354 268 CAPUT
381 240 418 266 11.
440 239 494 265 DE
524 239 789 266 OPERATIONE
811 241 989 267 HUMANA
1011 240 1152 267 PROUT
1173 240 1416 269 ORDINATUR
1437 243 1476 269 IN
1497 243 1624 270 FINEM
1668 232 1716 272 71

137 322 270 372 Atque
298 319 378 358 hae
408 318 571 370 quidem
601 318 822 370 passiones
852 320 1124 360 elementares
1155 327 1194 359 et
1224 320 1457 371 primitivae
1495 322 1719 364 habentur.

137 385 200 423 Ex
215 383 364 422 harum
386 395 485 422 vero
501 382 714 434 multiplici
728 382 938 422 iunctione
955 383 1062 423 aliae
1079 391 1308 424 nascuntur
1325 385 1545 437 passiones
1564 399 1713 426 secun-

135 448 286 495 dariae,
308 459 412 499 quas
432 446 586 487 mixtas
606 447 816 498 appellare
836 447 942 486 licet.
967 448 1214 488 Huiusmodi
1236 456 1387 496 essent,
1409 449 1588 498 invidia,
1607 464 1719 489 com*

134 512 365 559 miser-atio,
386 511 537 564 pudor,
554 519 594 551 et
610 511 771 561 similia;
794 526 899 564 quae
919 524 1002 551 non
1020 525 1071 552 ex
1088 514 1178 552 sola
1198 514 1471 556 sensibilitate
1492 517 1711 568 pullulant,

133 576 207 616 sed
236 590 288 616 ex
315 576 619 616 interventione
651 583 690 616 et
718 589 929 616 concursu
959 576 1087 627 partis
1118 578 1243 617 etiam
1273 579 1502 620 rationalis.
1536 582 1624 620 Iam
1657 580 1712 620 sa-

134 643 210 682 cile
237 642 480 694 intelligitur
509 642 658 682 horum
688 642 869 682 omnium
908 643 1133 682 affectuum
1164 642 1477 685 fundamentum
1526 647 1704 699 primum

137 720 229 748 esse
258 719 455 754 amorem,
485 707 552 759 qui
582 706 732 747 ceteris
753 707 1100 759 praesupponitur
1122 721 1276 760 eosque
1293 711 1417 750 veluti
1439 713 1617 763 quadam
1640 713 1703 752 sui

138 770 502 825 transformatione
531 771 741 824 progignit
768 774 840 821 (1).

191 838 252 877 71.
273 838 448 878 Errores
465 837 556 877 duo.
570 836 885 877 Discutiendum
899 838 1019 877 modo
1037 846 1099 878 est
1115 852 1339 890 quamnam
1355 841 1600 882 relationem
1617 856 1712 882 cum

137 901 370 940 moralitate
392 901 608 952 passiones
629 901 845 950 retineant,
867 915 943 941 seu
962 915 1016 940 an
1039 902 1264 942 bonitatem
1294 903 1475 955 aliquam
1507 905 1570 944 vel
1593 907 1716 946 mali-

139 965 238 1004 tiam
259 979 332 1017 per
362 978 407 1005 se
428 967 616 1006 afferant.
639 966 733 1005 Fuit
766 967 876 1006 enim
905 967 1138 1006 Stoicorum
1161 967 1298 1019 opinio
1319 968 1540 1019 passiones
1574 983 1648 1021 per
1668 985 1714 1010 se

138 1030 271 1069 malas
292 1043 386 1070 esse
408 1038 447 1070 et
462 1043 633 1082 prorsus
652 1031 937 1079 eliminandas,
961 1032 1067 1071 unde
1089 1037 1254 1069 ἀπαθεὶαυ
1283 1046 1357 1072 seu
1379 1033 1621 1084 passionum
1646 1049 1719 1075 ca-

136 1095 312 1134 rentiam
332 1096 375 1135 in
395 1096 582 1147 sapiente
602 1097 866 1148 requirebant
887 1098 958 1147 (2).
982 1097 1149 1145 Contra,
1174 1098 1356 1146 Fourier,
1373 1099 1530 1150 ῃαίίίοί
1556 1101 1715 1140 Socia-

139 1159 252 1198 lt‘smi
272 1159 418 1208 fautor,
448 1159 491 1198 in
512 1173 588 1200 suo
611 1160 711 1200 libro
733 1174 852 1213 quem
875 1161 925 1200 de
952 1162 1285 1210 Consociatc'one,
1309 1163 1366 1202 ad
1385 1162 1571 1211 domum,
1596 1164 1718 1204 indu-

137 1224 290 1263 striam
311 1228 352 1263 et
372 1224 690 1276 agriculturam
709 1228 923 1277 spectante
939 1225 1162 1277 inscripsit;
1187 1226 1308 1266 docet
1329 1226 1550 1278 passiones
1572 1240 1644 1278 per
1669 1241 1715 1267 se

138 1287 346 1340 legitimas
362 1301 455 1328 esse
477 1297 516 1328 et
536 1289 680 1335 bonas,
702 1295 825 1340 atque
846 1289 898 1327 ad
924 1289 1001 1328 sibi
1023 1289 1394 1341 obtemperandum
1426 1290 1618 1330 homines
1649 1292 1715 1331 ob-

138 1353 282 1405 ligare.
313 1354 570 1394 Felicitatem
600 1367 699 1394 vero
729 1355 770 1392 in
801 1355 881 1393 hoc
913 1355 1156 1402 consistere,
1178 1357 1285 1408 quod
1316 1358 1470 1396 multae
1490 1357 1712 1409 passiones

139 1416 375 1456 habeantur
407 1425 446 1457 et
475 1418 605 1456 multa
635 1417 772 1457 media
803 1418 856 1456 ad
887 1418 1056 1457 easdem
1088 1419 1316 1470 explendas
1350 1422 1422 1471 (3).

140 1611 334 1643 rationem.
359 1614 408 1643 At
431 1611 617 1643 admiratio
640 1621 708 1643 non
743 1621 787 1643 ex
811 1612 967 1644 novitate
991 1613 1040 1644 rei
1068 1613 1275 1654 simpliciter
1301 1617 1458 1656 sumpta,
1482 1616 1547 1647 sed
1572 1625 1617 1647 ex
1642 1615 1717 1647 eius

138 1665 285 1697 raritate
309 1668 344 1697 et
366 1665 554 1697 insolentia
576 1665 762 1698 enascitur.
789 1666 906 1701 Quare
929 1666 996 1697 iam
1022 1666 1188 1699 sahaudit
1205 1667 1294 1699 alias
1308 1668 1560 1709 perceptiones
1585 1679 1718 1704 rerum,

140 1728 291 1762 quarum
314 1723 488 1751 consueto
512 1719 631 1751 cursui
654 1720 689 1751 et
714 1719 826 1751 ordini
850 1721 1064 1752 adversetur
1089 1721 1272 1761 repentina
1298 1721 1358 1753 illa
1385 1723 1580 1763 apparitio,
1606 1732 1712 1763 quam

140 1778 314 1809 miramur.
342 1773 515 1811 Quoniam
531 1782 617 1804 vero
642 1773 732 1805 ordo
763 1774 957 1805 affectuum
985 1775 1183 1814 respondet
1207 1775 1318 1807 ordini
1343 1776 1572 1817 cognitionis,·
1597 1777 1718 1809 claris-

140 1830 227 1863 sime
243 1830 343 1870 patet
359 1825 627 1859 admirationem
644 1835 727 1857 esse
740 1835 808 1857 non
823 1834 936 1866 posse
953 1825 1104 1866 primum
1118 1827 1293 1858 affectum.
1310 1828 1512 1865 Praeterea,
1532 1829 1719 1861 admiratio

140 1887 196 1917 est
213 1884 365 1917 affectus
381 1879 574 1917 rationalis,
590 1889 658 1911 non
675 1879 858 1912 sensibilis.
876 1880 997 1912 Oritur
1014 1880 1103 1912 enim
1120 1890 1164 1912 ex
1181 1881 1466 1922 apprehensione
1488 1883 1601 1915 eventi
1618 1884 1718 1916 cuius

141 1948 252 1972 causa
266 1946 333 1969 nos
349 1936 468 1968 lateat.
483 1935 582 1967 Unde
596 1934 744 1974 requirit
768 1937 806 1966 ut
828 1944 899 1972 res,
910 1935 1005 1966 circa
1021 1944 1128 1974 quam
1146 1938 1323 1973 versatur,
1341 1936 1562 1978 concipiatur
1578 1940 1616 1969 ut
1635 1938 1720 1970 effe-

141 1994 231 2028 ctus,
245 1989 289 2021 de
303 1997 374 2028 quo
391 1986 630 2027 intelligamus
644 1995 727 2018 esse
741 1986 883 2026 quidem
900 1986 1054 2026 aliquam
1068 1996 1225 2024 causam,
1243 1987 1310 2018 sed
1335 1987 1451 2027 qualis
1477 1998 1519 2019 ea
1550 1989 1595 2020 sit
1620 1988 1719 2029 igno-

140 2050 272 2074 remus.
289 2042 337 2071 At
359 2048 445 2070 vero
461 2047 536 2070 rem
561 2037 748 2078 concipere
772 2040 810 2070 ut
834 2039 1003 2070 effectum
1028 2039 1121 2070 etad
1139 2048 1284 2070 causam
1309 2039 1548 2079 detegendam
1560 2041 1719 2079 tendere,

139 2093 286 2126 rationis
300 2094 356 2124 est
371 2100 440 2123 non
457 2099 638 2122 sensuum.
661 2090 758 2130 Ergo
783 2090 966 2122 Cartesius
983 2090 1014 2121 in
1030 2091 1097 2122 hac
1113 2090 1360 2122 controversia
1373 2093 1507 2123 statum
1533 2092 1715 2132 quaestio-

142 2145 196 2177 nis
219 2144 275 2176 vel
300 2146 429 2184 sponte
453 2142 618 2182 migravit
631 2142 687 2173 vel
712 2141 842 2174 invitus
865 2151 934 2174 non
958 2142 1142 2175 intellexit.

185 2198 235 2239 (1)
260 2197 377 2229 Multa
398 2195 620 2238 passionum,
644 2205 735 2236 quas
758 2195 1015 2234 recensuimus,
1038 2196 1187 2235 nomina,
1209 2200 1360 2238 propter
1384 2197 1586 2238 analogiam
1602 2199 1717 2231 notio-

142 2249 194 2282 nis
218 2251 253 2281 et
274 2248 415 2288 linguae
452 2248 644 2289 penuriam,
668 2250 889 2288 usurpantur
912 2247 1017 2279 etiam
1041 2248 1087 2280 ad
1117 2248 1322 2281 consimiles
1346 2250 1497 2281 affectus
1521 2249 1717 2281 voluntatis

144 2303 408 2345 exprimendos.
433 2303 492 2335 Sic
515 2311 616 2334 amor
639 2301 934 2343 complacentiam
958 2301 1061 2334 etiam
1092 2302 1268 2343 significat
1289 2306 1324 2335 et
1347 2303 1599 2335 adhaesionem
1617 2304 1717 2335 animi

142 2358 188 2390 ad
211 2358 341 2389 bonum
365 2356 551 2394 rationale;
577 2358 612 2387 et
635 2366 715 2388 eum
737 2355 821 2387 ferri
845 2356 964 2397 possit
988 2356 1043 2388 vel
1067 2355 1098 2388 in
1121 2366 1316 2397 personam
1333 2357 1485 2397 aliquam
1509 2360 1661 2398 propter
1678 2366 1716 2389 se

141 2411 317 2447 dilectam,
340 2409 395 2441 vel
420 2409 452 2440 in
472 2418 549 2441 rem
570 2412 722 2450 propter
743 2418 810 2442 nos
834 2409 1041 2450 appetitam,
1064 2410 1168 2442 dividi
1192 2410 1287 2443 solet
1309 2411 1341 2443 in
1364 2420 1522 2443 amorem
1539 2411 1710 2444 amicitiae

146 2468 181 2497 et
203 2473 362 2496 amorem
390 2463 708 2504 concupiscentiae.

184 2518 233 2559 (2)
259 2517 350 2549 Vide
374 2518 574 2555 LAERTIUM‚
597 2516 653 2548 lib.
677 2518 703 2548 1.

180 2572 230 2612 (3)
255 2572 346 2604 Vide
370 2570 508 2604 Etztcles
531 2581 597 2604 sur
622 2571 675 2603 les
711 2571 988 2612 re’sormateurs
1025 2573 1329 2615 contemporccins
1358 2577 1423 2607 etc.
1440 2584 1518 2617 par
1539 2575 1585 2606 M.
1612 2576 1718 2607 Louis

140 2627 304 2659 REIBAUD
