1970 3203
213 217 265 257 76
909 231 1130 258 ETHICA

785 381 1256 422 PROPOSITIONES.

254 513 582 553 78.PROPOSIT10
596 512 800 553 1³.Homo
815 515 872 554 ad
882 516 1069 568 perfecte
1082 515 1348 568 operandum
1366 514 1529 567 indiyet
1543 512 1785 553 virtutibus.

258 578 379 618 Prob.
407 580 463 619 Ut
492 579 619 619 homo
649 580 832 632 perfecte
860 594 905 620 se
936 581 1089 621 habeat
1118 588 1312 634 respectu
1342 581 1598 633 operationis
1627 584 1781 625 rectae,

203 643 260 682 ita
289 642 331 681 in
361 656 407 682 se
438 643 601 695 disponi
633 644 765 693 debet,
796 651 840 684 ut
868 646 982 684 illam
1011 651 1206 685 exerceat
1234 651 1496 693 constanter,
1525 650 1712 698 prompte
1746 649 1786 683 et

204 706 517 746 delectabiliter.
550 708 642 747 Hae
672 721 773 748 vero
805 709 1080 761 proprietates
1102 723 1186 749 non
1216 710 1467 758 obtinentur,
1497 709 1576 748 nisi
1607 721 1680 761 per
1703 708 1784 747 ha-

205 769 346 818 bitum;
377 780 417 809 et
447 771 627 820 habitus,
660 772 767 812 bene
797 772 1024 825 disponens
1054 774 1107 813 ad
1136 774 1359 815 honestam
1391 773 1687 825 operationem,
1720 771 1784 811 di—

205 835 312 875 citur
328 835 470 876 virtus.
494 838 605 888 Ergo
628 837 758 877 virtus
780 839 1024 879 necessaria
1044 840 1202 879 homini
1225 845 1288 879 est
1314 840 1367 879 ad
1398 839 1579 892 perfecte
1602 851 1782 890 operan-

206 903 314 941 dum.
337 903 539 955 Apposite
563 905 601 942 S.
628 904 823 944 Thomas:
849 919 868 942 «
893 905 1115 946 Habitibus
1139 906 1335 946 virtutum
1357 906 1411 945 ad
1438 906 1516 945 tria
1536 905 1787 958 indigemus.
1843 948 1845 950 ,

208 966 345 1006 Primo
369 999 376 1014 ‚
409 974 452 1007 ut
482 968 534 1007 sit
565 968 828 1009 uniformitas
857 970 898 1009 in
930 969 1187 1021 operatione.
1220 971 1283 1009 Ea
1312 971 1422 1010 enim
1443 1002 1452 1019 ,
1481 982 1587 1022 quae
1612 982 1664 1009 ex
1694 968 1787 1007 sola

205 1033 447 1085 operatione
479 1033 724 1086 dependent,
747 1034 873 1075 facile
902 1036 1173 1075 immutantur
1191 1068 1200 1084 ‚
1231 1036 1313 1075 nisi
1343 1036 1574 1076 secundum
1604 1035 1788 1086 aliquam

203 1096 517 1137 inclinationem
538 1098 794 1139 habitualem
811 1099 965 1140 fuerint
986 1099 1178 1140 stabilita.
1198 1100 1404 1148 Secundo,
1427 1106 1470 1138 ut
1491 1098 1676 1152 operatio
1701 1110 1789 1148 per-

204 1160 315 1200 fecta
333 1161 375 1199 in
393 1168 586 1213 promptu
605 1162 820 1203 habeatur.
839 1163 928 1203 Nisi
945 1163 1053 1203 enim
1072 1163 1256 1216 potentia
1277 1163 1495 1204 rationalis
1511 1176 1583 1216 per
1599 1161 1786 1201 habitum

202 1226 339 1278 aliquo
361 1227 483 1267 modo
515 1228 748 1276 inclinetur,
781 1230 834 1268 ad
867 1243 1005 1277 unum,
1034 1229 1239 1281 oportebit
1274 1243 1450 1282 semper,
1482 1243 1577 1269 cum
1606 1240 1783 1268 necesse

201 1292 323 1333 suerit
352 1294 527 1345 operari,
550 1295 801 1346 praecedere
831 1296 1141 1348 inquisitionem
1169 1295 1219 1336 de
1249 1296 1502 1348 operatione3
1534 1295 1642 1334 sicut
1670 1300 1785 1346 patet

203 1359 254 1399 de
283 1372 331 1399 eo
362 1360 429 1412 qui
454 1361 541 1399 vult
571 1361 854 1408 considerare,
886 1362 1073 1402 nondum
1097 1362 1259 1402 habens
1289 1362 1492 1403 scientiae
1522 1361 1723 1408 habitum,
1747 1363 1787 1398 et

202 1426 270 1477 qui
300 1427 388 1466 vult
418 1427 649 1466 secundum
681 1428 875 1468 virtutem
903 1429 1069 1479 operari
1099 1428 1246 1468 habitu
1273 1428 1435 1467 virtutis
1465 1440 1629 1467 carens.
1662 1425 1786 1466 Unde

203 1491 485 1544 Philosophus
517 1493 614 1532 dicit
643 1492 685 1531 in
707 1494 742 1532 3.
767 1494 1012 1533 Ethicorum
1034 1495 1150 1546 quod
1174 1494 1397 1547 repentina
1425 1495 1525 1533 sunt
1546 1493 1596 1532 ab
1618 1491 1777 1531 habita.

203 1557 357 1606 Tertio,
378 1564 419 1597 ut
440 1558 742 1599 delectabiliter
770 1560 955 1611 perfecta
976 1560 1162 1611 operatio
1184 1561 1453 1611 compleatur,
1476 1559 1584 1612 quod
1615 1558 1779 1611 quidem

200 1622 246 1661 fit
275 1635 347 1674 per
377 1622 575 1662 habitum.
601 1623 691 1671 Qui,
724 1636 820 1662 cum
851 1623 903 1662 sit
923 1637 996 1675 per
1016 1624 1183 1663 modum
1215 1624 1432 1663 cuiusdam
1463 1630 1652 1669 naturae,
1675 1633 1776 1672 ope-

199 1688 403 1727 rationem
427 1688 505 1727 sibi
526 1688 736 1741 propriam
768 1689 887 1741 quasi
909 1690 1143 1728 naturalem
1173 1689 1318 1737 reddit,
1350 1696 1390 1729 et
1411 1702 1485 1741 per
1515 1699 1778 1740 consequens

201 1753 503 1793 delectabilem.
527 1755 635 1793 Nam
658 1754 955 1794 convenientia
975 1762 1037 1794 est
1059 1754 1347 1795 delectationis
1377 1768 1519 1794 causa.
1542 1753 1664 1795 Unde
1686 1753 1780 1792 Phi-

201 1819 402 1871 losophus
432 1819 473 1857 in
504 1821 539 1858 2.
572 1820 815 1859 Ethicorum
844 1820 959 1872 ponit
990 1820 1158 1873 signum
1188 1821 1356 1861 habitus
1386 1820 1703 1860 delectationem
1737 1818 1780 1857 in

199 1898 324 1937 opere
357 1885 608 1925 existentem
636 1887 711 1937 (1).
736 1902 756 1924 »

251 1951 314 1990 79.
347 1952 603 1992 PRoposITxo
634 1953 678 1992 2³
719 1954 909 1994 Virtutes
941 1955 1209 1994 natarali-ter·
1239 1968 1324 1994 non
1355 1954 1658 2007 acquiruntur,
1693 1954 1782 1993 nisi

196 2028 276 2067 per
293 2017 598 2067 frequentiam
629 2020 814 2057 actuum.

251 2078 374 2117 Prob.
397 2079 539 2119 Virtus
552 2085 614 2120 est
631 2081 797 2121 habitus
807 2081 986 2134 quidam,
999 2095 1073 2122 seu
1090 2082 1311 2134 propensio
1321 2089 1523 2122 constans
1539 2082 1593 2121 ad
1605 2082 1772 2122 eosdem

198 2148 318 2180 actus
345 2143 652 2193 producendos,
675 2144 861 2184 facultati
883 2147 1161 2198 superaddita.
1185 2148 1264 2186 Sed
1282 2146 1503 2198 propensio
1523 2146 1772 2195 huiusmodi,

198 2205 386 2244 humana
401 2205 607 2246 industria
624 2215 663 2248 et
679 2209 791 2249 intra
811 2216 988 2249 naturae
1004 2211 1206 2256 ordinem,
1222 2224 1306 2251 non
1323 2211 1441 2251 aliter
1453 2210 1686 2262 comparari
1703 2223 1770 2262 po-

198 2277 290 2319 test,
308 2272 387 2311 nisi
406 2273 652 2323 repetitione
673 2282 852 2323 actuum;
872 2277 933 2315 sic
950 2277 1059 2316 enim
1078 2277 1255 2317 facultas
1275 2277 1543 2317 inflexionem
1561 2276 1771 2328 quandam

198 2335 409 2374 contrahit
430 2342 470 2375 et
491 2337 608 2388 quasi
634 2338 1022 2379 determinationem
1044 2340 1096 2378 ad
1117 2353 1255 2379 unum.
1279 2342 1403 2393 Ergo,
1421 2340 1588 2380 nonnisi
1608 2340 1771 2381 actibus

196 2401 399 2442 iterandis
411 2403 583 2442 virtutes
601 2405 826 2444 naturalite
842 2405 1146 2458 racquiruntur.
1161 2408 1307 2446 Denuo
1325 2408 1365 2446 S.
1378 2407 1575 2447 Thomas.
1601 2422 1621 2445 «
1637 2408 1776 2447 Scien-

199 2465 296 2504 dum
315 2472 389 2513 est,
407 2467 517 2518 quod
537 2467 754 2507 inclinatio
777 2481 913 2507 rerum
933 2471 1186 2509 naturalium
1208 2471 1474 2523 consequitur
1503 2471 1691 2511 sormam.
1724 2472 1776 2510 Et

195 2533 289 2572 ideo
311 2540 372 2572 est
394 2533 445 2571 ad
468 2547 608 2582 unum,
627 2535 857 2574 secundum
879 2536 1132 2589 exigentiam
1156 2536 1325 2585 formae;
1343 2551 1425 2590 qua
1445 2543 1699 2584 remanente,
1717 2537 1773 2576 in-

196 2596 365 2636 clinatio
385 2596 469 2636 tolli
486 2609 567 2635 non
586 2604 733 2649 potest,
754 2612 832 2638 nec
849 2600 1061 2639 contraria
1080 2600 1232 2640 induci.
1255 2602 1305 2640 Et
1325 2607 1491 2653 propter
1511 2601 1592 2640 hoc
1612 2614 1680 2640 res
1705 2614 1774 2640 na-

194 2663 351 2701 turales
364 2675 497 2715 neque
515 2671 767 2704 assuescunt
780 2665 831 2704 ad
844 2665 1159 2719 aliquod‚neque
1177 2667 1772 2714 desuescunt.Quantum0um-

193 2739 272 2778 que
289 2726 398 2766 enim
417 2727 523 2778 lapis
541 2741 707 2767 sursum
721 2729 1119 2783 seratur‚numquam
1132 2732 1186 2770 ad
1200 2732 1281 2771 hoc
1297 2732 1597 2780 assuescit,sed
1609 2744 1774 2784 semper

194 2792 419 2832 inclinatur
437 2794 489 2832 ad
507 2801 663 2834 motum
687 2796 893 2836 deorsum.
918 2798 999 2837 Sed
1020 2810 1081 2845 ea,
1103 2811 1208 2850 quae
1228 2804 1325 2838 sunt
1345 2798 1398 2837 ad
1414 2798 1664 2847 utrumlibet,
1687 2811 1772 2839 non

241 2934 291 2974 (1)
321 2933 381 2976 Qq.
406 2933 507 2976 Dis-p.
534 2934 709 2970 Quaestio
734 2935 787 2967 De
812 2935 1010 2967 virtutihus
1033 2935 1068 2968 in
1096 2935 1292 2975 communi,
1315 2947 1336 2968 a
1360 2938 1385 2968 1.
