1970 3203
196 192 250 236 60
879 209 1100 236 ETHlCA

196 287 309 321 crete
340 287 552 334 spectata,
583 281 775 322 bonitate
805 287 877 321 aut
906 281 1063 322 malitia
1092 283 1261 323 omnino
1291 283 1494 325 viduetur.
1523 284 1590 324 Ad
1618 296 1707 324 rem
1738 284 1780 323 S.

198 347 408 388 Thomas:
430 363 449 386 «
467 348 640 400 Oportet
663 348 773 400 quod
793 348 962 400 quilibet
980 348 1247 389 individualis
1268 356 1388 390 actus
1417 350 1572 391 habeat
1592 350 1779 404 aliquam

195 413 569 462 circumstantiam,
602 427 689 466 per·
708 427 832 466 quam
862 415 1130 467 pertrahatur
1157 416 1211 455 ad
1241 416 1395 455 bonum
1424 417 1489 456 vel
1519 418 1695 466 malum,
1727 418 1781 458 ad

194 477 332 517 minus
362 492 415 518 ex
445 491 562 530 parte
594 478 841 519 intentionis
868 479 976 519 finis.
1001 480 1104 518 Cum
1125 480 1235 519 enim
1265 479 1440 520 rationis
1469 480 1523 520 sit
1550 481 1744 521 ordinare
1767 495 1777 530 ;

193 550 327 592 actus,
346 558 372 584 a
393 544 664 585 deliberativa
680 545 841 585 ratione
862 545 1109 598 procedens,
1125 546 1159 585 si
1181 559 1265 586 non
1287 546 1340 586 sit
1369 546 1422 585 ad
1443 546 1626 587 debitum
1648 548 1776 587 finem

194 612 420 659 ordinatus,
452 625 505 651 ex
531 611 612 651 hoc
643 611 735 664 ipso
764 619 972 664 repugnat
1002 611 1175 659 rationi,
1206 617 1246 652 et
1265 612 1392 652 habet
1424 612 1627 653 rationem
1658 613 1777 654 mali:

195 677 229 715 si
261 690 360 716 vero
392 676 607 716 ordinatur
636 677 689 716 ad
712 676 893 716 debitum
912 677 1049 724 finem,
1073 676 1268 716 convenit
1288 677 1422 717 ordini
1443 677 1632 726 rationis,
1667 678 1780 718 unde

196 744 323 783 habet
352 742 565 784 rationem
598 740 704 782 boni.
736 744 921 782 Necesse
952 749 1015 782 est
1047 747 1187 782 autem
1217 743 1327 795 quod
1357 743 1423 783 vel
1461 743 1674 784 ordinatur
1712 745 1779 784 vel

198 824 281 850 non
314 809 529 850 ordinatur
560 810 613 848 ad
643 809 826 848 debitum
848 810 985 848 finem.
1009 809 1130 850 Unde
1157 821 1332 849 necesse
1354 815 1426 858 est,
1451 823 1617 851 omnem
1639 817 1778 850 actum

203 874 397 922 hominis,
429 887 455 912 a
485 873 760 913 deliberativa
787 873 948 913 ratione
982 873 1291 925 procedentem,
1321 874 1362 913 in
1391 873 1601 914 individuo
1633 873 1780 914 consi-

203 940 404 987 deratum,
434 938 590 978 bonum
625 951 719 978 esse
749 938 816 978 vel
845 939 1001 977 malum
1033 939 1107 990 (1).
1138 952 1158 976 »

718 1045 960 1085 Solvuntur
989 1045 1272 1099 dffeultates.

253 1155 315 1191 54.
350 1153 478 1192 Obiz'c.
513 1153 541 1191 Ι.
575 1152 701 1192 Actio
734 1153 777 1192 in
807 1152 1038 1192 moralibus
1067 1151 1336 1204 specificatur
1363 1165 1389 1191 a
1417 1153 1521 1202 fine3
1552 1166 1650 1192 nam
1685 1153 1781 1194 finis

199 1217 364 1270 proprie
398 1219 594 1257 terminat
626 1217 905 1257 intentionem
936 1216 1112 1269 agentis.
1145 1217 1256 1268 Ergo
1287 1216 1437 1256 falsum
1459 1224 1523 1257 est
1543 1218 1653 1270 quod
1672 1216 1781 1257 actio

202 1284 425 1323 bonitatem
459 1284 523 1322 vel
561 1283 763 1323 malitiam
793 1283 1015 1336 praecipue
1044 1283 1217 1335 recipiat
1246 1296 1298 1322 ex
1330 1283 1504 1324 obiecto.

252 1351 301 1389 R.
332 1350 448 1389 Dist.
480 1353 584 1389 ant:
618 1349 740 1389 Actio
772 1350 812 1389 in
844 1350 1073 1390 moralibus
1093 1350 1404 1402 specificatura
1423 1352 1518 1400 fine,
1540 1351 1781 1399 intrinseco,

204 1413 679 1468 conceda-,extrinsecq
701 1414 824 1454 subd:
850 1421 1009 1454 tantum
1029 1428 1147 1467 nego,
1169 1415 1293 1455 etiam
1319 1416 1510 1455 concedo.
1531 1415 1598 1454 Ad
1618 1428 1780 1468 conseq.

203 1492 311 1531 nego
342 1479 616 1530 suppositum,
648 1491 797 1531 nempe
829 1479 1040 1518 obiectum
1077 1479 1242 1519 differre
1270 1493 1297 1518 a
1325 1480 1408 1519 fine
1437 1480 1676 1519 intrinseco.

256 1543 423 1596 Duplex
453 1543 550 1582 finis
581 1542 839 1582 considerari
862 1543 983 1582 debet
1002 1548 1196 1594 respectu
1215 1543 1407 1584 actionis:
1428 1543 1692 1591 intrinsecus,
1715 1543 1784 1595 qui

200 1610 349 1649 dicitur
366 1610 476 1662 finis
506 1610 648 1661 operis
664 1625 677 1656 ,·
710 1616 749 1649 et
778 1609 1056 1658 extrinsecus,
1087 1622 1238 1661 nempe
1267 1623 1388 1661 quem
1419 1622 1552 1661 agens
1582 1609 1635 1648 ad
1664 1608 1778 1648 arbi-

198 1677 324 1715 trium
356 1675 433 1715 sibi
464 1675 710 1727 praestituit,
741 1682 781 1716 et
811 1675 891 1714 dici
926 1675 1033 1714 solet
1054 1675 1159 1726 finis
1194 1675 1425 1728 operantis.
1465 1675 1633 1714 Primus
1676 1687 1783 1714 con-

202 1742 388 1781 funditur
417 1755 509 1780 cum
543 1742 635 1793 ipso
668 1740 844 1789 obiecto,
876 1740 984 1793 quod
1015 1754 1086 1792 per
1116 1754 1161 1780 se
1195 1740 1391 1781 terminat
1420 1741 1640 1781 actionem.
1662 1741 1784 1781 Unde

198 1809 255 1847 illi
285 1807 468 1860 speciem
497 1807 689 1858 impertit.
708 1807 928 1846 Secundus
949 1806 1084 1847 differt
1103 1806 1156 1846 ab
1178 1806 1341 1847 obiecto
1364 1811 1404 1846 et
1424 1820 1469 1846 se
1492 1808 1619 1847 habet
1649 1807 1780 1860 quod—

200 1872 397 1912 ammodo
427 1885 500 1924 per
535 1871 704 1911 modum
741 1870 1094 1911 circumstantiae.
1126 1871 1292 1918 Quare,
1321 1870 1418 1910 licet
1450 1870 1679 1910 bonitatem
1718 1871 1785 1909 vel

203 1936 407 1975 malitiam
437 1935 550 1975 actui
581 1935 808 1987 impertiat,
840 1935 881 1974 id
911 1943 1052 1975 tamen
1082 1948 1165 1974 non
1196 1935 1297 1975 facit
1325 1935 1405 1975 nisi
1435 1935 1696 1975 secundario.

255 1999 440 2039 Adverte
471 2006 629 2048 tamen,
661 1999 742 2040 hoc
773 1999 854 2039 dici
883 1999 1062 2052 primum
1084 2000 1133 2040 de
1154 2000 1318 2040 actibus
1338 2000 1406 2052 qui
1432 2000 1641 2040 obiectum
1660 1998 1785 2051 respi-

200 2068 315 2106 ciunt
336 2079 409 2118 per
431 2079 474 2105 se
497 2066 652 2105 bonum
675 2067 742 2105 vel
764 2066 920 2105 malum
940 2067 1166 2107 moraliter.
1189 2068 1298 2107 Nam
1318 2066 1353 2106 si
1374 2066 1514 2118 agitur
1535 2067 1584 2107 de
1604 2066 1779 2111 actibus,

201 2144 274 2183 per
306 2143 352 2170 se
384 2129 715 2170 indifferentibus
750 2132 888 2183 quoad
919 2131 1115 2183 speciem;
1145 2131 1201 2180 hi,
1231 2132 1284 2171 ad
1312 2144 1453 2171 mores
1481 2132 1590 2183 quod
1624 2131 1781 2179 attinet,

203 2193 390 2246 speciem
422 2193 657 2245 suscipiunt
689 2207 741 2233 ex
771 2195 876 2244 fine,
906 2195 1004 2236 licet
1033 2195 1300 2243 extrinseco,
1332 2196 1428 2247 quia
1455 2194 1491 2234 is
1520 2195 1562 2233 in
1591 2208 1640 2235 eo
1679 2208 1783 2235 casu

202 2258 400 2298 terminat
429 2259 640 2299 actionem
671 2266 794 2310 prout
822 2260 993 2299 moralis
1023 2266 1098 2299 est.
1128 2258 1288 2299 Deinde
1322 2258 1472 2299 dicitur
1501 2258 1550 2298 de
1580 2259 1676 2307 fine,
1716 2259 1784 2311 qui

205 2334 320 2361 mere
353 2322 575 2361 comitetur
605 2321 827 2371 actionem,
858 2337 941 2363 non
972 2336 1072 2363 vero
1103 2324 1150 2362 de
1180 2324 1263 2363 fine
1292 2323 1359 2375 qui
1389 2328 1557 2362 moveat
1584 2323 1637 2362 ad
1659 2323 1783 2364 actio-

202 2400 298 2427 nem
329 2394 370 2427 et
399 2388 451 2427 sit
482 2401 614 2427 causa
643 2401 719 2429 cur
748 2389 884 2441 ipsum
918 2389 1128 2430 obiectum
1158 2385 1464 2441 appetatur.'Si
1494 2389 1604 2429 enim
1638 2388 1679 2428 id
1705 2401 1782 2428 ac-

208 2451 394 2499 cideret,
442 2459 539 2490 tunc
571 2465 596 2491 a
627 2453 710 2492 fine
741 2452 1001 2493 derivaretur
1043 2453 1271 2506 praecipua
1305 2453 1471 2494 bonitas
1513 2461 1586 2494 aut
1626 2453 1785 2493 malitia

205 2513 401 2562 actionis,
433 2515 639 2566 siquidem
671 2516 776 2557 soret
795 2517 898 2569 ipse,
919 2517 987 2570 qui
1007 2517 1229 2570 praecipue
1249 2518 1493 2558 terminaret
1515 2518 1782 2557 voluntatem.

211 2579 333 2619 Unde
363 2580 578 2632 sapienter
607 2582 711 2623 dixit
739 2583 999 2624 Aristoteles:
1034 2583 1329 2636 Qm'fitratur
1358 2588 1405 2623 ut
1430 2583 1489 2624 sit
1507 2583 1690 2632 adulter,
1723 2586 1786 2623 est

197 2658 280 2698 per·
309 2658 351 2685 se
385 2646 597 2699 loquendo
630 2649 769 2701 magis
803 2649 985 2698 adacter,
1015 2663 1146 2703 quam
1162 2651 1251 2702 sur
1280 2651 1353 2703 (2).

251 2711 379 2751 obite.
405 2713 455 2751 ΙΙ.
482 2713 743 2766 Quandoque
775 2715 1116 2756 circumstantiae
1145 2715 1422 2755 determinant
1450 2714 1633 2767 speciem
1659 2720 1780 2755 actus

200 2775 384 2824 moralis3
406 2783 449 2816 ut
471 2790 534 2816 ex.
553 2791 616 2829 gr.
635 2778 669 2816 si
686 2778 780 2831 quis
800 2779 956 2818 furetur
975 2779 1016 2818 in
1034 2780 1126 2819 loco
1144 2792 1280 2824 sacro,
1297 2792 1381 2819 non
1398 2777 1615 2818 committit
1631 2777 1782 2831 simpli-

245 2879 296 2920 (1)
319 2878 473 2910 Summa
499 2878 544 2910 tle.
573 2879 611 2909 1.·
636 2879 677 2910 2·
701 2889 731 2919 q.
757 2879 849 2917 VIII,
873 2890 901 2911 a.
925 2880 953 2911 9.

248 2931 298 2970 (3)
324 2929 454 2966 Quinto
479 2929 704 2962 Etlcieomm.
