1970 3203
318 217 454 244 CAPUT
473 216 523 242 111.
544 216 596 242 DE
617 216 845 243 socm'rATE
864 217 1098 253 RELIGIOSA,
1118 220 1300 246 NIMIRUM
1320 218 1515 246 ECCLESIA
1624 207 1702 247 329

135 297 344 337 nationem
390 296 501 334 hanc
531 296 596 334 vel
626 295 739 334 illam
767 297 982 348 imperium
1013 297 1235 338 exercebit.
1267 297 1310 336 Id
1341 311 1438 337 vero
1468 297 1617 338 rationi
1638 297 1707 337 ad-

134 366 337 406 versatur,
369 367 408 398 et
437 358 600 398 civilem
630 359 1212 411 independentiam-destruit.
1242 362 1354 415 Ergo
1386 369 1461 401 etc.

183 425 232 462 R.
263 424 384 475 Neqo
406 423 625 462 maiorem.
647 424 751 462 Nam
772 429 957 475 potestas
977 425 1159 476 supremi
1184 426 1399 466 Pontificis
1420 426 1574 465 nemini
1598 425 1704 465 fide-

130 489 228 528 lium
258 495 431 528 externa
460 494 550 536 est,
581 489 655 527 sed
686 489 868 528 maxime
896 489 1071 528 interna.
1114 490 1306 531 Pontifex
1336 491 1446 530 enim
1467 498 1530 531 est
1553 492 1703 532 Pastor

129 552 377 604 universalis
407 552 549 604 gregis
579 552 733 592 Christi
755 560 793 592 et
823 565 920 592 vere
952 552 1153 604 Princeps
1183 554 1422 605 spiritualis,
1455 555 1520 593 cui
1542 569 1700 604 omnes,

129 618 196 670 qui
227 617 454 657 christiano
485 618 652 657 nomine
681 619 922 670 gloriantur,
954 618 1129 658 subiecti
1158 627 1266 659 sunt.
1301 621 1400 661 Eius
1429 621 1600 673 proinde
1621 635 1698 661 au-

130 681 301 722 ctoritas
331 682 506 733 singulis
535 682 724 721 fidelibus
745 682 880 734 magis
901 682 1064 721 interna
1085 689 1159 730 est,
1182 697 1305 735 quam
1328 691 1514 735 potestas
1534 685 1673 725 civilis
1691 700 1700 734 ;

130 748 332 801 siquidem
371 749 424 787 ad
454 748 661 788 hominem
700 748 836 800 magis
866 748 1030 787 animus
1058 748 1257 800 pertinet,
1288 763 1410 801 quam
1442 763 1616 802 corpus,
1647 763 1698 790 ac

130 815 266 866 magis
296 815 466 854 interest
494 819 664 854 aeterna
693 815 822 861 salus,
851 827 974 866 quam
1004 814 1186 854 felicitas
1214 816 1478 866 temporaria.
1514 817 1636 857 Unde
1665 816 1700 856 si

131 879 274 918 Status
295 878 444 930 aliquis
464 877 655 929 politicus
675 883 923 929 potestatem
942 878 1158 918 Pontificis
1178 879 1255 918 sibi
1272 886 1488 919 externam
1507 881 1701 932 appellat,

130 942 211 981 hoc
240 943 329 993 ipso
360 955 406 981 se
435 942 487 980 ab
519 942 710 981 Ecclesia
739 941 970 981 seiunctum
1001 955 1095 981 esse
1124 941 1287 990 fatetur,
1318 949 1441 995 atque
1472 942 1578 982 inter
1599 956 1701 982 oves

131 1006 286 1046 Christi
317 1006 483 1044 minime
512 1007 790 1045 adnumerari.

186 1072 314 1112 Obic'e.
345 1072 418 1110 III.
440 1072 675 1112 Concordia
695 1080 734 1111 et
754 1073 1038 1113 subordinatio
1057 1073 1270 1115 societatis
1291 1074 1484 1126 politicae
1506 1080 1704 1126 respectu

131 1136 360 1183 Ecclesiae,
390 1135 583 1188 supponit
612 1149 757 1175 omnes
780 1137 905 1184 cives,
928 1138 992 1176 vel
1016 1138 1162 1177 saltem
1183 1137 1268 1177 sere
1291 1152 1448 1186 omncs,
1471 1139 1704 1180 catholicae

129 1200 319 1252 religioni
340 1200 583 1240 adhaerere.
605 1200 650 1239 Id
671 1214 768 1240 vero
790 1201 1036 1252 quandoque
1057 1214 1139 1239 non
1161 1202 1324 1241 accidit.
1343 1203 1460 1242 Tunc
1484 1216 1566 1242 non
1587 1203 1700 1242 aliud

130 1271 345 1316 superest,
377 1264 456 1303 nisi
484 1270 527 1303 ut
556 1265 749 1304 Ecclesia
779 1272 994 1317 separetur
1025 1277 1050 1303 a
1081 1265 1199 1303 Statu
1228 1265 1420 1316 politico,
1452 1272 1490 1304 et
1519 1268 1702 1306 cultuum

129 1329 298 1368 libertas
328 1328 591 1367 concedatur.

184 1396 232 1433 R.
264 1395 459 1433 Fatemur
488 1394 730 1445 contingere
760 1407 898 1446 posse,
930 1401 972 1433 ut
1001 1407 1083 1433 non
1114 1395 1225 1434 aliud
1254 1396 1480 1435 remedium
1512 1402 1703 1448 suppetat

131 1461 171 1499 in
201 1460 414 1499 nonnullis
445 1460 727 1507 societatibus,
759 1474 864 1512 quae
895 1474 948 1500 ex
978 1460 1216 1500 hominibus
1246 1462 1494 1513 multiplices
1525 1470 1563 1502 et
1594 1476 1702 1501 con-

129 1523 280 1563 trarios
309 1525 444 1564 cultus
473 1524 760 1576 profitentibus
791 1526 1047 1571 coalescunt,
1078 1538 1200 1577 quam
1233 1526 1491 1565 diversorum
1514 1527 1698 1565 cultuum

130 1589 351 1629 tolerantia
379 1597 448 1627 aut
477 1594 600 1629 etiam
631 1590 810 1630 libertas.
842 1592 996 1629 Verum
1029 1591 1069 1630 id
1098 1604 1181 1629 non
1211 1604 1262 1630 ex
1284 1591 1439 1639 ordine,
1471 1592 1545 1631 sed
1566 1605 1619 1631 ex
1640 1605 1705 1632 or-

130 1653 236 1691 dinis
267 1654 452 1692 carentia
480 1655 679 1705 provenit.
712 1655 960 1707 Imperfecta
990 1656 1098 1694 enim
1121 1662 1160 1695 et
1181 1657 1370 1708 caligans
1400 1657 1594 1705 conditio,
1618 1671 1702 1710 qua

130 1726 321 1770 respectu
351 1719 571 1771 religiosae
600 1721 788 1760 veritatis
817 1722 1044 1760 societates
1072 1721 1170 1760 illae
1200 1722 1449 1770 afficiuntur,
1474 1723 1592 1762 valde
1614 1736 1704 1774 pro-

129 1785 242 1823 hibet
270 1784 488 1836 quominus
510 1785 552 1824 in
574 1785 711 1824 debita
732 1787 932 1826 relatione
951 1788 1088 1839 quoad
1110 1788 1345 1827 Ecclesiam
1367 1803 1412 1829 se
1434 1789 1704 1838 constituant;

128 1850 248 1902 idque
278 1851 331 1889 ad
360 1850 599 1889 earumdem
629 1851 982 1903 imperfectionem
1014 1859 1052 1892 et
1081 1853 1300 1892 ruditatem
1322 1854 1509 1905 pertinet.
1528 1854 1703 1894 Defectu

130 1915 238 1954 enim
256 1915 568 1955 convenientiae
583 1915 784 1965 laborant,
796 1923 918 1969 atque
935 1917 1026 1956 ideo
1044 1925 1235 1957 naturam
1253 1918 1467 1958 ordinatae
1485 1919 1705 1959 societatis

129 1993 212 2018 non
234 1980 309 2018 rite
327 1979 546 2030 attingunt,
564 1980 912 2031 quemadmodum
929 1994 1011 2020 non
1032 1981 1106 2020 rite
1123 1982 1290 2033 attingit
1310 1990 1501 2021 naturam
1520 1983 1701 2023 hominis

129 2046 177 2093 is,
207 2046 273 2097 qui
291 2045 604 2085 sensibilitatem
629 2045 718 2085 sine
744 2054 934 2098 respectu
955 2047 1006 2085 ad
1028 2047 1357 2098 intelligentiam,
1379 2055 1419 2087 et
1441 2062 1589 2100 corpus
1611 2049 1700 2089 sine

128 2110 326 2148 relatione
344 2109 397 2147 ad
413 2109 596 2147 animam
612 2110 907 2161 perficiendum
926 2110 1004 2149 sibi
1021 2112 1222 2162 proponit.
1240 2113 1352 2151 Vera
1369 2112 1493 2164 igitur
1509 2114 1703 2153 doctrina

129 2173 200 2212 illa
217 2180 288 2220 est,
301 2186 406 2224 quae
423 2179 639 2225 utramque
657 2173 898 2212 societatem
916 2174 977 2212 sic
996 2174 1221 2227 distinguit,
1233 2182 1275 2213 ut
1292 2182 1516 2214 tamennon
1535 2184 1699 2228 separet

131 2253 208 2279 nec
230 2239 446 2286 distrahat,
468 2239 542 2278 sed
571 2240 814 2280 harmonice
836 2240 998 2279 ordinet
1018 2240 1124 2280 inter
1145 2254 1210 2289 se;
1242 2242 1587 2293 quemadmodum
1606 2244 1696 2282 har-

131 2302 292 2342 monice
319 2303 500 2342 ordinari
531 2304 710 2355 postulat
726 2304 766 2342 in
783 2303 903 2343 nobis
939 2317 1090 2356 corpus
1106 2318 1199 2343 cum
1221 2305 1374 2352 anima,
1393 2306 1477 2344 vita
1494 2319 1697 2357 praesens

129 2381 222 2408 cum
255 2367 403 2413 futura,
433 2368 659 2408 relationes
689 2369 741 2407 ad
771 2369 979 2408 hominem
1011 2382 1105 2407 cum
1135 2369 1404 2408 relationibus
1434 2370 1487 2408 ad
1518 2371 1663 2410 Deum.

186 2430 315 2470 Obz'ic.
347 2432 415 2469 IV.
450 2432 644 2472 Christus
675 2434 779 2473 dixit
806 2434 847 2472 in
879 2433 1122 2485 Evangelio:
1151 2434 1349 2486 Reynum
1381 2449 1518 2474 metam
1543 2449 1627 2474 non
1647 2440 1709 2475 est

128 2497 178 2536 de
209 2498 286 2535 hoc
317 2496 485 2534 mando.
517 2497 593 2536 His
623 2511 723 2548 ergo
754 2498 893 2537 verbis
925 2498 1145 2550 prohibuit,
1178 2498 1398 2549 quominus
1420 2499 1614 2539 Ecclesia
1635 2500 1705 2539 do-

127 2561 394 2600 minationem
424 2561 632 2613 politicam
665 2563 908 2614 possideret.
941 2565 1125 2615 Itemque
1154 2569 1358 2615 repugnat
1397 2563 1529 2603 ordini
1568 2577 1705 2603 rerum

126 2631 171 2663 ut
193 2632 381 2676 potestas
402 2625 601 2677 religiosa
621 2639 715 2665 cum
737 2626 905 2678 politica
922 2626 1210 2665 confundatur.
1229 2627 1275 2665 Id
1293 2640 1390 2666 vero
1409 2628 1490 2676 fiet,
1508 2628 1543 2667 si
1559 2629 1705 2668 eadem

127 2700 308 2739 persona
328 2696 499 2729 ornetur
521 2698 693 2742 utraque
714 2696 931 2742 potestate.
955 2691 1111 2729 Saltem
1129 2690 1354 2729 timendum
1377 2697 1440 2730 est
1459 2690 1500 2729 in
1522 2704 1570 2730 eo
1589 2704 1702 2740 casu,

128 2768 180 2794 ne
201 2754 312 2806 prior
331 2755 370 2794 in
393 2755 684 2796 istrumentum
706 2756 879 2796 alterius
899 2762 1180 2796 convertatur.

184 2818 233 2855 R.
265 2818 411 2864 Quoad
438 2821 616 2872 primum
645 2827 949 2871 argumentum,
980 2834 1094 2860 conc.
1124 2824 1209 2860 ant.
1227 2828 1266 2861 et
1288 2835 1392 2874 nego
1414 2835 1668 2874 consequens
1683 2839 1701 2872 ,-

131 2887 266 2939 quoad
294 2889 534 2938 secundum,
563 2904 675 2931 conc.
708 2892 927 2940 maior-em,
958 2899 998 2932 et
1028 2906 1132 2944 neyo
1163 2893 1382 2933 minor-em.
