1970 3203
229 201 306 241 338
361 212 424 239 ωε
444 208 646 237 NATURAE
667 218 685 224 -
709 207 817 234 PARS
838 207 890 233 111.
910 206 976 233 ius
997 205 1372 232 INTERNATIONALE
1392 205 1468 233 εευ·
1489 203 1679 231 οΕΝΤιῡΜ

228 288 486 334 submittant,
517 286 605 325 iure
627 283 860 323 latronibus
877 282 1136 322 assimilandi
1155 287 1264 329 sunt,
1282 289 1504 334 utcumque
1529 280 1695 321 militari
1711 281 1805 333 glo-

230 354 291 392 ria
322 352 574 391 clarescant.
603 349 696 387 Hoc
726 347 836 387 enim
867 346 1083 386 dumtaxat
1102 360 1127 385 a
1149 345 1384 386 latronibus
1406 346 1612 393 differunt,
1634 344 1744 397 quod
1766 344 1808 384 in

229 416 446 456 inferenda
474 415 514 454 vi
545 427 629 453 non
659 412 807 466 paucis
836 412 975 459 sociis,
1007 411 1082 451 sed
1112 410 1374 450 multitudine
1403 413 1618 464 stipentur,
1644 416 1683 448 et
1704 409 1810 450 artis

233 480 407 520 bellicae
438 477 597 530 regulis
626 484 808 517 utantur.
840 477 934 523 Qua
962 475 1011 515 de
1042 488 1086 515 re
1116 474 1264 514 festive
1294 474 1458 526 quidem
1479 475 1555 514 sed
1578 473 1723 513 merito
1746 473 1809 526 pi-

230 554 324 586 rata
341 546 537 585 Manicas
558 544 714 584 dixisse
732 543 861 582 fertur
878 542 1144 581 Alexandro:
1165 541 1267 593 Ego,
1290 541 1369 593 qai
1387 541 1586 580 navicula
1602 540 1808 593 praedor,

229 613 343 651 latro
377 613 570 663 reput0r‚·
602 612 657 657 tu,
689 608 768 661 qui
787 607 1026 661 praedaris
1055 607 1203 654 classe,
1239 605 1408 645 haber-is
1437 605 1568 644 Deus.

285 678 446 718 Deinde
482 677 653 717 vetitum
685 682 748 715 est
778 675 1000 727 quidquam
1032 673 1223 721 efficere,
1255 672 1364 725 quod
1404 671 1581 711 aliarum
1621 670 1810 723 gentium

231 741 478 796 perfectioni
508 746 548 780 et
578 738 863 793 tranquillitati
885 746 1129 790 opponatur;
1152 743 1238 776 tum
1259 749 1334 776 eas
1355 742 1498 788 aperte
1519 740 1590 774 aut
1611 735 1807 775 simulate

229 808 283 847 ad
304 820 469 847 errores
486 819 536 846 ac
558 805 661 846 vitia
682 804 889 856 pellicere,
911 808 983 841 aut
998 801 1220 842 intestinas
1241 801 1283 840 in
1299 800 1400 853 ipsis
1417 799 1558 840 fovere
1576 799 1807 840 discordias

231 881 271 915 et
300 873 562 914 rebelliones.

286 940 429 980 Tertio
451 938 714 990 singularum
745 935 961 975 nationum
992 933 1217 974 dominium
1247 939 1287 972 et
1315 931 1548 984 proprietas
1578 932 1808 971 reverenda

237 1016 344 1055 sunt;
367 1005 490 1057 idque
512 1016 561 1043 eo
582 1001 731 1054 magis,
753 1014 833 1053 quo
863 1000 927 1039 ius
957 997 1270 1040 communitatis
1291 996 1479 1037 sanctius
1499 1002 1574 1044 est,
1597 1010 1720 1049 quam
1741 997 1809 1035 ius

228 1068 412 1110 hominis
433 1065 644 1106 individui.
668 1066 759 1112 Quo
780 1066 873 1105 loco
895 1062 1244 1104 considerandum
1266 1068 1330 1101 est
1349 1061 1517 1101 nomine
1540 1059 1810 1113 proprietatis

229 1133 457 1175 nationalis
478 1133 518 1172 id
537 1145 660 1172 omne
677 1131 864 1184 intelligi,
882 1130 990 1184 quod
1010 1128 1122 1169 natio
1140 1128 1324 1181 possidet
1341 1127 1449 1167 iusto
1467 1126 1595 1175 titulo,
1615 1126 1703 1166 sive
1725 1126 1810 1165 ori-

231 1198 401 1251 ginaria
422 1197 602 1250 quadam
623 1195 906 1248 possessione,
929 1195 1018 1235 sive
1035 1207 1147 1232 nova
1162 1193 1263 1232 iuris
1280 1192 1512 1244 adeptione;
1534 1192 1713 1243 itemque
1732 1191 1810 1230 do-

230 1262 405 1302 minium
427 1260 625 1313 generale
646 1259 828 1299 nationis
848 1260 1015 1311 plenum
1037 1271 1131 1297 esse
1153 1264 1192 1297 et
1212 1256 1463 1304 absolutum,
1500 1255 1556 1295 ita
1577 1263 1622 1294 ut
1641 1269 1667 1295 a
1697 1256 1809 1296 nullo

232 1326 406 1366 alterius
422 1323 603 1364 nationis
625 1323 787 1362 influxu
808 1322 998 1374 pendeat.
1022 1322 1114 1368 Qua
1132 1321 1175 1359 in
1196 1334 1241 1360 re
1258 1320 1439 1359 dominio
1457 1320 1618 1371 privato
1639 1319 1810 1358 minime

233 1392 502 1439 assimilatur,
534 1390 643 1443 quod
671 1389 871 1428 limitibus
890 1401 964 1441 per
985 1389 1101 1440 leges
1123 1387 1268 1427 civiles
1288 1386 1574 1426 circumscribi
1596 1392 1743 1437 potest,
1767 1392 1810 1425 et

231 1458 308 1497 iuri
338 1455 535 1496 eminenti
566 1453 782 1494 societatis
803 1452 958 1492 subest.
980 1452 1031 1490 Et
1060 1451 1168 1490 ratio
1199 1449 1455 1490 discriminis
1484 1457 1560 1498 est,
1591 1449 1701 1502 quod
1722 1449 1805 1488 ho-

230 1521 366 1561 mines
385 1517 596 1566 individui,
619 1517 686 1570 qui
708 1516 750 1555 in
771 1529 900 1555 unum
922 1527 1074 1567 corpus
1095 1514 1307 1567 politicum
1329 1519 1497 1561 coeunt,
1518 1513 1645 1553 totius
1665 1512 1809 1565 reipu—

232 1587 368 1628 blicae
398 1583 636 1624 auctoritati
667 1581 954 1630 subiiciuntur;
987 1594 1080 1620 cum
1102 1586 1250 1620 contra
1269 1579 1474 1627 nationes,
1496 1584 1539 1618 ut
1560 1592 1686 1631 supra
1707 1577 1813 1631 dixi,

232 1653 431 1707 aequales
460 1651 544 1690 sint
562 1650 669 1689 inter
700 1662 758 1697 se,
790 1655 829 1689 et
858 1648 1005 1688 eodem
1034 1647 1155 1686 modo
1186 1660 1232 1686 se
1261 1646 1442 1685 invicem
1459 1645 1698 1698 respiciant,
1726 1658 1809 1698 quo

232 1719 414 1760 familiae
444 1717 609 1769 penitus
639 1722 872 1768 separatae.
905 1715 961 1755 Ut
990 1713 1116 1765 igitur
1144 1712 1301 1752 familia
1330 1711 1512 1751 familiae
1542 1724 1810 1764 nequaquam

231 1783 447 1827 subiicitur
478 1782 518 1822 in
549 1795 630 1822 usu
659 1786 698 1821 et
728 1780 909 1820 dominio
940 1779 1200 1832 propriarum
1235 1790 1386 1825 rerum,
1418 1777 1479 1816 sic
1511 1776 1637 1817 etiam
1670 1776 1808 1817 evenit

233 1854 284 1893 de
313 1851 492 1904 singulis
523 1848 763 1888 nationibus
792 1852 984 1899 respectu
1014 1845 1203 1892 aliarum,
1236 1857 1261 1883 a
1290 1857 1335 1883 se
1365 1843 1667 1883 distinctarum.

288 1920 382 1958 Hoc
410 1930 511 1957 vero
541 1928 624 1954 non
656 1920 769 1954 vetat
789 1913 1010 1966 quominus
1031 1925 1115 1952 una
1134 1924 1239 1963 gens
1261 1910 1370 1963 apud
1389 1910 1564 1949 alteram
1581 1910 1692 1950 bona
1712 1924 1811 1963 pos-

234 1986 381 2035 sideat;
413 1989 455 2024 at
484 1994 601 2022 more
630 1981 900 2034 privatorum,
931 1979 1020 2018 iure
1049 1977 1245 2017 nimirum
1274 1976 1337 2016 sic
1366 1976 1559 2016 restricto
1591 1982 1630 2016 et
1660 1976 1810 2016 subor-

234 2051 390 2098 dinat03
422 2046 770 2102 quemadmodum
795 2045 903 2084 bona
932 2042 1147 2095 possident
1176 2041 1292 2081 cives
1322 2040 1412 2080 eius
1441 2039 1639 2092 regionis,
1669 2039 1708 2077 in
1730 2053 1812 2092 qua

237 2118 349 2157 bona
379 2116 451 2154 illa
480 2113 756 2166 reperiuntur.
800 2112 887 2150 Nec
928 2111 1051 2162 plane
1089 2107 1254 2159 concipi
1293 2112 1429 2159 potest
1457 2113 1502 2145 ut
1531 2106 1743 2145 communi
1773 2112 1813 2146 et

237 2187 438 2223 consueto
469 2181 557 2220 iure
588 2177 853 2232 proprietatis
882 2189 988 2229 gens
1019 2188 1100 2214 una
1129 2174 1238 2226 apud
1266 2172 1392 2212 aliam
1413 2177 1580 2224 gentem
1602 2186 1690 2211 rem
1711 2184 1812 2224 pos-

178 2271 180 2274 ·
236 2250 382 2298 sideat,
414 2246 596 2287 dominio
627 2257 800 2297 prorsus
829 2236 1146 2294 independente.
1178 2241 1285 2280 Nam
1307 2239 1534 2278 dominium
1555 2239 1724 2279 omnino
1745 2239 1812 2278 in—

238 2313 479 2366 dependens
509 2323 603 2350 cum
634 2307 808 2361 imperio
840 2305 1099 2346 connectitur
1129 2305 1164 2345 ei
1194 2305 1285 2343 iure
1323 2316 1545 2355 supremae
1578 2303 1811 2355 potestatis.

236 2378 377 2424 Quare
407 2373 596 2415 exerceri
626 2372 790 2424 uspiam
820 2370 974 2423 nequit,
995 2369 1092 2422 quin
1113 2369 1194 2409 hoc
1216 2368 1307 2420 ipso
1330 2381 1571 2420 supremum
1591 2368 1811 2420 imperium

236 2440 386 2480 ibidem
417 2444 680 2485 exerceatur3
713 2436 821 2488 quod
853 2434 1018 2487 quidem
1049 2432 1208 2472 nationi
1226 2432 1327 2471 nulli
1348 2432 1390 2471 in
1410 2432 1620 2472 territorio
1641 2432 1812 2471 alterius

235 2510 474 2556 competere
503 2507 651 2554 potest.

293 2569 429 2619 Atque
451 2566 558 2605 haec
578 2564 702 2604 alieni
723 2562 893 2603 dominii
915 2561 1150 2602 reverentia
1170 2573 1300 2613 usque
1321 2573 1370 2600 eo
1392 2560 1655 2600 extendenda
1676 2565 1751 2608 est,
1773 2567 1817 2599 ut

245 2635 361 2674 nulla
390 2632 551 2673 ratione
586 2632 708 2671 liceat
739 2630 918 2682 cuipiam
948 2628 1061 2679 genti
1090 2634 1231 2668 actum
1262 2627 1484 2680 quemlibet
1513 2626 1816 2666 iurisdictionis

240 2710 442 2739 exercere
472 2697 514 2735 in
544 2696 716 2748 regione
746 2707 830 2733 non
860 2707 938 2733 sua
956 2725 966 2741 ,
996 2700 1068 2732 aut
1097 2692 1186 2732 eius
1215 2691 1371 2731 violare
1400 2689 1586 2730 confinia
1620 2689 1815 2741 ingressu

237 2759 512 2802 multitudinis
541 2766 743 2806 armatae,
776 2758 840 2797 vel
871 2757 996 2797 etiam
1026 2755 1199 2796 inermis
1228 2755 1302 2795 sed
1331 2753 1542 2794 turmatim
1573 2760 1612 2793 et
1635 2752 1724 2793 sine
1746 2754 1814 2793 lo-

243 2827 350 2868 calis
366 2824 627 2866 auctoritatis
647 2824 786 2863 venia.
809 2825 915 2862 Tum
934 2822 1057 2862 etiam
1079 2821 1192 2874 genti
1211 2820 1312 2860 nulli
1332 2819 1428 2859 licet
1448 2819 1621 2859 alteram
1643 2824 1811 2872 gentem

241 2893 463 2934 dedecoris
483 2898 582 2931 nota
602 2889 780 2938 inurere,
801 2895 873 2929 aut
888 2888 976 2928 eius
997 2888 1134 2928 famae
1154 2886 1344 2927 maculas
1374 2898 1614 2938 aspergere.
1636 2886 1687 2926 Et
1707 2899 1812 2939 quo-
