1970 3203
194 165 274 206 230
565 176 632 203 ms
661 175 865 203 NATURAE
887 185 907 191 -
927 175 1037 202 PARS
1064 176 1101 202 11.
1130 175 1198 202 ms
1228 174 1399 207 socians

205 253 323 306 quasi
345 252 615 292 seminarium
637 252 902 305 reipublicae.
927 252 1163 305 Sequuntur
1188 253 1298 294 enim
1320 253 1492 293 fratrum
1523 254 1778 294 coniunctio-

204 331 294 365 neS,
324 322 419 369 post
449 316 796 357 consobrinorum
825 316 1170 371 sobrinorumque
1186 332 1195 368 ;
1226 318 1409 371 quicum
1438 331 1523 358 una
1552 319 1673 358 domo
1694 318 1777 358 iam

201 383 290 435 capi
321 396 405 423 non
426 383 600 435 possint,
622 382 664 422 in
685 382 793 423 alias
818 383 977 432 domus,
998 389 1198 436 tanquam
1218 384 1262 423 in
1282 384 1482 434 colonias,
1505 391 1671 426 exeunt.
1699 385 1777 425 Se-

201 452 382 499 quuntur
411 446 621 486 connubia
650 452 691 487 et
719 447 960 496 affinitates,
990 460 1043 488 ex
1064 448 1213 500 quibus
1230 448 1354 488 etiam
1376 449 1515 501 plures
1544 448 1774 503 propinqui;

199 526 307 565 quae
336 512 583 566 propagatio
615 519 653 553 et
683 513 852 554 soboles
882 514 999 566 origo
1029 520 1093 554 est
1121 515 1523 567 rerumpublicarum
1555 517 1629 568 (1).
1661 531 1680 554 »

251 578 314 617 En
343 577 396 616 ad
425 576 566 616 vivum
597 591 801 630 expressa
830 578 1015 631 genuina
1048 578 1263 617 civitatum
1293 586 1334 618 et
1362 579 1608 631 populorum
1638 592 1771 632 gene-

194 643 314 692 ratio,
345 656 452 695 quae
482 656 567 683 non
597 644 734 684 minus
762 644 912 684 rationi
943 657 1066 697 quam
1096 644 1298 684 historiae
1325 645 1563 697 respondet.
1588 646 1632 685 Si
1662 645 1772 686 enim

197 716 474 750 monumenta
492 716 732 750 scrutamur
752 710 1015 762 antiquarum
1038 715 1077 750 et
1097 710 1462 750 celeberrimarum
1480 711 1678 763 gentium;
1703 724 1776 751 eas

194 788 280 817 non
311 775 478 816 aliunde
506 775 625 815 initio
656 781 781 816 natas
802 782 842 816 et
860 777 902 815 in
924 775 1170 816 societatem
1191 775 1402 828 politicam
1434 776 1642 817 coaluisse
1663 790 1773 817 com-

194 842 392 894 perimus,
423 856 547 895 quam
577 856 631 882 ex
660 842 837 882 alicuius
867 842 1045 895 insignis
1076 842 1258 882 familiae
1294 843 1541 883 successiva
1569 856 1773 896 propaga-

195 909 320 950 tione.
351 910 492 956 Quare
522 914 647 962 patet,
678 908 844 948 civilem
876 909 1122 949 societatem
1152 910 1388 949 naturalem
1432 909 1661 962 appellari,
1691 923 1775 950 non

196 975 320 1014 modo
350 974 447 1027 quia
475 973 658 1014 hominis
687 980 863 1014 naturae
893 974 1079 1027 apprime
1109 979 1326 1022 consonat,
1355 979 1396 1014 et
1415 974 1568 1023 omnia,
1599 988 1708 1027 quae
1729 976 1772 1014 in

195 1042 286 1094 ipso
316 1046 440 1089 sunt,
471 1040 525 1079 ad
553 1041 664 1080 illam
695 1040 920 1080 ineundam
963 1041 1207 1092 impellunt;
1251 1054 1397 1080 verum
1428 1040 1553 1081 etiam
1583 1042 1679 1094 quia
1708 1041 1748 1080 id
1767 1073 1776 1089 ,

197 1106 308 1159 quod
336 1105 449 1145 hanc
479 1105 784 1146 ordinationem
815 1113 855 1145 et
884 1104 1204 1158 propensionem
1235 1106 1386 1158 explet,
1409 1105 1443 1145 si
1474 1105 1516 1144 in
1546 1106 1678 1157 primo
1701 1117 1779 1144 suo

197 1172 311 1212 fonte
341 1170 641 1219 consideretur,
672 1170 829 1210 factum
859 1171 1027 1224 aliquod
1056 1171 1247 1211 naturale
1277 1178 1353 1221 est,
1384 1184 1533 1224 nempe
1562 1171 1778 1211 hominum

197 1244 238 1279 et
267 1237 517 1278 familiarum
546 1237 832 1289 multiplicatio
861 1251 934 1290 per
964 1237 1214 1290 coniugium.

708 1369 948 1408 Solvuntur·
977 1369 1267 1421 dffficultates.

251 1505 315 1543 41.
349 1503 478 1542 Obz'z'c.
510 1503 539 1541 I.
580 1502 618 1541 A
661 1502 875 1541 voluntate
920 1501 1195 1555 singularium
1240 1502 1500 1554 privatorum
1538 1501 1691 1554 pendet
1729 1515 1781 1541 ne

197 1573 517 1608 succrescentes
547 1566 730 1606 familiae
760 1565 843 1605 alio
873 1565 1092 1607 discedant
1122 1572 1162 1605 et
1190 1571 1332 1606 mutuo
1372 1573 1631 1618 separentur.
1662 1567 1776 1617 Ergo

198 1633 395 1672 voluntas
425 1638 500 1680 est,
532 1645 638 1684 quae
668 1631 781 1671 civili
812 1631 1003 1672 societati
1035 1632 1207 1684 praebet
1237 1632 1454 1684 originem.

253 1699 305 1737 R.
335 1698 448 1738 Dist.
481 1701 632 1737 antec:
666 1699 705 1736 A
725 1697 939 1736 voluntate
969 1696 1244 1748 singularium
1265 1696 1428 1749 pendet,
1450 1695 1583 1735 ordini
1604 1700 1780 1735 naturae

199 1763 528 1815 obtemperante,
560 1776 697 1810 conc;
727 1763 896 1802 omnino
926 1762 1070 1811 libera,
1103 1777 1221 1816 negyo.

255 1828 303 1866 In
331 1827 476 1880 primis
506 1827 708 1868 eiusmodi
740 1828 932 1867 voluntas
962 1840 1089 1879 saepe
1119 1828 1304 1867 officium
1334 1828 1555 1877 subaudit,
1587 1841 1682 1868 cum
1714 1827 1779 1867 vi-

202 1892 353 1932 delicet
381 1892 538 1944 aliquid
567 1906 592 1932 a
621 1891 789 1932 familiis
820 1892 1074 1944 obligatione
1104 1900 1281 1933 naturae
1310 1892 1565 1944 implendum
1595 1897 1783 1945 apparet,

201 1956 312 2008 quod
342 1962 464 1996 extra
494 1956 751 1996 consortium
782 1956 903 1997 civile
934 1957 1110 1998 obtineri
1133 1965 1321 2011 nequeat.
1340 1958 1499 1998 Deinde
1530 1957 1694 1997 etiamsi
1727 1957 1781 1996 ad

203 2019 540 2060 coniunctionem
569 2020 683 2059 illam
713 2019 973 2060 retinendam
996 2021 1110 2060 nulla
1130 2021 1329 2074 obligatio
1357 2021 1648 2073 adstringeret,
1669 2020 1780 2059 nihi-

202 2085 385 2125 lominus
414 2098 496 2124 non
527 2085 622 2125 inde
652 2086 890 2127 efficeretur
918 2094 962 2126 ut
991 2087 1174 2127 societas
1203 2088 1296 2140 ipsa
1325 2087 1367 2127 in
1385 2086 1554 2127 factitiis
1582 2085 1780 2126 habenda

202 2152 270 2193 sit.
301 2153 508 2193 Voluntas
525 2153 635 2192 enim
652 2154 693 2192 in
716 2167 764 2194 eo
786 2168 890 2195 casu
910 2154 1133 2194 interesset
1148 2168 1233 2194 non
1253 2154 1306 2193 ad
1326 2153 1554 2194 creandum
1575 2152 1776 2199 ordinem,

202 2217 277 2256 sed
306 2230 419 2256 mere
437 2217 490 2257 ad
507 2218 694 2258 ordinem
711 2218 899 2258 subiecto
921 2219 1216 2270 applicandum
1232 2233 1241 2267 3
1264 2217 1372 2270 quod
1390 2222 1514 2265 certe,
1538 2221 1582 2255 ut
1597 2216 1783 2255 humano

202 2283 326 2323 modo
349 2285 435 2332 fiat,
458 2284 686 2324 voluntatis
708 2297 962 2324 concursum
991 2284 1175 2338 requirit.
1198 2284 1335 2323 Etiam
1356 2283 1410 2323 ad
1429 2283 1655 2323 ineundum
1676 2294 1783 2322 con-

203 2349 361 2402 iugium
393 2351 588 2390 voluntas
631 2351 875 2391 necessaria
892 2357 966 2391 est.
998 2352 1107 2391 Num
1137 2350 1294 2389 idcirco
1326 2349 1568 2402 coniugium
1596 2361 1681 2388 non
1702 2361 1782 2387 na-

204 2416 340 2455 turale
357 2416 431 2456 sed
452 2415 598 2467 generi
627 2415 812 2455 humano
843 2415 1115 2455 adventitium
1146 2413 1293 2454 dices?
1323 2413 1448 2453 Aliud
1476 2419 1540 2453 est
1569 2412 1677 2465 quod
1703 2424 1780 2450 vo-

204 2482 345 2521 luntas
375 2482 528 2534 aliquid
557 2482 716 2534 gignat,
751 2481 862 2521 aliud
892 2481 1000 2534 quod
1031 2486 1245 2533 tamquam
1275 2494 1301 2520 a
1338 2486 1491 2519 natura
1520 2477 1783 2531 propositum

205 2552 319 2586 amet
348 2545 466 2597 eique
505 2547 768 2599 obsequatur.
802 2545 988 2585 Primum
1017 2558 1107 2585 rem
1137 2544 1340 2584 factitiam
1374 2542 1543 2583 exhibet
1570 2572 1579 2589 ‚
1608 2541 1785 2580 alterum

204 2612 453 2660 naturalem,
483 2612 557 2651 sed
586 2614 772 2652 humano
793 2625 909 2651 more
929 2619 1156 2664 peractam.
1180 2610 1296 2663 Ignis
1318 2615 1431 2650 certe
1447 2621 1530 2647 non
1562 2606 1783 2655 comburit,

203 2676 286 2717 nisi
315 2677 514 2718 materiae
562 2679 870 2718 comburendae
900 2678 1184 2716 admoveatur.
1216 2675 1398 2716 Dicesne
1429 2679 1649 2727 propterea
1673 2686 1784 2712 com-

204 2741 441 2782 bustionem
472 2755 556 2782 non
586 2755 681 2782 esse
703 2743 938 2782 naturalem
961 2740 978 2780 ⁶3

249 2886 300 2926 (1)
324 2887 378 2919 De
402 2886 557 2930 qsfficii&
580 2887 603 2918 I.
628 2887 656 2925 1,
679 2897 705 2919 c.
731 2887 780 2918 17.
