1970 3203
816 226 1098 254 1NTRonuoT10
1693 218 1741 255 11

182 308 268 344 tuta
295 303 536 354 populorum
568 302 677 351 ferri,
695 303 934 356 appplicari,
967 309 1016 351 et,
1039 305 1174 356 quoad
1195 317 1298 357 opus
1328 305 1460 354 fuerit,
1492 305 1644 357 corrigi
1665 306 1740 345 de—

181 368 288 408 bent.
319 366 496 406 Maximi
525 367 650 419 igitur
678 367 783 407 haec
813 367 990 407 scientia
1006 367 1198 408 facienda
1226 374 1289 408 est
1309 375 1350 410 et
1367 369 1419 409 ab
1449 369 1652 418 omnibus,
1676 370 1742 422 qui

183 431 394 484 sapientes
422 444 517 472 esse
546 433 700 481 volunt,
731 432 977 484 expetenda.

703 514 719 525 e

797 628 1040 667 Afmcums
1071 628 1122 665 II.

407 754 474 794 De
503 755 773 795 distinctione
804 756 914 795 inter
937 755 1135 796 Ethz'cam
1166 760 1205 796 et
1230 758 1307 797 Ius
1340 759 1537 799 naturae.

234 889 508 930 Recentiores
537 888 721 928 unanimi
752 888 836 928 fere
866 900 1075 928 consensu
1104 889 1295 930 Ethicam
1317 905 1342 930 a
1364 893 1457 931 Iure
1487 896 1664 931 naturae
1686 891 1749 930 di-

184 954 409 1007 stinguunt3
430 961 552 1007 atque
580 954 691 993 hanc
720 953 826 993 inter
855 959 1072 1005 utramque
1101 953 1319 993 scientiam
1342 961 1530 994 statuunt
1560 955 1746 995 differen-

181 1019 293 1068 tiam,
324 1019 432 1072 quod
460 1019 610 1058 Ethica
638 1019 806 1071 regulas
843 1017 1057 1070 exquirat,
1088 1018 1238 1070 quibus
1279 1032 1417 1059 mores
1446 1020 1627 1059 hominis
1658 1020 1748 1058 diri-

182 1089 336 1135 guntur
366 1084 448 1134 (1);
478 1084 548 1122 Ius
578 1096 675 1123 vero
706 1089 882 1122 naturae
920 1083 1133 1122 hominum
1175 1084 1401 1138 relationes
1430 1084 1746 1136 contempletur,

186 1159 293 1198 quae
323 1159 374 1186 ex
403 1145 485 1185 illis
513 1145 727 1186 dimanant
757 1147 831 1197 (2).

246 1211 327 1250 Sed
357 1211 557 1251 eiusmodi
587 1211 893 1252 distinctionem
923 1212 1110 1251 nonnulli
1139 1212 1199 1252 sic
1220 1213 1489 1264 amplificant,
1511 1220 1554 1253 ut
1582 1213 1623 1251 in
1654 1227 1751 1265 per-

187 1274 339 1316 fectam
361 1275 667 1328 separationem
698 1283 956 1316 convertant.
988 1277 1105 1316 Haec
1135 1276 1344 1328 separatio
1364 1291 1389 1317 a
1411 1277 1640 1317 Thomasio
1664 1278 1750 1330 pri-

183 1356 296 1382 mum
313 1343 493 1390 inducta,
512 1342 721 1382 recentius
735 1342 970 1383 instaurata
986 1349 1049 1382 est
1065 1356 1090 1381 a
1108 1344 1237 1391 Kant;
1259 1343 1340 1395 qui,
1357 1351 1400 1383 ut
1415 1344 1456 1382 in
1479 1344 1749 1396 speculativa,

183 1408 246 1448 sic
277 1408 403 1448 etiam
432 1409 473 1447 in
494 1408 680 1459 practica
700 1408 962 1460 philosophia
982 1421 1160 1460 magnas
1190 1409 1344 1457 turbas,
1366 1409 1408 1448 in
1436 1411 1663 1450 Germania
1684 1423 1755 1462 po-

182 1472 402 1520 tissimum,
421 1471 629 1511 excitavit.
650 1472 691 1511 Is
711 1485 806 1510 cum
826 1478 989 1512 notaret
1011 1471 1089 1511 duo
1110 1472 1151 1511 in
1172 1472 1340 1512 homine
1356 1473 1569 1512 actionum
1590 1487 1751 1526 genera

182 1535 352 1588 reperiri
371 1549 379 1575 :
409 1536 515 1575 alias
544 1535 742 1583 internas,
765 1535 871 1576 alias
894 1541 1089 1575 externas
1105 1550 1115 1585 3
1137 1536 1305 1587 primas,
1328 1551 1434 1589 quae
1464 1538 1750 1578 conscientiae

183 1605 344 1639 tantum
373 1599 530 1638 ambitu
561 1599 835 1646 continentur,
865 1599 1027 1650 legibus
1046 1599 1220 1639 internis
1246 1601 1471 1652 gubernari
1501 1602 1659 1649 statuit;
1684 1616 1756 1654 po-

182 1663 379 1704 steriores
407 1676 533 1711 vero,
572 1676 665 1702 cum
695 1664 738 1702 in
774 1663 926 1702 mutuis
960 1663 1175 1702 hominum
1204 1666 1476 1705 relationibus
1516 1672 1745 1715 versentur,

181 1728 344 1780 legibus
365 1727 549 1768 externis
569 1741 643 1767 seu
665 1728 856 1768 civilibus
877 1727 1036 1768 subiici.
1057 1730 1111 1768 At
1132 1729 1327 1780 quoniam
1356 1730 1438 1770 hae
1468 1730 1613 1770 civiles
1633 1732 1751 1784 leges

182 1792 415 1832 libertatem
445 1799 675 1841 coarctant,
697 1806 804 1846 quae
824 1794 916 1845 plus
932 1806 1063 1845 aequo
1084 1794 1291 1833 coarctari
1313 1807 1396 1833 non
1418 1795 1550 1843 debet;
1581 1795 1748 1836 investi-

182 1857 345 1910 gandas
374 1870 467 1897 esse
490 1858 546 1898 ait
566 1858 826 1899 conditiones
845 1860 939 1899 illas
959 1861 1191 1912 generales,
1208 1873 1233 1899 a
1249 1865 1399 1900 natura
1414 1861 1751 1912 proficiscentes,

184 1936 356 1975 quarum
370 1922 590 1963 vilibertas
607 1923 832 1975 singularis
844 1926 1074 1965 consistere
1085 1925 1217 1977 possit
1233 1939 1328 1964 cum
1344 1925 1532 1966 libertate
1550 1927 1753 1978 generali.

184 1987 277 2025 Hoc
306 1999 458 2026 munus
487 1987 673 2028 attribuit
713 1988 1000 2040 philosophiae
1044 1989 1171 2037 Iuris;
1202 1995 1324 2041 atque
1362 1989 1454 2029 ideo
1483 1990 1548 2029 ius
1579 1991 1747 2032 definit:

189 2049 462 2102 Compleoeum
491 2050 794 2099 conditionum,
825 2052 978 2104 quibus
999 2052 1171 2092 liber-tas
1192 2053 1397 2105 citiusque
1426 2066 1522 2091 cam
1556 2053 1750 2093 liber-tate

187 2115 377 2154 omnium
407 2116 634 2156 coefaez'stere
653 2117 803 2168 possit.
834 2117 903 2156 Sic
934 2119 1003 2157 Ius
1032 2118 1085 2157 ad
1114 2131 1271 2157 merum
1315 2120 1533 2158 externum
1563 2119 1751 2159 ordinem

185 2181 334 2229 retulit,
351 2186 474 2233 atque
490 2182 543 2221 ad
557 2181 693 2234 ipsum
713 2183 881 2223 omnino
902 2183 1205 2236 seiungendum
1223 2197 1248 2222 a
1266 2184 1418 2223 Morali
1440 2184 1552 2223 viam
1576 2186 1751 2237 aperuit.

241 2246 298 2285 Ut
327 2244 462 2284 dicam
491 2244 587 2297 quid
615 2245 715 2285 mihi
743 2246 784 2285 in
812 2247 893 2286 hac
914 2260 957 2286 re
978 2260 1122 2286 verum
1140 2247 1341 2294 videatur,
1374 2247 1417 2286 in
1437 2247 1580 2299 primis
1602 2261 1748 2288 assero

187 2323 270 2350 non
299 2323 393 2350 esse
421 2312 706 2351 necessarium
727 2318 768 2351 ut
793 2313 862 2352 Ius
878 2320 1053 2352 naturae
1073 2313 1125 2352 ab
1156 2313 1307 2353 Ethica
1327 2313 1618 2365 distinguatur.
1639 2316 1747 2355 Nam
1773 2336 1776 2339 ·

188 2376 404 2415 commode
420 2381 561 2427 posset
575 2375 787 2429 utriusque
803 2384 1095 2429 argumentum
1111 2377 1165 2417 ad
1185 2391 1310 2417 unam
1332 2379 1602 2431 eamdemque
1619 2380 1749 2420 scien-

185 2438 287 2479 tiam
315 2441 518 2487 revocari‚
549 2453 653 2492 quae
681 2441 870 2481 Moralz's
899 2448 967 2481 aut
996 2443 1074 2482 Ias
1104 2446 1298 2491 natur-ae,
1323 2449 1442 2495 prout
1471 2443 1607 2495 magis
1636 2444 1746 2492 libet,

186 2506 428 2558 appelletur.
443 2506 617 2545 Moralis
633 2506 756 2555 enim,
773 2512 816 2546 ut
831 2507 966 2559 ipsum
982 2507 1129 2547 suadet
1145 2508 1408 2556 vocabulum,
1422 2522 1559 2548 mores
1570 2509 1750 2549 hominis

191 2567 477 2608 informandos
493 2582 543 2608 ac
559 2568 797 2621 dirigendos
812 2570 1000 2610 assumit:
1018 2570 1085 2622 qui
1102 2577 1214 2611 certe
1228 2585 1314 2611 non
1332 2572 1574 2612 individuali
1591 2581 1750 2613 tantum

186 2631 344 2672 ambitu
368 2633 787 2685 comprehenduntur,
809 2635 882 2675 sed
903 2636 957 2675 ad
986 2636 1184 2676 socialem
1201 2638 1325 2677 etiam
1340 2638 1527 2677 ordinem
1544 2643 1749 2689 spectant;

238 2742 287 2782 (1)
311 2743 362 2774 La
382 2744 518 2776 morale
542 2747 598 2776 est
621 2744 656 2776 la
678 2745 817 2778 science
834 2747 898 2778 des
914 2747 1046 2787 regles‚
1062 2747 1121 2787 qui
1137 2747 1279 2780 doivent
1297 2747 1432 2789 diriger
1454 2751 1557 2781 notre
1581 2748 1755 2782 conduite.

193 2796 335 2838 Cousnv,
360 2797 476 2829 Cours
499 2797 534 2830 εἶ’
549 2798 632 2830 hist.
657 2798 701 2831 de
725 2799 764 2831 Za
784 2799 919 2842 philos.
943 2802 1087 2833 morale
1110 2803 1174 2833 etc.
1199 2801 1261 2840 lec.
1288 2803 1308 2834 1.

237 2849 286 2889 (2)
311 2851 360 2882 Le
384 2851 477 2883 droit
499 2853 556 2883 est
572 2853 664 2884 donc
678 2852 885 2886 l'harmonie
902 2857 936 2886 et
951 2855 987 2887 la
1002 2855 1140 2888 science
1156 2856 1220 2888 des
1237 2858 1409 2897 rapports
1433 2855 1666 2895 obligatoires
1692 2855 1756 2886 des

191 2902 354 2935 hommes
379 2906 477 2937 entre
500 2915 578 2937 eux,
603 2907 814 2945 LERMINIER,
838 2908 1004 2941 Histoire
1028 2908 1077 2941 du
1101 2909 1212 2947 droit,
1239 2910 1372 2943 Introd.
1395 2910 1575 2951 generale.
