<?xml version="1.0" encoding="UTF-8"?>
<!DOCTYPE html PUBLIC "-//W3C//DTD XHTML 1.0 Transitional//EN"
    "http://www.w3.org/TR/xhtml1/DTD/xhtml1-transitional.dtd">
<html xmlns="http://www.w3.org/1999/xhtml" xml:lang="en" lang="en">
 <head>
  <title>
</title>
<meta http-equiv="Content-Type" content="text/html;charset=utf-8" />
  <meta name='ocr-system' content='tesseract 3.04.00' />
  <meta name='ocr-capabilities' content='ocr_page ocr_carea ocr_par ocr_line ocrx_word'/>
</head>
<body>
  <div class='ocr_page' id='page_1' title='image "./institutioneseth00libe_0368.png"; bbox 0 0 1970 3203; ppageno 0'>
   <div class='ocr_carea' id='block_1_1' title="bbox 229 203 1685 245">
    <p class='ocr_par' dir='ltr' id='par_1_1' title="bbox 229 203 1685 245">
     <span class='ocr_line' id='line_1_1' title="bbox 229 203 1685 245; baseline 0 -2"><span class='ocrx_word' id='word_1_1' title='bbox 229 203 307 244; x_wconf 89' lang='grc'>364</span> <span class='ocrx_word' id='word_1_2' title='bbox 354 216 419 243; x_wconf 80' lang='lat' dir='ltr'>ms</span> <span class='ocrx_word' id='word_1_3' title='bbox 448 215 650 243; x_wconf 81' lang='lat' dir='ltr'>NATURAE</span> <span class='ocrx_word' id='word_1_4' title='bbox 671 224 691 232; x_wconf 99' lang='lat'>-</span> <span class='ocrx_word' id='word_1_5' title='bbox 712 215 820 243; x_wconf 74' lang='lat' dir='ltr'>PARS</span> <span class='ocrx_word' id='word_1_6' title='bbox 841 216 891 243; x_wconf 86' lang='lat'>111.</span> <span class='ocrx_word' id='word_1_7' title='bbox 920 215 986 243; x_wconf 82' lang='lat' dir='ltr'>ms</span> <span class='ocrx_word' id='word_1_8' title='bbox 1006 214 1374 243; x_wconf 75' lang='lat' dir='ltr'>1NTERNAT10NALE</span> <span class='ocrx_word' id='word_1_9' title='bbox 1396 217 1473 244; x_wconf 82' lang='lat' dir='ltr'>SEU</span> <span class='ocrx_word' id='word_1_10' title='bbox 1495 216 1685 245; x_wconf 79' lang='lat' dir='ltr'>GENTmM</span> 
     </span>
    </p>
   </div>
   <div class='ocr_carea' id='block_1_2' title="bbox 223 291 1808 2981">
    <p class='ocr_par' dir='ltr' id='par_1_2' title="bbox 225 291 1808 1009">
     <span class='ocr_line' id='line_1_2' title="bbox 232 291 1806 348; baseline -0.001 -16"><span class='ocrx_word' id='word_1_11' title='bbox 232 293 367 332; x_wconf 84' lang='lat' dir='ltr'>tiones</span> <span class='ocrx_word' id='word_1_12' title='bbox 396 292 436 332; x_wconf 90' lang='lat' dir='ltr'>vi</span> <span class='ocrx_word' id='word_1_13' title='bbox 468 293 609 332; x_wconf 85' lang='lat' dir='ltr'>Status</span> <span class='ocrx_word' id='word_1_14' title='bbox 639 292 793 348; x_wconf 73' lang='lat' dir='ltr'>politici</span> <span class='ocrx_word' id='word_1_15' title='bbox 824 305 907 332; x_wconf 91' lang='lat' dir='ltr'>non</span> <span class='ocrx_word' id='word_1_16' title='bbox 936 291 1040 332; x_wconf 87' lang='lat' dir='ltr'>satis</span> <span class='ocrx_word' id='word_1_17' title='bbox 1060 291 1209 331; x_wconf 82' lang='lat' dir='ltr'>vividis</span> <span class='ocrx_word' id='word_1_18' title='bbox 1238 292 1477 345; x_wconf 81' lang='lat' dir='ltr'>indigentiis</span> <span class='ocrx_word' id='word_1_19' title='bbox 1516 293 1806 341; x_wconf 79' lang='lat' dir='ltr'>sollicitentur,</span> 
     </span>
     <span class='ocr_line' id='line_1_3' title="bbox 229 357 1808 413; baseline 0.001 -16"><span class='ocrx_word' id='word_1_20' title='bbox 229 358 377 411; x_wconf 87' lang='lat' dir='ltr'>quibus</span> <span class='ocrx_word' id='word_1_21' title='bbox 407 359 656 411; x_wconf 80' lang='lat' dir='ltr'>repellendis</span> <span class='ocrx_word' id='word_1_22' title='bbox 686 359 942 399; x_wconf 80' lang='lat' dir='ltr'>consortium</span> <span class='ocrx_word' id='word_1_23' title='bbox 971 363 1172 399; x_wconf 88' lang='lat' dir='ltr'>constans</span> <span class='ocrx_word' id='word_1_24' title='bbox 1202 358 1379 398; x_wconf 88' lang='lat' dir='ltr'>aliarum</span> <span class='ocrx_word' id='word_1_25' title='bbox 1408 360 1596 413; x_wconf 87' lang='lat' dir='ltr'>gentium</span> <span class='ocrx_word' id='word_1_26' title='bbox 1636 357 1808 399; x_wconf 89' lang='lat' dir='ltr'>omnino</span> 
     </span>
     <span class='ocr_line' id='line_1_4' title="bbox 229 424 1804 477; baseline 0.001 -14"><span class='ocrx_word' id='word_1_27' title='bbox 229 424 281 463; x_wconf 81' lang='lat' dir='ltr'>sit</span> <span class='ocrx_word' id='word_1_28' title='bbox 309 424 608 475; x_wconf 84' lang='lat' dir='ltr'>necessarium;</span> <span class='ocrx_word' id='word_1_29' title='bbox 626 425 791 466; x_wconf 86' lang='lat' dir='ltr'>stimulo</span> <span class='ocrx_word' id='word_1_30' title='bbox 822 425 1024 465; x_wconf 87' lang='lat' dir='ltr'>carebunt</span> <span class='ocrx_word' id='word_1_31' title='bbox 1053 430 1092 464; x_wconf 90' lang='lat' dir='ltr'>et</span> <span class='ocrx_word' id='word_1_32' title='bbox 1109 437 1250 473; x_wconf 88' lang='lat' dir='ltr'>causa,</span> <span class='ocrx_word' id='word_1_33' title='bbox 1267 439 1348 477; x_wconf 91' lang='lat' dir='ltr'>qua</span> <span class='ocrx_word' id='word_1_34' title='bbox 1364 426 1416 464; x_wconf 90' lang='lat' dir='ltr'>ad</span> <span class='ocrx_word' id='word_1_35' title='bbox 1437 427 1680 466; x_wconf 86' lang='lat' dir='ltr'>societatem</span> <span class='ocrx_word' id='word_1_36' title='bbox 1708 438 1804 465; x_wconf 90' lang='lat' dir='ltr'>cum</span> 
     </span>
     <span class='ocr_line' id='line_1_5' title="bbox 230 488 1806 543; baseline -0.001 -15"><span class='ocrx_word' id='word_1_37' title='bbox 230 489 281 528; x_wconf 92' lang='lat' dir='ltr'>iis</span> <span class='ocrx_word' id='word_1_38' title='bbox 311 490 645 529; x_wconf 89' lang='lat' dir='ltr'>conservandam</span> <span class='ocrx_word' id='word_1_39' title='bbox 675 490 912 538; x_wconf 84' lang='lat' dir='ltr'>incitentur,</span> <span class='ocrx_word' id='word_1_40' title='bbox 935 489 1014 528; x_wconf 89' lang='lat' dir='ltr'>nisi</span> <span class='ocrx_word' id='word_1_41' title='bbox 1043 489 1190 529; x_wconf 85' lang='lat' dir='ltr'>altiore</span> <span class='ocrx_word' id='word_1_42' title='bbox 1211 490 1391 542; x_wconf 89' lang='lat' dir='ltr'>quodam</span> <span class='ocrx_word' id='word_1_43' title='bbox 1420 490 1623 543; x_wconf 88' lang='lat' dir='ltr'>principio</span> <span class='ocrx_word' id='word_1_44' title='bbox 1656 502 1701 529; x_wconf 88' lang='lat' dir='ltr'>se</span> <span class='ocrx_word' id='word_1_45' title='bbox 1722 488 1806 528; x_wconf 89' lang='lat' dir='ltr'>iam</span> 
     </span>
     <span class='ocr_line' id='line_1_6' title="bbox 229 554 1808 608; baseline 0.001 -15"><span class='ocrx_word' id='word_1_46' title='bbox 229 554 539 596; x_wconf 78' lang='lat' dir='ltr'>immutabiliter</span> <span class='ocrx_word' id='word_1_47' title='bbox 568 555 786 596; x_wconf 89' lang='lat' dir='ltr'>devinctas</span> <span class='ocrx_word' id='word_1_48' title='bbox 817 555 1010 596; x_wconf 79' lang='lat' dir='ltr'>sentiant.</span> <span class='ocrx_word' id='word_1_49' title='bbox 1039 556 1103 594; x_wconf 82' lang='lat' dir='ltr'>Ex</span> <span class='ocrx_word' id='word_1_50' title='bbox 1133 569 1213 608; x_wconf 93' lang='lat' dir='ltr'>quo</span> <span class='ocrx_word' id='word_1_51' title='bbox 1245 555 1365 596; x_wconf 85' lang='lat' dir='ltr'>facile</span> <span class='ocrx_word' id='word_1_52' title='bbox 1396 563 1568 608; x_wconf 87' lang='lat' dir='ltr'>apparet</span> <span class='ocrx_word' id='word_1_53' title='bbox 1599 554 1808 608; x_wconf 79' lang='lat' dir='ltr'>sapientia</span> 
     </span>
     <span class='ocr_line' id='line_1_7' title="bbox 229 621 1806 675; baseline -0.001 -14"><span class='ocrx_word' id='word_1_54' title='bbox 229 622 380 661; x_wconf 89' lang='lat' dir='ltr'>summi</span> <span class='ocrx_word' id='word_1_55' title='bbox 411 622 659 671; x_wconf 87' lang='lat' dir='ltr'>Conditoris,</span> <span class='ocrx_word' id='word_1_56' title='bbox 690 622 756 675; x_wconf 87' lang='lat' dir='ltr'>qui</span> <span class='ocrx_word' id='word_1_57' title='bbox 787 621 974 662; x_wconf 86' lang='lat' dir='ltr'>ordinem</span> <span class='ocrx_word' id='word_1_58' title='bbox 1005 623 1369 674; x_wconf 81' lang='lat' dir='ltr'>supernaturalem</span> <span class='ocrx_word' id='word_1_59' title='bbox 1394 623 1576 662; x_wconf 87' lang='lat' dir='ltr'>naturali</span> <span class='ocrx_word' id='word_1_60' title='bbox 1603 623 1664 663; x_wconf 89' lang='lat' dir='ltr'>sic</span> <span class='ocrx_word' id='word_1_61' title='bbox 1694 622 1806 661; x_wconf 91' lang='lat' dir='ltr'>inne-</span> 
     </span>
     <span class='ocr_line' id='line_1_8' title="bbox 227 688 1804 742; baseline 0 -15"><span class='ocrx_word' id='word_1_62' title='bbox 227 688 328 737; x_wconf 83' lang='lat' dir='ltr'>xuit,</span> <span class='ocrx_word' id='word_1_63' title='bbox 360 694 403 728; x_wconf 90' lang='lat' dir='ltr'>ut</span> <span class='ocrx_word' id='word_1_64' title='bbox 432 689 537 729; x_wconf 84' lang='lat' dir='ltr'>alter</span> <span class='ocrx_word' id='word_1_65' title='bbox 566 689 683 729; x_wconf 89' lang='lat' dir='ltr'>alteri</span> <span class='ocrx_word' id='word_1_66' title='bbox 714 688 1002 741; x_wconf 79' lang='lat' dir='ltr'>opitularetur.</span> <span class='ocrx_word' id='word_1_67' title='bbox 1035 690 1167 729; x_wconf 90' lang='lat' dir='ltr'>Immo</span> <span class='ocrx_word' id='word_1_68' title='bbox 1189 688 1451 742; x_wconf 90' lang='lat' dir='ltr'>providentia</span> <span class='ocrx_word' id='word_1_69' title='bbox 1481 690 1603 742; x_wconf 86' lang='lat' dir='ltr'>plane</span> <span class='ocrx_word' id='word_1_70' title='bbox 1625 688 1804 728; x_wconf 86' lang='lat' dir='ltr'>mirabili</span> 
     </span>
     <span class='ocr_line' id='line_1_9' title="bbox 229 754 1801 809; baseline 0 -15"><span class='ocrx_word' id='word_1_71' title='bbox 229 754 290 794; x_wconf 90' lang='lat' dir='ltr'>sic</span> <span class='ocrx_word' id='word_1_72' title='bbox 319 768 387 795; x_wconf 87' lang='lat' dir='ltr'>res</span> <span class='ocrx_word' id='word_1_73' title='bbox 417 755 674 808; x_wconf 82' lang='lat' dir='ltr'>disposuisse</span> <span class='ocrx_word' id='word_1_74' title='bbox 706 755 880 804; x_wconf 81' lang='lat' dir='ltr'>videtur3</span> <span class='ocrx_word' id='word_1_75' title='bbox 903 762 945 794; x_wconf 87' lang='lat' dir='ltr'>ut</span> <span class='ocrx_word' id='word_1_76' title='bbox 976 756 1078 795; x_wconf 88' lang='lat' dir='ltr'>ordo</span> <span class='ocrx_word' id='word_1_77' title='bbox 1100 756 1449 808; x_wconf 85' lang='lat' dir='ltr'>supernaturalis,</span> <span class='ocrx_word' id='word_1_78' title='bbox 1480 755 1548 808; x_wconf 90' lang='lat' dir='ltr'>qui</span> <span class='ocrx_word' id='word_1_79' title='bbox 1578 757 1714 809; x_wconf 83' lang='lat' dir='ltr'>magis</span> <span class='ocrx_word' id='word_1_80' title='bbox 1734 756 1801 795; x_wconf 92' lang='lat' dir='ltr'>in-</span> 
     </span>
     <span class='ocr_line' id='line_1_10' title="bbox 227 821 1800 876; baseline 0.002 -15"><span class='ocrx_word' id='word_1_81' title='bbox 227 827 380 871; x_wconf 87' lang='lat' dir='ltr'>terest,</span> <span class='ocrx_word' id='word_1_82' title='bbox 413 822 538 862; x_wconf 88' lang='lat' dir='ltr'>veluti</span> <span class='ocrx_word' id='word_1_83' title='bbox 569 822 751 863; x_wconf 89' lang='lat' dir='ltr'>conditio</span> <span class='ocrx_word' id='word_1_84' title='bbox 782 822 862 871; x_wconf 90' lang='lat' dir='ltr'>sit,</span> <span class='ocrx_word' id='word_1_85' title='bbox 900 821 992 862; x_wconf 89' lang='lat' dir='ltr'>sine</span> <span class='ocrx_word' id='word_1_86' title='bbox 1027 836 1108 876; x_wconf 91' lang='lat' dir='ltr'>qua</span> <span class='ocrx_word' id='word_1_87' title='bbox 1142 823 1346 862; x_wconf 85' lang='lat' dir='ltr'>naturalis</span> <span class='ocrx_word' id='word_1_88' title='bbox 1382 823 1481 862; x_wconf 90' lang='lat' dir='ltr'>ordo</span> <span class='ocrx_word' id='word_1_89' title='bbox 1512 823 1800 876; x_wconf 87' lang='lat' dir='ltr'>undecumque</span> 
     </span>
     <span class='ocr_line' id='line_1_11' title="bbox 225 889 1808 943; baseline 0.001 -15"><span class='ocrx_word' id='word_1_90' title='bbox 225 889 436 941; x_wconf 87' lang='lat' dir='ltr'>perfectus</span> <span class='ocrx_word' id='word_1_91' title='bbox 465 890 645 930; x_wconf 88' lang='lat' dir='ltr'>evadere</span> <span class='ocrx_word' id='word_1_92' title='bbox 674 895 863 942; x_wconf 90' lang='lat' dir='ltr'>nequeat.</span> <span class='ocrx_word' id='word_1_93' title='bbox 896 890 960 929; x_wconf 82' lang='lat' dir='ltr'>Ex</span> <span class='ocrx_word' id='word_1_94' title='bbox 980 903 1060 942; x_wconf 91' lang='lat' dir='ltr'>quo</span> <span class='ocrx_word' id='word_1_95' title='bbox 1090 891 1135 930; x_wconf 89' lang='lat' dir='ltr'>fit</span> <span class='ocrx_word' id='word_1_96' title='bbox 1155 896 1199 929; x_wconf 90' lang='lat' dir='ltr'>ut</span> <span class='ocrx_word' id='word_1_97' title='bbox 1219 890 1412 930; x_wconf 89' lang='lat' dir='ltr'>homines</span> <span class='ocrx_word' id='word_1_98' title='bbox 1442 890 1494 930; x_wconf 89' lang='lat' dir='ltr'>ad</span> <span class='ocrx_word' id='word_1_99' title='bbox 1523 890 1638 929; x_wconf 89' lang='lat' dir='ltr'>illum</span> <span class='ocrx_word' id='word_1_100' title='bbox 1676 903 1808 943; x_wconf 88' lang='lat' dir='ltr'>quae-</span> 
     </span>
     <span class='ocr_line' id='line_1_12' title="bbox 225 955 1434 1009; baseline 0.001 -14"><span class='ocrx_word' id='word_1_101' title='bbox 225 956 402 996; x_wconf 90' lang='lat' dir='ltr'>rendum</span> <span class='ocrx_word' id='word_1_102' title='bbox 432 956 696 1009; x_wconf 85' lang='lat' dir='ltr'>temporariis</span> <span class='ocrx_word' id='word_1_103' title='bbox 726 956 851 996; x_wconf 88' lang='lat' dir='ltr'>etiam</span> <span class='ocrx_word' id='word_1_104' title='bbox 881 955 1127 996; x_wconf 82' lang='lat' dir='ltr'>utilitatibus</span> <span class='ocrx_word' id='word_1_105' title='bbox 1158 957 1434 1009; x_wconf 86' lang='lat' dir='ltr'>impellantur.</span> 
     </span>
    </p>

    <p class='ocr_par' dir='ltr' id='par_1_3' title="bbox 223 1021 1808 2515">
     <span class='ocr_line' id='line_1_13' title="bbox 278 1021 1808 1073; baseline 0.001 -12"><span class='ocrx_word' id='word_1_106' title='bbox 278 1024 341 1061; x_wconf 87' lang='lat'>41.</span> <span class='ocrx_word' id='word_1_107' title='bbox 372 1022 587 1063; x_wconf 86' lang='lat' dir='ltr'>Ecclesiae</span> <span class='ocrx_word' id='word_1_108' title='bbox 606 1022 790 1062; x_wconf 85' lang='lat' dir='ltr'>influxus</span> <span class='ocrx_word' id='word_1_109' title='bbox 812 1021 947 1073; x_wconf 86' lang='lat' dir='ltr'>quoad</span> <span class='ocrx_word' id='word_1_110' title='bbox 975 1021 1099 1061; x_wconf 88' lang='lat' dir='ltr'>finem</span> <span class='ocrx_word' id='word_1_111' title='bbox 1120 1022 1340 1063; x_wconf 85' lang='lat' dir='ltr'>societatis</span> <span class='ocrx_word' id='word_1_112' title='bbox 1361 1022 1668 1062; x_wconf 85' lang='lat' dir='ltr'>Ethnarchicae</span> <span class='ocrx_word' id='word_1_113' title='bbox 1703 1033 1808 1063; x_wconf 90' lang='lat' dir='ltr'>con—</span> 
     </span>
     <span class='ocr_line' id='line_1_14' title="bbox 227 1087 1805 1140; baseline -0.001 -11"><span class='ocrx_word' id='word_1_114' title='bbox 227 1089 496 1140; x_wconf 86' lang='lat' dir='ltr'>sequendum.</span> <span class='ocrx_word' id='word_1_115' title='bbox 529 1090 621 1128; x_wconf 93' lang='lat' dir='ltr'>Non</span> <span class='ocrx_word' id='word_1_116' title='bbox 652 1090 774 1128; x_wconf 90' lang='lat' dir='ltr'>modo</span> <span class='ocrx_word' id='word_1_117' title='bbox 796 1088 906 1127; x_wconf 89' lang='lat' dir='ltr'>utilis</span> <span class='ocrx_word' id='word_1_118' title='bbox 929 1087 1003 1127; x_wconf 90' lang='lat' dir='ltr'>sed</span> <span class='ocrx_word' id='word_1_119' title='bbox 1033 1101 1204 1140; x_wconf 89' lang='lat' dir='ltr'>prorsus</span> <span class='ocrx_word' id='word_1_120' title='bbox 1224 1089 1492 1129; x_wconf 86' lang='lat' dir='ltr'>necessarius</span> <span class='ocrx_word' id='word_1_121' title='bbox 1514 1088 1717 1129; x_wconf 87' lang='lat' dir='ltr'>dicendus</span> <span class='ocrx_word' id='word_1_122' title='bbox 1740 1094 1805 1128; x_wconf 87' lang='lat' dir='ltr'>est</span> 
     </span>
     <span class='ocr_line' id='line_1_15' title="bbox 225 1153 1802 1207; baseline 0.001 -14"><span class='ocrx_word' id='word_1_123' title='bbox 225 1155 408 1194; x_wconf 79' lang='lat' dir='ltr'>influxus</span> <span class='ocrx_word' id='word_1_124' title='bbox 426 1153 654 1202; x_wconf 87' lang='lat' dir='ltr'>Ecclesiae,</span> <span class='ocrx_word' id='word_1_125' title='bbox 672 1159 716 1193; x_wconf 96' lang='lat' dir='ltr'>ut</span> <span class='ocrx_word' id='word_1_126' title='bbox 734 1154 916 1195; x_wconf 90' lang='lat' dir='ltr'>societas</span> <span class='ocrx_word' id='word_1_127' title='bbox 933 1153 1265 1194; x_wconf 85' lang='lat' dir='ltr'>internationalis</span> <span class='ocrx_word' id='word_1_128' title='bbox 1281 1155 1408 1194; x_wconf 89' lang='lat' dir='ltr'>finem</span> <span class='ocrx_word' id='word_1_129' title='bbox 1427 1154 1616 1207; x_wconf 84' lang='lat' dir='ltr'>attingat,</span> <span class='ocrx_word' id='word_1_130' title='bbox 1634 1160 1802 1207; x_wconf 89' lang='lat' dir='ltr'>propter</span> 
     </span>
     <span class='ocr_line' id='line_1_16' title="bbox 226 1218 1804 1272; baseline 0 -13"><span class='ocrx_word' id='word_1_131' title='bbox 226 1233 347 1272; x_wconf 89' lang='lat' dir='ltr'>quem</span> <span class='ocrx_word' id='word_1_132' title='bbox 377 1232 402 1258; x_wconf 92' lang='lat' dir='ltr'>a</span> <span class='ocrx_word' id='word_1_133' title='bbox 431 1225 585 1259; x_wconf 88' lang='lat' dir='ltr'>natura</span> <span class='ocrx_word' id='word_1_134' title='bbox 615 1219 887 1267; x_wconf 88' lang='lat' dir='ltr'>desideratur,</span> <span class='ocrx_word' id='word_1_135' title='bbox 919 1224 1043 1271; x_wconf 90' lang='lat' dir='ltr'>atque</span> <span class='ocrx_word' id='word_1_136' title='bbox 1072 1218 1391 1259; x_wconf 86' lang='lat' dir='ltr'>instrumentum</span> <span class='ocrx_word' id='word_1_137' title='bbox 1414 1219 1564 1259; x_wconf 89' lang='lat' dir='ltr'>evadat</span> <span class='ocrx_word' id='word_1_138' title='bbox 1595 1232 1679 1258; x_wconf 89' lang='lat' dir='ltr'>non</span> <span class='ocrx_word' id='word_1_139' title='bbox 1711 1219 1804 1259; x_wconf 89' lang='lat' dir='ltr'>vio—</span> 
     </span>
     <span class='ocr_line' id='line_1_17' title="bbox 223 1274 1806 1337; baseline -0.001 -14"><span class='ocrx_word' id='word_1_140' title='bbox 223 1284 376 1325; x_wconf 88' lang='lat' dir='ltr'>lentiae</span> <span class='ocrx_word' id='word_1_141' title='bbox 406 1290 444 1324; x_wconf 91' lang='lat' dir='ltr'>et</span> <span class='ocrx_word' id='word_1_142' title='bbox 473 1283 761 1337; x_wconf 88' lang='lat' dir='ltr'>corrupt-ionis,</span> <span class='ocrx_word' id='word_1_143' title='bbox 788 1274 1073 1324; x_wconf 24' lang='lat' dir='ltr'>sed-beneficii</span> <span class='ocrx_word' id='word_1_144' title='bbox 1096 1290 1135 1324; x_wconf 92' lang='lat' dir='ltr'>et</span> <span class='ocrx_word' id='word_1_145' title='bbox 1156 1283 1418 1323; x_wconf 88' lang='lat' dir='ltr'>incrementi.</span> <span class='ocrx_word' id='word_1_146' title='bbox 1443 1285 1551 1323; x_wconf 87' lang='lat' dir='ltr'>Nam</span> <span class='ocrx_word' id='word_1_147' title='bbox 1575 1297 1670 1323; x_wconf 89' lang='lat' dir='ltr'>cum</span> <span class='ocrx_word' id='word_1_148' title='bbox 1693 1283 1806 1323; x_wconf 93' lang='lat' dir='ltr'>eius-</span> 
     </span>
     <span class='ocr_line' id='line_1_18' title="bbox 225 1350 1807 1403; baseline 0 -13"><span class='ocrx_word' id='word_1_149' title='bbox 225 1351 335 1391; x_wconf 85' lang='lat' dir='ltr'>modi</span> <span class='ocrx_word' id='word_1_150' title='bbox 352 1350 535 1391; x_wconf 89' lang='lat' dir='ltr'>societas</span> <span class='ocrx_word' id='word_1_151' title='bbox 566 1364 805 1403; x_wconf 87' lang='lat' dir='ltr'>supremum</span> <span class='ocrx_word' id='word_1_152' title='bbox 824 1350 950 1390; x_wconf 90' lang='lat' dir='ltr'>veluti</span> <span class='ocrx_word' id='word_1_153' title='bbox 981 1350 1159 1389; x_wconf 89' lang='lat' dir='ltr'>tribunal</span> <span class='ocrx_word' id='word_1_154' title='bbox 1182 1350 1421 1398; x_wconf 86' lang='lat' dir='ltr'>constituat,</span> <span class='ocrx_word' id='word_1_155' title='bbox 1439 1363 1464 1389; x_wconf 89' lang='lat' dir='ltr'>a</span> <span class='ocrx_word' id='word_1_156' title='bbox 1485 1363 1564 1402; x_wconf 87' lang='lat' dir='ltr'>quo</span> <span class='ocrx_word' id='word_1_157' title='bbox 1590 1351 1807 1391; x_wconf 88' lang='lat' dir='ltr'>nationum</span> 
     </span>
     <span class='ocr_line' id='line_1_19' title="bbox 223 1415 1806 1468; baseline 0 -12"><span class='ocrx_word' id='word_1_158' title='bbox 223 1416 536 1456; x_wconf 87' lang='lat' dir='ltr'>controversiae</span> <span class='ocrx_word' id='word_1_159' title='bbox 567 1415 853 1463; x_wconf 90' lang='lat' dir='ltr'>diiudicentur,</span> <span class='ocrx_word' id='word_1_160' title='bbox 876 1428 1103 1468; x_wconf 88' lang='lat' dir='ltr'>earumque</span> <span class='ocrx_word' id='word_1_161' title='bbox 1125 1416 1250 1455; x_wconf 87' lang='lat' dir='ltr'>veluti</span> <span class='ocrx_word' id='word_1_162' title='bbox 1273 1422 1409 1455; x_wconf 89' lang='lat' dir='ltr'>sortes</span> <span class='ocrx_word' id='word_1_163' title='bbox 1439 1416 1661 1468; x_wconf 88' lang='lat' dir='ltr'>pendeant,</span> <span class='ocrx_word' id='word_1_164' title='bbox 1686 1423 1806 1456; x_wconf 86' lang='lat' dir='ltr'>tanta</span> 
     </span>
     <span class='ocr_line' id='line_1_20' title="bbox 224 1481 1798 1534; baseline 0 -12"><span class='ocrx_word' id='word_1_165' title='bbox 224 1488 362 1522; x_wconf 89' lang='lat' dir='ltr'>autem</span> <span class='ocrx_word' id='word_1_166' title='bbox 384 1482 423 1521; x_wconf 94' lang='lat' dir='ltr'>vi</span> <span class='ocrx_word' id='word_1_167' title='bbox 444 1481 684 1529; x_wconf 81' lang='lat' dir='ltr'>instruatur,</span> <span class='ocrx_word' id='word_1_168' title='bbox 715 1487 760 1520; x_wconf 91' lang='lat' dir='ltr'>ut</span> <span class='ocrx_word' id='word_1_169' title='bbox 780 1483 817 1521; x_wconf 88' lang='lat' dir='ltr'>ei</span> <span class='ocrx_word' id='word_1_170' title='bbox 847 1481 1043 1521; x_wconf 84' lang='lat' dir='ltr'>resistere</span> <span class='ocrx_word' id='word_1_171' title='bbox 1070 1482 1184 1521; x_wconf 89' lang='lat' dir='ltr'>nulla</span> <span class='ocrx_word' id='word_1_172' title='bbox 1213 1481 1297 1520; x_wconf 84' lang='lat' dir='ltr'>alia</span> <span class='ocrx_word' id='word_1_173' title='bbox 1317 1481 1549 1521; x_wconf 89' lang='lat' dir='ltr'>materialis</span> <span class='ocrx_word' id='word_1_174' title='bbox 1573 1482 1633 1521; x_wconf 87' lang='lat' dir='ltr'>vis</span> <span class='ocrx_word' id='word_1_175' title='bbox 1656 1482 1798 1534; x_wconf 88' lang='lat' dir='ltr'>possit;</span> 
     </span>
     <span class='ocr_line' id='line_1_21' title="bbox 225 1545 1801 1598; baseline -0.001 -10"><span class='ocrx_word' id='word_1_176' title='bbox 225 1559 489 1598; x_wconf 85' lang='lat' dir='ltr'>summopere</span> <span class='ocrx_word' id='word_1_177' title='bbox 519 1552 558 1586; x_wconf 93' lang='lat' dir='ltr'>et</span> <span class='ocrx_word' id='word_1_178' title='bbox 588 1545 770 1586; x_wconf 83' lang='lat' dir='ltr'>maxime</span> <span class='ocrx_word' id='word_1_179' title='bbox 801 1545 1089 1585; x_wconf 89' lang='lat' dir='ltr'>necessarium</span> <span class='ocrx_word' id='word_1_180' title='bbox 1120 1552 1183 1585; x_wconf 86' lang='lat' dir='ltr'>est</span> <span class='ocrx_word' id='word_1_181' title='bbox 1214 1552 1256 1586; x_wconf 90' lang='lat' dir='ltr'>ut</span> <span class='ocrx_word' id='word_1_182' title='bbox 1281 1545 1497 1597; x_wconf 84' lang='lat' dir='ltr'>vigilantia</span> <span class='ocrx_word' id='word_1_183' title='bbox 1518 1553 1557 1585; x_wconf 88' lang='lat' dir='ltr'>et</span> <span class='ocrx_word' id='word_1_184' title='bbox 1588 1546 1801 1597; x_wconf 89' lang='lat' dir='ltr'>praesidio</span> 
     </span>
     <span class='ocr_line' id='line_1_22' title="bbox 224 1612 1799 1667; baseline -0.001 -13"><span class='ocrx_word' id='word_1_185' title='bbox 224 1619 394 1667; x_wconf 81' lang='lat' dir='ltr'>regatur</span> <span class='ocrx_word' id='word_1_186' title='bbox 423 1613 512 1653; x_wconf 91' lang='lat' dir='ltr'>eius</span> <span class='ocrx_word' id='word_1_187' title='bbox 542 1613 951 1666; x_wconf 87' lang='lat' dir='ltr'>auctoritatis,·quae</span> <span class='ocrx_word' id='word_1_188' title='bbox 983 1612 1066 1652; x_wconf 92' lang='lat' dir='ltr'>vim</span> <span class='ocrx_word' id='word_1_189' title='bbox 1096 1625 1216 1652; x_wconf 89' lang='lat' dir='ltr'>suam</span> <span class='ocrx_word' id='word_1_190' title='bbox 1253 1612 1419 1652; x_wconf 90' lang='lat' dir='ltr'>nonnisi</span> <span class='ocrx_word' id='word_1_191' title='bbox 1456 1626 1510 1652; x_wconf 83' lang='lat' dir='ltr'>ex</span> <span class='ocrx_word' id='word_1_192' title='bbox 1537 1612 1694 1652; x_wconf 89' lang='lat' dir='ltr'>iustitia</span> <span class='ocrx_word' id='word_1_193' title='bbox 1724 1613 1799 1653; x_wconf 91' lang='lat' dir='ltr'>de—</span> 
     </span>
     <span class='ocr_line' id='line_1_23' title="bbox 223 1677 1804 1730; baseline 0 -13"><span class='ocrx_word' id='word_1_194' title='bbox 223 1679 345 1726; x_wconf 84' lang='lat' dir='ltr'>rivat,</span> <span class='ocrx_word' id='word_1_195' title='bbox 377 1683 416 1718; x_wconf 93' lang='lat' dir='ltr'>et</span> <span class='ocrx_word' id='word_1_196' title='bbox 447 1683 532 1718; x_wconf 89' lang='lat' dir='ltr'>tota</span> <span class='ocrx_word' id='word_1_197' title='bbox 561 1684 719 1730; x_wconf 87' lang='lat' dir='ltr'>quanta</span> <span class='ocrx_word' id='word_1_198' title='bbox 748 1683 811 1717; x_wconf 89' lang='lat' dir='ltr'>est</span> <span class='ocrx_word' id='word_1_199' title='bbox 841 1677 973 1717; x_wconf 91' lang='lat' dir='ltr'>ordini</span> <span class='ocrx_word' id='word_1_200' title='bbox 1003 1677 1149 1717; x_wconf 90' lang='lat' dir='ltr'>morali</span> <span class='ocrx_word' id='word_1_201' title='bbox 1191 1678 1462 1718; x_wconf 90' lang='lat' dir='ltr'>custodiendo</span> <span class='ocrx_word' id='word_1_202' title='bbox 1493 1684 1617 1730; x_wconf 90' lang='lat' dir='ltr'>atque</span> <span class='ocrx_word' id='word_1_203' title='bbox 1647 1678 1804 1730; x_wconf 88' lang='lat' dir='ltr'>ampli-</span> 
     </span>
     <span class='ocr_line' id='line_1_24' title="bbox 229 1743 1800 1797; baseline -0.001 -13"><span class='ocrx_word' id='word_1_204' title='bbox 229 1745 394 1784; x_wconf 88' lang='lat' dir='ltr'>ficando</span> <span class='ocrx_word' id='word_1_205' title='bbox 424 1750 633 1797; x_wconf 86' lang='lat' dir='ltr'>operatur.</span> <span class='ocrx_word' id='word_1_206' title='bbox 679 1745 906 1784; x_wconf 88' lang='lat' dir='ltr'>Praeterea</span> <span class='ocrx_word' id='word_1_207' title='bbox 935 1743 1132 1796; x_wconf 81' lang='lat' dir='ltr'>frequens</span> <span class='ocrx_word' id='word_1_208' title='bbox 1162 1749 1202 1784; x_wconf 89' lang='lat' dir='ltr'>et</span> <span class='ocrx_word' id='word_1_209' title='bbox 1244 1743 1404 1783; x_wconf 91' lang='lat' dir='ltr'>stabilis</span> <span class='ocrx_word' id='word_1_210' title='bbox 1435 1743 1649 1784; x_wconf 90' lang='lat' dir='ltr'>nationum</span> <span class='ocrx_word' id='word_1_211' title='bbox 1681 1757 1800 1783; x_wconf 90' lang='lat' dir='ltr'>com-</span> 
     </span>
     <span class='ocr_line' id='line_1_25' title="bbox 231 1809 1805 1862; baseline 0 -14"><span class='ocrx_word' id='word_1_212' title='bbox 231 1809 486 1858; x_wconf 87' lang='lat' dir='ltr'>municatio,</span> <span class='ocrx_word' id='word_1_213' title='bbox 518 1823 767 1862; x_wconf 89' lang='lat' dir='ltr'>quamquam</span> <span class='ocrx_word' id='word_1_214' title='bbox 798 1822 870 1861; x_wconf 85' lang='lat' dir='ltr'>per</span> <span class='ocrx_word' id='word_1_215' title='bbox 901 1822 946 1849; x_wconf 87' lang='lat' dir='ltr'>se</span> <span class='ocrx_word' id='word_1_216' title='bbox 975 1809 1095 1850; x_wconf 84' lang='lat' dir='ltr'>iuxta</span> <span class='ocrx_word' id='word_1_217' title='bbox 1124 1822 1298 1861; x_wconf 90' lang='lat' dir='ltr'>scopum</span> <span class='ocrx_word' id='word_1_218' title='bbox 1328 1816 1504 1850; x_wconf 88' lang='lat' dir='ltr'>naturae</span> <span class='ocrx_word' id='word_1_219' title='bbox 1535 1809 1588 1848; x_wconf 89' lang='lat' dir='ltr'>ad</span> <span class='ocrx_word' id='word_1_220' title='bbox 1618 1815 1805 1848; x_wconf 84' lang='lat' dir='ltr'>mutuum</span> 
     </span>
     <span class='ocr_line' id='line_1_26' title="bbox 226 1873 1799 1926; baseline 0 -13"><span class='ocrx_word' id='word_1_221' title='bbox 226 1874 427 1913; x_wconf 83' lang='lat' dir='ltr'>auxilium</span> <span class='ocrx_word' id='word_1_222' title='bbox 458 1874 759 1926; x_wconf 87' lang='lat' dir='ltr'>praestandum</span> <span class='ocrx_word' id='word_1_223' title='bbox 789 1879 827 1913; x_wconf 90' lang='lat' dir='ltr'>et</span> <span class='ocrx_word' id='word_1_224' title='bbox 857 1887 1019 1912; x_wconf 88' lang='lat' dir='ltr'>morum</span> <span class='ocrx_word' id='word_1_225' title='bbox 1050 1873 1315 1913; x_wconf 87' lang='lat' dir='ltr'>honestatem</span> <span class='ocrx_word' id='word_1_226' title='bbox 1346 1874 1584 1926; x_wconf 80' lang='lat' dir='ltr'>augendam</span> <span class='ocrx_word' id='word_1_227' title='bbox 1615 1880 1799 1926; x_wconf 89' lang='lat' dir='ltr'>spectat;</span> 
     </span>
     <span class='ocr_line' id='line_1_27' title="bbox 225 1937 1807 1979; baseline -0.001 0"><span class='ocrx_word' id='word_1_228' title='bbox 225 1945 367 1979; x_wconf 90' lang='lat' dir='ltr'>tamen</span> <span class='ocrx_word' id='word_1_229' title='bbox 385 1937 483 1978; x_wconf 90' lang='lat' dir='ltr'>vitio</span> <span class='ocrx_word' id='word_1_230' title='bbox 505 1938 672 1978; x_wconf 88' lang='lat' dir='ltr'>nativae</span> <span class='ocrx_word' id='word_1_231' title='bbox 694 1937 946 1977; x_wconf 88' lang='lat' dir='ltr'>infirmitatis</span> <span class='ocrx_word' id='word_1_232' title='bbox 962 1937 1171 1977; x_wconf 88' lang='lat' dir='ltr'>humanae</span> <span class='ocrx_word' id='word_1_233' title='bbox 1194 1937 1314 1977; x_wconf 86' lang='lat' dir='ltr'>facile</span> <span class='ocrx_word' id='word_1_234' title='bbox 1345 1937 1569 1977; x_wconf 85' lang='lat' dir='ltr'>admodum</span> <span class='ocrx_word' id='word_1_235' title='bbox 1593 1938 1646 1976; x_wconf 90' lang='lat' dir='ltr'>ad</span> <span class='ocrx_word' id='word_1_236' title='bbox 1667 1950 1807 1977; x_wconf 88' lang='lat' dir='ltr'>mores</span> 
     </span>
     <span class='ocr_line' id='line_1_28' title="bbox 226 2001 1804 2057; baseline -0.002 -14"><span class='ocrx_word' id='word_1_237' title='bbox 226 2004 363 2057; x_wconf 88' lang='lat' dir='ltr'>potius</span> <span class='ocrx_word' id='word_1_238' title='bbox 393 2004 676 2055; x_wconf 88' lang='lat' dir='ltr'>deturpandos</span> <span class='ocrx_word' id='word_1_239' title='bbox 707 2009 746 2043; x_wconf 93' lang='lat' dir='ltr'>et</span> <span class='ocrx_word' id='word_1_240' title='bbox 781 2002 1153 2042; x_wconf 89' lang='lat' dir='ltr'>commaculandos</span> <span class='ocrx_word' id='word_1_241' title='bbox 1190 2002 1458 2042; x_wconf 88' lang='lat' dir='ltr'>convertitur.</span> <span class='ocrx_word' id='word_1_242' title='bbox 1507 2001 1629 2042; x_wconf 90' lang='lat' dir='ltr'>Unde</span> <span class='ocrx_word' id='word_1_243' title='bbox 1658 2002 1804 2049; x_wconf 85' lang='lat' dir='ltr'>Plato,</span> 
     </span>
     <span class='ocr_line' id='line_1_29' title="bbox 228 2065 1805 2121; baseline -0.001 -13"><span class='ocrx_word' id='word_1_244' title='bbox 228 2068 493 2121; x_wconf 88' lang='lat' dir='ltr'>antiquorum</span> <span class='ocrx_word' id='word_1_245' title='bbox 523 2068 874 2121; x_wconf 82' lang='lat' dir='ltr'>sapientissimus,</span> <span class='ocrx_word' id='word_1_246' title='bbox 905 2068 971 2107; x_wconf 89' lang='lat' dir='ltr'>vel</span> <span class='ocrx_word' id='word_1_247' title='bbox 1006 2067 1142 2120; x_wconf 90' lang='lat' dir='ltr'>ipsum</span> <span class='ocrx_word' id='word_1_248' title='bbox 1177 2066 1475 2107; x_wconf 88' lang='lat' dir='ltr'>commercium</span> <span class='ocrx_word' id='word_1_249' title='bbox 1505 2065 1613 2105; x_wconf 90' lang='lat' dir='ltr'>inter</span> <span class='ocrx_word' id='word_1_250' title='bbox 1641 2071 1805 2118; x_wconf 81' lang='lat' dir='ltr'>gentes,</span> 
     </span>
     <span class='ocr_line' id='line_1_30' title="bbox 226 2134 1804 2188; baseline -0.003 -10"><span class='ocrx_word' id='word_1_251' title='bbox 226 2152 279 2178; x_wconf 92' lang='lat' dir='ltr'>ne</span> <span class='ocrx_word' id='word_1_252' title='bbox 310 2151 454 2178; x_wconf 90' lang='lat' dir='ltr'>earum</span> <span class='ocrx_word' id='word_1_253' title='bbox 484 2149 622 2177; x_wconf 91' lang='lat' dir='ltr'>mores</span> <span class='ocrx_word' id='word_1_254' title='bbox 644 2142 944 2188; x_wconf 81' lang='lat' dir='ltr'>corrumperet,</span> <span class='ocrx_word' id='word_1_255' title='bbox 966 2135 1251 2176; x_wconf 86' lang='lat' dir='ltr'>aversabatur.</span> <span class='ocrx_word' id='word_1_256' title='bbox 1285 2136 1343 2175; x_wconf 86' lang='lat' dir='ltr'>Ut</span> <span class='ocrx_word' id='word_1_257' title='bbox 1371 2134 1497 2187; x_wconf 79' lang='lat' dir='ltr'>igitur</span> <span class='ocrx_word' id='word_1_258' title='bbox 1528 2139 1689 2176; x_wconf 87' lang='lat' dir='ltr'>tantum</span> <span class='ocrx_word' id='word_1_259' title='bbox 1712 2148 1804 2175; x_wconf 89' lang='lat' dir='ltr'>ma—</span> 
     </span>
     <span class='ocr_line' id='line_1_31' title="bbox 227 2201 1805 2251; baseline -0.002 -8"><span class='ocrx_word' id='word_1_260' title='bbox 227 2204 312 2243; x_wconf 87' lang='lat' dir='ltr'>lurn</span> <span class='ocrx_word' id='word_1_261' title='bbox 334 2203 573 2251; x_wconf 86' lang='lat' dir='ltr'>declinetur,</span> <span class='ocrx_word' id='word_1_262' title='bbox 596 2202 707 2242; x_wconf 91' lang='lat' dir='ltr'>omni</span> <span class='ocrx_word' id='word_1_263' title='bbox 729 2216 831 2241; x_wconf 90' lang='lat' dir='ltr'>cura</span> <span class='ocrx_word' id='word_1_264' title='bbox 852 2202 1085 2242; x_wconf 91' lang='lat' dir='ltr'>cavendum</span> <span class='ocrx_word' id='word_1_265' title='bbox 1115 2207 1178 2241; x_wconf 88' lang='lat' dir='ltr'>est</span> <span class='ocrx_word' id='word_1_266' title='bbox 1198 2214 1251 2240; x_wconf 90' lang='lat' dir='ltr'>ne</span> <span class='ocrx_word' id='word_1_267' title='bbox 1281 2201 1442 2242; x_wconf 87' lang='lat' dir='ltr'>falsitas</span> <span class='ocrx_word' id='word_1_268' title='bbox 1472 2215 1571 2241; x_wconf 89' lang='lat' dir='ltr'>vero</span> <span class='ocrx_word' id='word_1_269' title='bbox 1592 2207 1638 2242; x_wconf 90' lang='lat' dir='ltr'>et</span> <span class='ocrx_word' id='word_1_270' title='bbox 1658 2201 1805 2241; x_wconf 89' lang='lat' dir='ltr'>vitium</span> 
     </span>
     <span class='ocr_line' id='line_1_32' title="bbox 226 2267 1808 2320; baseline -0.002 -11"><span class='ocrx_word' id='word_1_271' title='bbox 226 2270 364 2311; x_wconf 81' lang='lat' dir='ltr'>v1rtuti</span> <span class='ocrx_word' id='word_1_272' title='bbox 386 2269 632 2309; x_wconf 89' lang='lat' dir='ltr'>dominetur.</span> <span class='ocrx_word' id='word_1_273' title='bbox 652 2270 696 2308; x_wconf 85' lang='lat' dir='ltr'>Id</span> <span class='ocrx_word' id='word_1_274' title='bbox 713 2274 850 2308; x_wconf 86' lang='lat' dir='ltr'>autem</span> <span class='ocrx_word' id='word_1_275' title='bbox 871 2268 990 2309; x_wconf 88' lang='lat' dir='ltr'>aliter</span> <span class='ocrx_word' id='word_1_276' title='bbox 1008 2267 1183 2308; x_wconf 87' lang='lat' dir='ltr'>obtineri</span> <span class='ocrx_word' id='word_1_277' title='bbox 1201 2268 1353 2320; x_wconf 89' lang='lat' dir='ltr'>nequit,</span> <span class='ocrx_word' id='word_1_278' title='bbox 1376 2267 1455 2308; x_wconf 89' lang='lat' dir='ltr'>nisi</span> <span class='ocrx_word' id='word_1_279' title='bbox 1472 2267 1679 2320; x_wconf 87' lang='lat' dir='ltr'>praesidio</span> <span class='ocrx_word' id='word_1_280' title='bbox 1700 2267 1808 2307; x_wconf 90' lang='lat' dir='ltr'>chri-</span> 
     </span>
     <span class='ocr_line' id='line_1_33' title="bbox 227 2332 1802 2386; baseline -0.002 -11"><span class='ocrx_word' id='word_1_281' title='bbox 227 2335 390 2375; x_wconf 84' lang='lat' dir='ltr'>stianae</span> <span class='ocrx_word' id='word_1_282' title='bbox 418 2334 649 2386; x_wconf 81' lang='lat' dir='ltr'>religionis,</span> <span class='ocrx_word' id='word_1_283' title='bbox 669 2347 777 2386; x_wconf 88' lang='lat' dir='ltr'>quae</span> <span class='ocrx_word' id='word_1_284' title='bbox 807 2334 964 2374; x_wconf 90' lang='lat' dir='ltr'>ordinis</span> <span class='ocrx_word' id='word_1_285' title='bbox 982 2333 1153 2373; x_wconf 88' lang='lat' dir='ltr'>moralis</span> <span class='ocrx_word' id='word_1_286' title='bbox 1173 2332 1403 2373; x_wconf 85' lang='lat' dir='ltr'>defensioni</span> <span class='ocrx_word' id='word_1_287' title='bbox 1425 2333 1616 2373; x_wconf 88' lang='lat' dir='ltr'>assidens</span> <span class='ocrx_word' id='word_1_288' title='bbox 1639 2332 1802 2385; x_wconf 83' lang='lat' dir='ltr'>turpifi-</span> 
     </span>
     <span class='ocr_line' id='line_1_34' title="bbox 228 2399 1804 2452; baseline -0.003 -11"><span class='ocrx_word' id='word_1_289' title='bbox 228 2407 347 2441; x_wconf 89' lang='lat' dir='ltr'>catos</span> <span class='ocrx_word' id='word_1_290' title='bbox 365 2413 504 2440; x_wconf 88' lang='lat' dir='ltr'>mores</span> <span class='ocrx_word' id='word_1_291' title='bbox 524 2400 674 2452; x_wconf 83' lang='lat' dir='ltr'>iugiter</span> <span class='ocrx_word' id='word_1_292' title='bbox 695 2399 919 2440; x_wconf 89' lang='lat' dir='ltr'>emendare</span> <span class='ocrx_word' id='word_1_293' title='bbox 945 2400 1094 2448; x_wconf 84' lang='lat' dir='ltr'>studet,</span> <span class='ocrx_word' id='word_1_294' title='bbox 1125 2405 1165 2439; x_wconf 89' lang='lat' dir='ltr'>et</span> <span class='ocrx_word' id='word_1_295' title='bbox 1185 2399 1455 2439; x_wconf 90' lang='lat' dir='ltr'>revelationis</span> <span class='ocrx_word' id='word_1_296' title='bbox 1476 2412 1555 2450; x_wconf 91' lang='lat' dir='ltr'>ope</span> <span class='ocrx_word' id='word_1_297' title='bbox 1577 2403 1804 2438; x_wconf 88' lang='lat' dir='ltr'>torrentem</span> 
     </span>
     <span class='ocr_line' id='line_1_35' title="bbox 228 2462 1805 2515; baseline -0.001 -12"><span class='ocrx_word' id='word_1_298' title='bbox 228 2465 355 2504; x_wconf 89' lang='lat' dir='ltr'>veluti</span> <span class='ocrx_word' id='word_1_299' title='bbox 385 2464 490 2504; x_wconf 92' lang='lat' dir='ltr'>lucis</span> <span class='ocrx_word' id='word_1_300' title='bbox 520 2464 561 2503; x_wconf 89' lang='lat' dir='ltr'>in</span> <span class='ocrx_word' id='word_1_301' title='bbox 591 2464 782 2504; x_wconf 86' lang='lat' dir='ltr'>nationes</span> <span class='ocrx_word' id='word_1_302' title='bbox 813 2464 997 2514; x_wconf 82' lang='lat' dir='ltr'>effundit,</span> <span class='ocrx_word' id='word_1_303' title='bbox 1028 2464 1082 2504; x_wconf 89' lang='lat' dir='ltr'>ad</span> <span class='ocrx_word' id='word_1_304' title='bbox 1112 2463 1267 2503; x_wconf 90' lang='lat' dir='ltr'>erroris</span> <span class='ocrx_word' id='word_1_305' title='bbox 1298 2463 1495 2503; x_wconf 89' lang='lat' dir='ltr'>tenebras</span> <span class='ocrx_word' id='word_1_306' title='bbox 1527 2462 1805 2515; x_wconf 87' lang='lat' dir='ltr'>dissipandas.</span> 
     </span>
    </p>

    <p class='ocr_par' dir='ltr' id='par_1_4' title="bbox 229 2528 1808 2981">
     <span class='ocr_line' id='line_1_36' title="bbox 280 2528 1807 2581; baseline 0 -13"><span class='ocrx_word' id='word_1_307' title='bbox 280 2530 344 2568; x_wconf 74' lang='lat'>42.</span> <span class='ocrx_word' id='word_1_308' title='bbox 375 2530 559 2569; x_wconf 86' lang='lat' dir='ltr'>Influxus</span> <span class='ocrx_word' id='word_1_309' title='bbox 579 2529 796 2569; x_wconf 86' lang='lat' dir='ltr'>Ecclesiae</span> <span class='ocrx_word' id='word_1_310' title='bbox 817 2529 952 2581; x_wconf 86' lang='lat' dir='ltr'>quoad</span> <span class='ocrx_word' id='word_1_311' title='bbox 972 2541 1121 2569; x_wconf 89' lang='lat' dir='ltr'>verum</span> <span class='ocrx_word' id='word_1_312' title='bbox 1140 2529 1359 2570; x_wconf 83' lang='lat' dir='ltr'>nationum</span> <span class='ocrx_word' id='word_1_313' title='bbox 1381 2540 1663 2581; x_wconf 71' lang='lat' dir='ltr'>progressum.</span> <span class='ocrx_word' id='word_1_314' title='bbox 1694 2528 1807 2568; x_wconf 87' lang='lat' dir='ltr'>Ordo</span> 
     </span>
     <span class='ocr_line' id='line_1_37' title="bbox 231 2596 1801 2648; baseline -0.001 -13"><span class='ocrx_word' id='word_1_315' title='bbox 231 2596 321 2648; x_wconf 91' lang='lat' dir='ltr'>ipse</span> <span class='ocrx_word' id='word_1_316' title='bbox 351 2608 488 2635; x_wconf 86' lang='lat' dir='ltr'>rerum</span> <span class='ocrx_word' id='word_1_317' title='bbox 519 2596 600 2635; x_wconf 90' lang='lat' dir='ltr'>hoc</span> <span class='ocrx_word' id='word_1_318' title='bbox 630 2597 722 2635; x_wconf 92' lang='lat' dir='ltr'>loco</span> <span class='ocrx_word' id='word_1_319' title='bbox 753 2609 830 2635; x_wconf 90' lang='lat' dir='ltr'>nos</span> <span class='ocrx_word' id='word_1_320' title='bbox 859 2596 1028 2635; x_wconf 88' lang='lat' dir='ltr'>adducit</span> <span class='ocrx_word' id='word_1_321' title='bbox 1058 2599 1108 2636; x_wconf 87' lang='lat' dir='ltr'>ad</span> <span class='ocrx_word' id='word_1_322' title='bbox 1141 2610 1228 2636; x_wconf 86' lang='lat' dir='ltr'>rem</span> <span class='ocrx_word' id='word_1_323' title='bbox 1266 2596 1438 2635; x_wconf 85' lang='lat' dir='ltr'>maximi</span> <span class='ocrx_word' id='word_1_324' title='bbox 1468 2597 1665 2635; x_wconf 88' lang='lat' dir='ltr'>momenti</span> <span class='ocrx_word' id='word_1_325' title='bbox 1697 2609 1801 2635; x_wconf 89' lang='lat' dir='ltr'>con-</span> 
     </span>
     <span class='ocr_line' id='line_1_38' title="bbox 230 2659 1808 2708; baseline -0.002 -7"><span class='ocrx_word' id='word_1_326' title='bbox 230 2660 509 2708; x_wconf 85' lang='lat' dir='ltr'>siderandam,</span> <span class='ocrx_word' id='word_1_327' title='bbox 541 2661 704 2701; x_wconf 89' lang='lat' dir='ltr'>scilicet</span> <span class='ocrx_word' id='word_1_328' title='bbox 721 2674 875 2701; x_wconf 82' lang='lat' dir='ltr'>nexum</span> <span class='ocrx_word' id='word_1_329' title='bbox 896 2660 1130 2702; x_wconf 87' lang='lat' dir='ltr'>catholicae</span> <span class='ocrx_word' id='word_1_330' title='bbox 1155 2661 1374 2701; x_wconf 89' lang='lat' dir='ltr'>Ecclesiae</span> <span class='ocrx_word' id='word_1_331' title='bbox 1395 2674 1490 2700; x_wconf 90' lang='lat' dir='ltr'>cum</span> <span class='ocrx_word' id='word_1_332' title='bbox 1511 2672 1610 2699; x_wconf 87' lang='lat' dir='ltr'>vero</span> <span class='ocrx_word' id='word_1_333' title='bbox 1632 2659 1808 2699; x_wconf 89' lang='lat' dir='ltr'>humani</span> 
     </span>
     <span class='ocr_line' id='line_1_39' title="bbox 229 2727 1807 2785; baseline -0.003 -14"><span class='ocrx_word' id='word_1_334' title='bbox 229 2730 397 2785; x_wconf 81' lang='lat' dir='ltr'>generis</span> <span class='ocrx_word' id='word_1_335' title='bbox 427 2743 674 2782; x_wconf 78' lang='lat' dir='ltr'>progressu3</span> <span class='ocrx_word' id='word_1_336' title='bbox 707 2728 775 2783; x_wconf 86' lang='lat' dir='ltr'>qui</span> <span class='ocrx_word' id='word_1_337' title='bbox 804 2728 894 2769; x_wconf 87' lang='lat' dir='ltr'>sine</span> <span class='ocrx_word' id='word_1_338' title='bbox 925 2728 1110 2769; x_wconf 90' lang='lat' dir='ltr'>eiusdem</span> <span class='ocrx_word' id='word_1_339' title='bbox 1141 2728 1358 2768; x_wconf 88' lang='lat' dir='ltr'>Ecclesiae</span> <span class='ocrx_word' id='word_1_340' title='bbox 1389 2728 1547 2767; x_wconf 84' lang='lat' dir='ltr'>influxu</span> <span class='ocrx_word' id='word_1_341' title='bbox 1569 2739 1619 2766; x_wconf 92' lang='lat' dir='ltr'>ac</span> <span class='ocrx_word' id='word_1_342' title='bbox 1649 2727 1807 2775; x_wconf 82' lang='lat' dir='ltr'>tutela,</span> 
     </span>
     <span class='ocr_line' id='line_1_40' title="bbox 230 2793 1807 2850; baseline -0.003 -13"><span class='ocrx_word' id='word_1_343' title='bbox 230 2811 303 2850; x_wconf 87' lang='lat' dir='ltr'>per</span> <span class='ocrx_word' id='word_1_344' title='bbox 332 2797 578 2838; x_wconf 87' lang='lat' dir='ltr'>societatem</span> <span class='ocrx_word' id='word_1_345' title='bbox 609 2796 973 2837; x_wconf 89' lang='lat' dir='ltr'>internationalem</span> <span class='ocrx_word' id='word_1_346' title='bbox 1004 2808 1088 2835; x_wconf 90' lang='lat' dir='ltr'>non</span> <span class='ocrx_word' id='word_1_347' title='bbox 1118 2795 1240 2834; x_wconf 92' lang='lat' dir='ltr'>modo</span> <span class='ocrx_word' id='word_1_348' title='bbox 1268 2794 1453 2833; x_wconf 86' lang='lat' dir='ltr'>incertus</span> <span class='ocrx_word' id='word_1_349' title='bbox 1473 2794 1602 2841; x_wconf 88' lang='lat' dir='ltr'>fieret,</span> <span class='ocrx_word' id='word_1_350' title='bbox 1636 2793 1711 2834; x_wconf 88' lang='lat' dir='ltr'>sed</span> <span class='ocrx_word' id='word_1_351' title='bbox 1742 2793 1807 2833; x_wconf 85' lang='lat' dir='ltr'>sa-</span> 
     </span>
     <span class='ocr_line' id='line_1_41' title="bbox 233 2861 1806 2917; baseline -0.004 -13"><span class='ocrx_word' id='word_1_352' title='bbox 233 2865 384 2905; x_wconf 88' lang='lat' dir='ltr'>cillirne</span> <span class='ocrx_word' id='word_1_353' title='bbox 414 2865 457 2904; x_wconf 90' lang='lat' dir='ltr'>in</span> <span class='ocrx_word' id='word_1_354' title='bbox 486 2877 723 2917; x_wconf 85' lang='lat' dir='ltr'>regressum</span> <span class='ocrx_word' id='word_1_355' title='bbox 754 2870 793 2904; x_wconf 90' lang='lat' dir='ltr'>et</span> <span class='ocrx_word' id='word_1_356' title='bbox 824 2862 1057 2903; x_wconf 88' lang='lat' dir='ltr'>barbariem</span> <span class='ocrx_word' id='word_1_357' title='bbox 1089 2862 1374 2913; x_wconf 77' lang='lat' dir='ltr'>degeneraret.</span> <span class='ocrx_word' id='word_1_358' title='bbox 1405 2861 1512 2900; x_wconf 90' lang='lat' dir='ltr'>Nam</span> <span class='ocrx_word' id='word_1_359' title='bbox 1542 2866 1706 2901; x_wconf 90' lang='lat' dir='ltr'>mutuus</span> <span class='ocrx_word' id='word_1_360' title='bbox 1737 2873 1806 2899; x_wconf 88' lang='lat' dir='ltr'>na-</span> 
     </span>
     <span class='ocr_line' id='line_1_42' title="bbox 231 2925 1803 2981; baseline -0.003 -12"><span class='ocrx_word' id='word_1_361' title='bbox 231 2929 388 2969; x_wconf 87' lang='lat' dir='ltr'>tionum</span> <span class='ocrx_word' id='word_1_362' title='bbox 418 2934 661 2977; x_wconf 85' lang='lat' dir='ltr'>contactus,</span> <span class='ocrx_word' id='word_1_363' title='bbox 693 2940 772 2981; x_wconf 86' lang='lat' dir='ltr'>quo</span> <span class='ocrx_word' id='word_1_364' title='bbox 803 2927 961 2967; x_wconf 86' lang='lat' dir='ltr'>firmior</span> <span class='ocrx_word' id='word_1_365' title='bbox 993 2932 1056 2967; x_wconf 88' lang='lat' dir='ltr'>est</span> <span class='ocrx_word' id='word_1_366' title='bbox 1083 2940 1133 2966; x_wconf 89' lang='lat' dir='ltr'>ac</span> <span class='ocrx_word' id='word_1_367' title='bbox 1166 2925 1305 2974; x_wconf 88' lang='lat' dir='ltr'>latior,</span> <span class='ocrx_word' id='word_1_368' title='bbox 1336 2939 1385 2966; x_wconf 93' lang='lat' dir='ltr'>eo</span> <span class='ocrx_word' id='word_1_369' title='bbox 1413 2926 1613 2966; x_wconf 87' lang='lat' dir='ltr'>maiorem</span> <span class='ocrx_word' id='word_1_370' title='bbox 1648 2930 1803 2965; x_wconf 90' lang='lat' dir='ltr'>motum</span> 
     </span>
    </p>
   </div>
  </div>
 </body>
</html>
