1970 3203
205 207 341 235 CAPUT
368 207 409 232 11.
440 206 492 232 DE
522 203 786 232 OPERATIONE
807 204 984 230 HUMANA
1006 202 1146 229 PROUT
1168 201 1413 228 ORDmATUR
1429 202 1469 228 1N
1491 201 1618 228 FINEM
1645 190 1696 227 43

177 286 240 324 34.
269 284 519 322 Paoposmo
549 281 606 320 4².
627 279 860 319 Actionem
887 281 1178 317 humanarum
1199 277 1426 316 moralitas
1453 276 1696 316 immediate

121 348 337 403 pendetab
349 347 499 386 ordine
515 346 712 386 obiectivo
730 357 979 396 rer-ztm‚per
996 344 1206 383 rationem
1223 345 1496 395 apprelzen303
1513 341 1693 381 mediate

127 417 266 454 autem
281 413 332 453 ab
349 413 498 452 ordine
521 412 692 450 divinae
721 409 956 462 sapientiae
972 412 1011 448 et
1024 408 1236 456 bonitatis,
1258 422 1330 448 sea
1348 422 1374 447 a
1396 410 1484 460 leffe
1501 411 1690 447 aeterna.

179 479 301 520 Prob.
321 479 455 531 prima
474 490 583 530 pars.
606 475 815 528 Cuiusque
836 475 941 514 entis
962 481 1047 514 tum
1069 475 1202 513 bonae
1227 481 1300 514 aut
1328 475 1463 514 malae
1487 479 1584 514 sunt
1604 486 1697 524 ope-

121 543 319 590 rationes,
350 555 444 582 cum
474 546 709 594 congruunt
738 539 801 579 vel
833 538 1070 590 discrepant
1098 542 1283 584 naturae,
1314 551 1395 588 qua
1428 537 1526 576 illud
1556 537 1695 588 speci-

122 608 202 647 fice
232 612 408 646 constat.
437 607 492 644 At
520 606 671 651 homo,
702 616 783 655 qua
812 602 936 641 homo
967 607 1041 649 est,
1071 601 1229 640 ratione
1261 606 1436 648 constat,
1468 607 1507 640 et
1535 602 1696 640 ratione

124 669 218 710 duci
248 670 371 710 debet
398 669 440 710 in
466 670 685 721 operando.
710 668 820 718 Ergo
842 665 931 705 eius
952 664 1140 704 actiones
1161 664 1294 703 bonae
1320 670 1439 702 erunt
1462 663 1526 702 vel
1548 664 1699 708 malae,

123 743 244 789 prout
273 736 390 777 iuxta
419 737 483 775 vel
513 740 660 774 contra
688 733 897 773 dictamen
926 739 965 770 et
986 731 1152 769 ductum
1172 728 1346 768 rationis
1374 730 1489 768 fiunt.
1516 730 1570 768 At
1591 728 1699 768 ratio

123 800 215 839 hoc·
235 800 363 840 dictat
390 806 433 839 ut
462 799 561 839 ordo
591 811 729 837 rerum
759 801 958 842 servetur,
990 795 1107 847 eique
1137 794 1262 833 homo
1292 805 1337 832 se
1368 797 1625 842 attemperet,
1653 799 1697 831 ut

125 864 345 903 harmonia
363 864 434 903 illa
448 862 635 902 renideat
653 861 695 900 in
715 860 878 900 actibus
899 858 1265 910 voluntatis,quam
1285 869 1423 896 rerum
1440 866 1590 893 natura
1606 855 1697 900 sert,

127 940 179 966 ac
198 940 417 980 supremus
438 927 599 967 Artifex
620 925 804 966 intendit.
828 924 935 963 Huic
957 923 1082 975 igitur
1104 921 1248 969 ordini,
1270 934 1296 960 a
1317 921 1404 959 Deo
1426 920 1551 958 rebus
1578 919 1705 969 impo-

128 993 206 1033 sito
223 1001 261 1033 et
277 1007 354 1046 ope
370 993 544 1035 rationis
558 991 1086 1038 innotescenti,consonare
1101 988 1290 1028 actiones
1307 987 1516 1025 humanae
1534 985 1701 1030 debent,

128 1062 172 1095 ut
200 1056 409 1097 hominem
439 1057 626 1103 deceant,
655 1062 775 1108 prout
795 1055 919 1093 homo
940 1059 1014 1100 est,
1035 1066 1085 1092 ac
1103 1051 1271 1104 proinde
1288 1059 1329 1089 ut
1346 1051 1482 1090 bonae
1504 1057 1543 1089 et
1566 1050 1701 1088 hone—

128 1126 218 1160 stae
234 1120 477 1161 habeantur.
492 1122 659 1167 Contra,
680 1120 714 1159 si
734 1124 1015 1171 repugnantes
1036 1117 1092 1155 illi
1112 1123 1218 1163 sunt,
1237 1114 1392 1153 malitia
1413 1113 1703 1165 turpabuntur.

181 1185 302 1224 Prob.
334 1186 520 1225 secunda
540 1198 647 1237 pars.
671 1184 783 1223 Ordo
803 1196 942 1222 rerum
965 1181 1114 1233 pendet
1134 1193 1160 1218 a
1185 1179 1326 1218 divina
1352 1176 1558 1228 sapientia
1577 1182 1615 1214 et
1635 1175 1702 1214 bo-

129 1250 269 1290 nitate.
299 1253 454 1292 Rerum
484 1251 593 1291 enim
614 1256 788 1290 naturae
809 1255 848 1288 et
868 1248 962 1287 inde
984 1252 1238 1297 exurgentes
1263 1243 1490 1291 relationes
1510 1254 1536 1279 a
1557 1241 1700 1279 divino

130 1316 341 1358 intellectu
362 1318 580 1364 dictantur,
598 1315 780 1356 divinam
802 1314 1025 1354 essentiam
1046 1311 1363 1362 contemplante.
1380 1310 1490 1359 Ergo
1508 1309 1587 1347 hoc
1606 1309 1697 1359 ipso

133 1381 242 1432 quod
269 1371 480 1421 actionum
511 1381 788 1418 humanarum
816 1378 1029 1417 moralitas
1049 1376 1283 1415 immediate
1309 1374 1459 1426 pendet
1481 1372 1532 1411 ab
1554 1372 1702 1410 ordine

134 1446 338 1485 obiectivo
367 1459 515 1492 rerum,
546 1444 724 1484 mediate
754 1444 904 1495 pendet
931 1456 955 1482 a
986 1442 1125 1481 divina
1155 1440 1357 1493 sapientia
1387 1452 1492 1491 quae
1515 1438 1699 1478 ordinem

137 1509 251 1548 illum
274 1510 412 1558 dictat,
434 1523 486 1549 ex
506 1508 653 1548 intuitu
674 1507 838 1547 divinae
859 1505 1067 1546 bonitatis.
1091 1504 1305 1557 Sapientia
1324 1510 1461 1542 autem
1481 1502 1568 1548 Dei,
1593 1516 1699 1554 qua-

139 1579 262 1612 tenus
290 1585 427 1611 rerum
445 1573 631 1612 ordinem
654 1572 780 1611 dictat
799 1584 852 1609 ex
884 1570 1033 1610 intuitu
1059 1569 1224 1608 divinae
1253 1566 1462 1612 bonitatis,
1480 1566 1548 1604 lex
1573 1571 1702 1605 aeter-

138 1651 193 1677 na
220 1639 468 1678 nominatur.

190 1702 426 1749 Praeterea,
442 1701 655 1740 moralitas
672 1700 819 1752 pendet
839 1699 890 1738 ab
907 1699 1050 1738 ordine
1069 1712 1221 1744 rerum,
1242 1705 1447 1749 quatenus
1470 1695 1536 1734 hic
1554 1695 1655 1734 ordo
1675 1709 1700 1734 a

135 1765 296 1804 ratione
312 1764 634 1817 apprehenditur
655 1771 694 1804 et
710 1763 910 1804 voluntati
933 1763 1185 1815 proponitur.
1200 1763 1281 1801 Sed
1299 1762 1403 1800 ratio
1420 1761 1461 1799 in
1483 1766 1642 1798 tantum
1665 1759 1704 1799 id

133 1838 330 1882 praestat,
342 1831 384 1869 in
396 1837 594 1882 quantum
611 1839 673 1869 est
685 1830 933 1882 participata
948 1829 1173 1869 similitudo
1190 1829 1362 1868 rationis
1380 1827 1560 1874 divinae,
1580 1841 1605 1867 a
1621 1840 1704 1879 qua

135 1893 271 1934 omnis
286 1894 443 1934 veritas
459 1895 547 1933 sive
565 1894 825 1944 speculativa
841 1893 928 1932 sive
946 1893 1132 1944 practica
1148 1892 1259 1932 ducit
1276 1893 1611 1945 originemErgo
1634 1906 1705 1931 ne-

133 1958 219 2010 quit
235 1958 428 1996 voluntas
447 1957 602 1997 habere
622 1971 696 2009 pro
717 1970 864 1996 norma
880 1957 1082 1996 rationem
1100 1958 1338 2003 humanam,
1357 1958 1544 1996 ordinem
1562 1970 1701 1995 rerum

134 2020 526 2073 apprehendentem
543 2023 638 2073 quin
655 2022 735 2060 hoc
751 2021 839 2072 ipso
857 2034 930 2072 pro
947 2033 1095 2059 norma
1110 2021 1262 2060 habeat
1279 2021 1483 2060 rationem
1502 2020 1700 2068 divinam,

135 2086 253 2126 cuius
269 2085 418 2124 virtute
434 2085 538 2125 ratio
554 2087 740 2125 humana
755 2092 960 2137 operatur.
977 2086 1177 2138 Apposite
1199 2087 1239 2126 S.
1259 2088 1457 2126 Thomas:
1473 2102 1492 2124 «
1512 2087 1559 2124 In
1577 2086 1708 2126 omni-

134 2149 212 2189 bus
230 2148 369 2189 causis
379 2149 578 2189 ordinatis
591 2151 764 2190 effectus
777 2151 867 2201 plus
883 2151 1121 2202 dependeta
1134 2164 1263 2191 causa
1279 2151 1551 2203 prima‚quam
1569 2163 1594 2188 a
1609 2163 1707 2189 cau-

136 2227 187 2253 sa
220 2213 425 2263 secunda,
455 2215 551 2266 quia
580 2228 711 2255 causa
739 2215 923 2254 secunda
951 2227 1035 2253 non
1063 2214 1150 2265 agit
1178 2214 1259 2253 nisi
1288 2214 1329 2252 in
1360 2214 1511 2252 virtute
1543 2213 1700 2265 primae

137 2291 304 2318 causae.
335 2279 456 2324 Quod
484 2286 622 2320 autem
651 2281 757 2320 ratio
787 2281 972 2320 humana
991 2281 1044 2320 sit
1063 2280 1207 2332 regula
1227 2280 1452 2319 voluntatis
1479 2281 1706 2326 humanae,

137 2358 191 2384 ex
216 2359 298 2397 qua
326 2346 415 2385 eius
446 2347 609 2386 bonitas
639 2354 909 2395 mensuratur,
940 2347 1066 2386 habet
1093 2359 1144 2385 ex
1173 2346 1265 2397 lege
1297 2352 1469 2385 aeterna
1497 2358 1604 2397 quae
1637 2353 1702 2385 est

136 2409 241 2449 ratio
272 2409 422 2448 divina.
454 2411 575 2450 Unde
604 2411 647 2449 in
678 2413 746 2450 Ps.
776 2412 828 2451 46
857 2411 1016 2450 dicitur:
1048 2409 1184 2448 Macte·
1210 2409 1377 2448 dieunt:
1408 2408 1504 2460 qais
1522 2408 1705 2447 ostendit

137 2473 253 2512 nobis
280 2472 422 2511 bona?
455 2473 686 2525 Signatum
715 2478 777 2514 est
802 2487 932 2527 saper·
958 2487 1034 2513 nos
1066 2474 1207 2512 lamen
1239 2474 1378 2512 vultus
1412 2473 1484 2520 ίιιί,
1505 2472 1703 2519 Domine3

137 2539 255 2592 quasi
285 2538 452 2578 diceret:
484 2540 645 2579 Lumen
675 2540 860 2587 rationis,
892 2541 1000 2592 quod
1030 2540 1071 2578 in
1102 2539 1221 2578 nobis
1251 2547 1333 2586 est,
1363 2539 1405 2577 in
1435 2545 1597 2578 tanturn
1628 2551 1706 2590 po—

135 2608 215 2643 test
244 2602 364 2641 nobis
381 2604 600 2643 ostendere
620 2603 730 2643 bona
750 2610 789 2644 et
809 2611 995 2643 nostram
1014 2604 1268 2642 voluntatem
1288 2603 1491 2652 regulare3
1514 2601 1555 2640 in
1575 2613 1702 2652 quan-

135 2672 222 2707 tum
253 2672 314 2706 est
342 2667 481 2706 lumen
511 2668 649 2708 vultus
679 2667 750 2716 tui,
779 2667 886 2706 idest
917 2680 941 2705 a
971 2667 1084 2705 vultu
1113 2672 1182 2705 tuo
1214 2665 1458 2706 derivatum.
1483 2664 1602 2703 Unde
1623 2675 1708 2701 ma-

133 2731 327 2772 nifestum
356 2737 420 2770 est
448 2732 556 2783 quod
584 2732 711 2771 multo
742 2730 877 2783 magis
907 2730 1109 2782 dependet
1128 2728 1293 2769 bonitas
1314 2728 1539 2768 voluntatis
1560 2740 1585 2765 a
1605 2727 1698 2777 lege

139 2801 320 2843 aeterna,
351 2809 474 2847 quam
505 2810 531 2835 a
559 2796 718 2835 ratione
747 2796 932 2834 humana
960 2795 1030 2845 (1).
1064 2807 1083 2829 »

185 2886 234 2925 (1)
259 2886 412 2919 Summa
436 2888 482 2919 th.
505 2888 546 2919 1.·
569 2888 623 2920 ΞΝ
659 2896 691 2927 q.
709 2888 805 2925 XIX,
827 2897 857 2920 a.
880 2888 906 2919 4.
