1970 3203
161 219 239 260 182
500 229 566 256 ius
595 227 798 255 NATURAE
817 237 837 242 —
855 226 963 253 PARS
993 226 1016 252 1.
1047 225 1111 253 ms
1140 225 1412 254 1ND1VIDUALE

159 306 391 360 plicandas.
423 307 530 345 Nam
552 303 632 343 nisi
653 302 801 342 divites
823 308 979 350 essent,
1001 315 1124 342 nemo
1146 300 1386 354 operosiore
1422 314 1523 341 cura
1547 301 1751 357 liberatus

158 384 206 410 se
228 377 361 410 totum
383 367 683 420 intelligentiae
700 366 983 419 perficiendae
1006 372 1091 405 tum
1112 366 1154 405 in
1171 379 1216 406 se
1234 374 1320 407 tum
1342 365 1383 405 in
1405 365 1499 406 aliis
1519 365 1746 414 addiceret;

155 451 234 477 nec
263 437 333 485 illi,
364 436 431 489 qui
453 434 610 474 viribus
631 433 821 486 corporis
842 433 998 486 pollent
1018 433 1092 473 sed
1113 440 1252 473 mente
1274 446 1420 485 parum
1450 433 1602 481 valent,
1640 431 1753 472 adiu-

159 508 302 541 menta
314 499 543 552 reperirent
556 497 745 537 aliorum.
758 498 881 537 Certe
894 503 1010 537 tanta
1023 503 1086 536 est
1101 497 1337 537 necessitas
1354 496 1636 550 inaequalium
1655 509 1753 536 con-

160 564 361 604 ditionum
383 563 491 603 inter
512 561 717 610 homines;
739 569 783 601 ut
804 561 839 600 si
868 561 995 614 (quod
1015 561 1214 613 possibile
1236 574 1449 614 nunquam
1471 561 1566 612 erit)
1600 560 1747 600 aufer-

160 636 315 675 rentur,
330 626 466 666 omnis
483 625 617 665 civilis
633 626 782 674 cultus,
795 625 932 665 omnis
949 638 1200 677 progressus
1220 624 1371 664 artium
1393 631 1435 664 et
1455 624 1745 673 scientiarum,

163 707 286 734 omne
311 692 506 733 virtutum
529 691 852 731 domesticarum
875 696 915 731 et
934 690 1116 730 civilium
1133 690 1387 739 exercitium,
1409 690 1546 729 omnis
1567 689 1748 742 denique

162 758 351 797 humana
371 756 630 809 prosperitas
650 756 773 808 plane
794 762 1020 796 corrueret.
1053 756 1262 804 Ceterum,
1294 760 1338 795 ut
1367 754 1519 807 optime
1556 753 1676 794 docet
1706 754 1749 792 S.

165 824 366 872 Thomas,
397 822 458 862 sic
490 822 607 862 dives
627 823 746 862 iuxta
767 827 943 862 naturae
964 821 1152 862 ordinem
1174 821 1390 874 possidere
1407 821 1529 861 debet
1557 819 1749 874 proprias

163 904 277 944 opeS,
307 898 352 931 ut
386 908 404 929 κ
426 891 475 930 de
496 889 607 929 facili
627 902 701 929 eas
733 888 1015 928 communicet
1046 888 1087 926 in
1118 887 1372 927 necessitate
1402 887 1595 926 aliorum.
1626 885 1751 926 Unde

162 955 392 1007 Apostolus
423 953 521 993 dicit
549 954 612 1005 (1a
642 953 695 992 ad
718 952 898 991 Timoth.
930 952 1086 1000 ultimo,
1119 952 1215 1004 17):
1245 951 1458 992 Divitibus
1489 951 1617 990 huius
1647 963 1743 989 sae-

165 1022 257 1061 culi
274 1020 519 1075 praecipe...
539 1019 682 1072 facile
713 1019 911 1066 tribuere,
942 1018 1263 1058 communicare
1291 1018 1341 1058 de
1370 1017 1490 1057 bonis
1521 1018 1595 1069 (1).
1627 1031 1646 1054 »

699 1152 1094 1191 ARTICULUS
1142 1149 1217 1189 ΙΙΙ.

753 1284 821 1323 De
850 1283 1153 1323 contr-actibus.

221 1417 284 1457 79.
307 1416 410 1465 Quid
430 1416 488 1456 sit
507 1418 766 1457 contractus.
793 1415 896 1454 Cum
915 1413 1156 1461 dominium,
1179 1425 1229 1453 ex
1253 1412 1504 1465 proprietate
1525 1423 1751 1458 enascens,

164 1483 342 1523 liberam
364 1482 422 1522 rei
453 1479 769 1533 dispositionem
799 1480 1005 1532 importet;
1033 1478 1216 1528 profecto
1239 1478 1481 1518 facultatem
1503 1477 1753 1529 complecti-

168 1557 233 1591 tur
263 1547 476 1589 alienandi
505 1560 606 1595 rem,
638 1547 673 1586 si
693 1547 805 1596 libet,
828 1546 999 1599 eiusque
1022 1545 1182 1586 fructus
1212 1559 1306 1585 cum
1330 1545 1501 1585 alterius
1523 1558 1651 1598 opera
1681 1552 1755 1584 aut

165 1614 291 1655 rebus
321 1602 618 1653 commutandi.
649 1612 785 1664 Atque
815 1612 868 1650 ad
897 1611 938 1650 id
968 1611 1092 1651 homo
1117 1610 1154 1650 vi
1176 1610 1355 1650 naturae
1375 1609 1583 1650 incitatur.
1615 1610 1750 1649 Nemo

170 1682 280 1722 enim
302 1694 379 1720 sua
400 1684 560 1719 tantum
583 1692 711 1731 opera
732 1685 805 1718 aut
824 1677 945 1718 bonis
967 1677 1043 1718 sibi
1056 1677 1272 1717 sufficiens
1289 1683 1365 1724 est;
1383 1690 1478 1716 cum
1493 1688 1561 1715 res
1573 1681 1753 1715 naturae

169 1759 377 1798 nusquam
407 1743 638 1797 aequaliter
667 1743 892 1791 abundent,
923 1742 998 1783 sed
1028 1755 1102 1794 pro
1134 1741 1375 1782 diversitate
1395 1741 1513 1787 caeli,
1546 1741 1752 1786 culturae,

169 1811 374 1852 ubertatis
395 1810 486 1858 soli,
507 1809 766 1861 aliarumque
787 1822 1024 1856 causarum,
1047 1807 1156 1848 unde
1179 1808 1370 1860 pendent,
1402 1807 1466 1846 sui
1496 1805 1661 1858 copiam
1683 1813 1758 1845 aut

170 1879 355 1932 inopiam
386 1876 625 1917 exhibeant.
657 1875 769 1915 Hinc
790 1888 935 1915 amore
956 1888 1060 1927 erga
1089 1887 1167 1914 nos
1203 1881 1327 1926 atque
1362 1873 1469 1913 alios
1502 1872 1757 1925 impellimur

171 1945 225 1984 ad
254 1949 441 1983 mutuam
477 1940 899 1981 communicationem
935 1945 975 1980 et
1004 1939 1355 1992 permutationem
1393 1938 1592 1991 ipsarum,
1633 1945 1674 1978 et
1703 1938 1756 1976 ad

171 2007 428 2049 commercia
447 2006 626 2046 invicem
647 2005 841 2045 ineunda.
865 2006 912 2044 In
933 2005 1001 2044 his
1034 2003 1257 2056 peculiaris
1287 2009 1407 2042 actus
1437 2002 1669 2050 intercedit,
1701 2016 1766 2041 u-‚

172 2080 363 2125 tramque
393 2077 553 2123 partem
584 2070 637 2109 ad
668 2069 792 2109 fidem
823 2069 1077 2109 servandam
1108 2067 1389 2120 adstringenS,
1420 2066 1489 2119 qui
1517 2067 1663 2118 pactio
1687 2067 1756 2106 vel

174 2141 424 2179 contr-aetus
452 2135 703 2184 nominatur,
733 2141 773 2175 et
803 2134 917 2174 aliud
947 2147 1031 2174 non
1062 2139 1126 2173 est
1155 2132 1393 2186 quidquam,
1427 2131 1535 2171 nisi:
1567 2131 1757 2171 duorum

176 2207 238 2246 vel
264 2204 460 2258 plurium
491 2202 537 2242 in
567 2201 678 2241 idem
700 2202 914 2255 placitam
944 2212 1174 2240 consensus
1205 2200 1278 2251 (2).

227 2272 290 2312 80.
322 2270 590 2311 conditiones
619 2269 863 2320 requisitae.
893 2268 951 2308 Ut
980 2272 1223 2307 contractus
1252 2265 1305 2306 sit
1336 2265 1513 2313 validus,
1545 2264 1757 2304 conditio-

172 2351 249 2378 nes
279 2336 506 2377 nonnullae
536 2335 810 2389 requiruntur.
841 2335 934 2374 Hae
954 2339 1095 2373 autem
1116 2338 1212 2372 sunt
1232 2337 1423 2384 quatuor,
1444 2331 1650 2372 videlicet:
1682 2344 1759 2371 co·

172 2404 303 2457 gnitio
334 2403 405 2451 rei,
436 2402 550 2441 circa
578 2415 703 2454 quam
734 2406 976 2440 contractus
998 2404 1204 2446 versatum
1236 2397 1408 2437 libertas
1430 2397 1472 2436 in
1494 2398 1756 2437 contrahen-

173 2468 297 2517 tibus;
332 2466 630 2508 coexsistentia
659 2465 790 2505 mutui
821 2476 1068 2511 consensus;
1102 2461 1359 2514 possibilitas
1389 2466 1514 2514 atque
1548 2461 1755 2500 honestas

174 2534 249 2583 rei,
272 2534 321 2574 de
351 2547 434 2586 qua
464 2533 765 2573 contrahentes
793 2531 1075 2583 paciscuntur.

221 2610 272 2651 (1)
299 2610 453 2642 Summa
478 2609 525 2641 tlz.
548 2610 589 2641 2.·
604 2612 647 2639 ‘2³⁹
678 2619 709 2649 q.
736 2608 861 2647 LXVI,
885 2618 906 2640 a
928 2608 955 2640 2.

221 2663 272 2704 (2)
290 2662 461 2695 Concedit
485 2662 696 2694 Heineccius
713 2664 860 2703 paetum
883 2672 904 2693 a
928 2662 1115 2694 contractu
1131 2668 1196 2701 per
1220 2668 1260 2691 se
1276 2667 1345 2691 non
1363 2656 1608 2694 discriminarn
1627 2659 1664 2689 at
1677 2658 1761 2690 Pus-

178 2715 356 2749 fendorfio
380 2715 578 2747 assentitur
603 2715 867 2748 distinctionem
891 2714 1047 2755 aliquam
1073 2712 1152 2745 inde
1175 2711 1323 2750 haberi,
1348 2711 1445 2752 quod
1472 2720 1518 2742 ex
1540 2712 1663 2744 vetere
1693 2722 1762 2746 usu

176 2767 348 2808 loquendi
373 2770 594 2800 contractas
617 2767 661 2799 de
685 2767 726 2799 iis
749 2766 860 2799 rebus
886 2766 1034 2803 dicatur,
1059 2774 1152 2805 quae
1178 2762 1325 2805 proprie
1349 2762 1465 2794 dictae
1489 2763 1763 2797 commutationi

179 2832 245 2855 seu
269 2822 484 2854 commercio
511 2824 593 2853 sunt
617 2821 805 2859 obnoxiae,
827 2830 897 2853 non
919 2829 1006 2853 vero
1032 2821 1075 2852 de
1098 2819 1151 2858 iis,
1175 2828 1267 2859 quae
1284 2828 1306 2850 a
1327 2817 1552 2851 commerciis
1575 2819 1761 2857 recedunt,

179 2876 224 2908 de
249 2875 378 2915 quibus
401 2874 523 2916 potius
543 2877 701 2916 partum
725 2874 860 2906 dicitur.
885 2874 958 2906 Sed
982 2882 1087 2905 usum
1110 2872 1204 2904 hunc
1225 2880 1295 2904 non
1319 2871 1410 2903 satis
1427 2881 1554 2905 revera
1565 2872 1759 2914 probatum

179 2929 376 2971 comperio,
401 2938 481 2961 cum
505 2930 659 2969 utraque
683 2936 755 2960 vox
779 2927 986 2969 promiscue
1011 2925 1245 2959 communiter
1268 2924 1490 2959 adhibeatur.
