1970 3203
190 175 269 215 210
549 185 614 213 ius
644 185 846 212 NATURAE
870 195 889 201 -
912 186 1020 213 PARS
1050 187 1086 212 11.
1115 186 1182 213 ius
1212 185 1384 213 SOCIALE

188 268 232 302 ut
262 260 358 308 dixi,
393 260 527 299 factus
559 266 623 300 est
654 261 987 306 Sacramentum,
1019 260 1129 312 quod
1158 268 1271 301 certe
1301 261 1379 301 soli
1408 262 1650 303 auctoritati
1678 262 1769 303 reli-

192 328 337 381 giosae
368 325 598 366 subiicitur.

250 391 379 431 Obiic.
410 391 458 429 V.
501 389 817 430 Matrimonium
856 398 919 430 est
962 389 1280 429 fundamentum
1325 390 1507 431 familiae
1550 398 1590 432 et
1628 405 1771 432 conse-

192 463 366 508 quenter
386 453 579 502 civitatis,
597 453 650 492 ad
667 454 787 494 cuius
808 455 960 494 bonum
977 466 1242 506 summopere
1263 454 1435 495 confert.
1459 456 1571 509 Ergo
1593 456 1644 496 ob
1666 456 1778 497 hanc

194 534 369 562 causam
400 535 425 560 a
455 520 566 560 civili
597 526 803 573 potestate
832 521 1087 560 intrinsecus
1117 521 1346 572 regendum
1377 528 1451 561 est.

242 589 291 626 R.
329 587 519 627 Concedo
550 587 815 636 antecedens,
846 597 886 628 et
919 599 1024 639 nego
1055 600 1327 639 consequens.

246 654 303 694 Ut
332 653 544 705 sapienter
575 653 772 693 observat
802 653 1064 701 Aristoteles,
1098 666 1183 692 non
1213 654 1360 693 omnia
1390 664 1501 707 quae
1531 657 1772 696 necessaria

189 722 293 757 sunt
321 718 512 766 civitati,
535 722 688 770 par-tes
717 721 820 757 sunt
846 717 1031 757 civitatis
1062 719 1136 768 (1).
1168 718 1220 757 Et
1249 730 1354 757 sane
1389 718 1535 771 religio
1566 728 1605 759 et
1636 721 1771 759 cultus

189 784 267 825 Dei
296 797 562 836 summopere
594 784 646 824 ad
691 784 855 824 civilem
901 783 1146 824 societatem
1182 783 1400 824 intersunt.
1432 785 1544 837 Ergo
1583 785 1770 826 dicemus

189 851 435 904 religionem
465 858 504 890 et
535 851 690 890 cultum
721 849 906 889 divinum
937 849 1047 889 civili
1078 849 1275 901 potestati
1305 850 1561 891 subiacere?
1602 852 1770 905 Ineptis-

191 918 300 957 sima
329 925 393 958 est
413 916 616 957 eiusmodi
639 916 960 968 argumentandi
980 915 1084 956 ratio
1103 929 1110 955 :
1133 916 1252 956 Haec
1274 917 1339 956 vel
1361 917 1433 957 illa
1452 931 1520 957 res
1549 918 1593 957 in
1615 918 1769 958 bonum

187 980 406 1021 societatis
436 980 558 1019 valde
588 979 818 1027 redundat;
851 993 952 1032 ergo
983 979 1072 1019 eius
1101 979 1406 1021 administratio
1436 981 1547 1021 civili
1569 982 1765 1034 potestati

191 1045 418 1086 subiicitur.
451 1044 494 1083 Si
524 1044 581 1084 ita
611 1050 735 1092 esset,
766 1044 856 1096 pari
887 1044 1010 1083 modo
1041 1043 1184 1083 inferri
1213 1051 1369 1096 posset,
1399 1045 1569 1097 negotia
1597 1046 1767 1097 politica

182 1110 237 1148 ad
262 1109 554 1148 auctoritatem
576 1108 852 1148 domesticam
873 1109 1080 1160 pertinere
1097 1122 1105 1156 ;
1129 1107 1225 1160 quia
1245 1115 1360 1149 certe
1380 1108 1631 1148 familiarum
1648 1112 1771 1149 inter-

186 1179 249 1213 est
280 1183 323 1213 ut
352 1173 528 1212 honeste
549 1179 588 1212 et
609 1172 762 1212 utiliter
782 1180 1050 1224 peragantur.
1081 1174 1136 1211 At
1167 1184 1218 1211 ex
1250 1185 1298 1211 eo
1324 1172 1434 1224 quod
1461 1171 1614 1224 aliquid
1635 1173 1675 1211 in
1698 1173 1773 1214 uti-

183 1240 341 1280 litatem
359 1239 467 1279 cedit
489 1238 680 1287 alicuius,
694 1238 862 1278 minime
878 1237 1066 1290 sequitur
1082 1244 1124 1276 ut
1141 1237 1230 1277 eius
1243 1237 1425 1277 dominio
1443 1237 1655 1278 subdatur.
1675 1239 1767 1279 Hoc

185 1306 296 1346 enim
317 1319 401 1345 non
423 1319 474 1345 ex
495 1305 698 1352 subiecto,
721 1304 786 1344 cui
809 1304 1023 1344 utilitatem
1045 1304 1177 1351 affert,
1199 1304 1274 1343 sed
1296 1317 1348 1343 ex
1368 1310 1520 1344 natura
1540 1304 1691 1344 obiecti
1721 1313 1762 1345 et

184 1382 240 1408 ex
269 1369 364 1417 fine,
395 1382 517 1421 quem
548 1368 702 1408 directe
734 1375 773 1408 et
802 1368 934 1420 primo
965 1367 1147 1419 respicit,
1181 1362 1492 1407 diiudicandum
1522 1373 1597 1407 est.

799 1577 1046 1615 ARTICULUS
1081 1574 1126 1613 V.

530 1707 597 1746 De
627 1707 784 1759 officiis
804 1709 1010 1759 parentes
1041 1706 1154 1745 inter
1182 1709 1223 1745 et
1250 1705 1413 1746 liberos,

241 1837 303 1876 19.
325 1835 435 1884 ,Quid
465 1835 649 1875 societas
679 1835 926 1887 parentalis.
959 1835 1020 1873 Ex
1052 1833 1256 1874 societate
1286 1833 1499 1886 coniugali
1529 1847 1627 1875 mox
1646 1867 1656 1883 ,
1686 1848 1766 1874 na-

195 1908 312 1940 turae
341 1899 471 1952 ipsius
503 1912 642 1947 cursu,
673 1899 758 1939 alia
787 1899 917 1939 oritur
947 1898 1131 1938 societas
1151 1903 1345 1950 parentes
1383 1898 1491 1938 inter
1525 1905 1567 1938 et
1602 1897 1768 1948 liberos,

195 1964 264 2016 qui
295 1976 349 2003 ex
379 1962 575 2015 coniugio
604 1961 901 2015 suscipiuntur.
935 1963 1038 2002 Cum
1069 1961 1179 2001 enim
1201 1961 1244 2001 hi
1263 1962 1303 2001 in
1334 1962 1521 2003 maxima
1538 1962 1770 2015 indigentia

193 2036 449 2069 enascantur
478 2042 617 2068 rerum
648 2029 847 2077 omnium,
869 2041 975 2081 quae
996 2027 1049 2067 ad
1069 2027 1197 2067 vitam
1218 2028 1554 2068 conservandam
1571 2035 1611 2069 et
1631 2043 1771 2069 mores

196 2093 483 2132 informandos
512 2093 731 2145 pertinent;
753 2092 908 2132 inditus
922 2091 1161 2144 parentibus
1181 2104 1299 2131 amor
1315 2098 1391 2141 est,
1413 2105 1493 2144 quo
1521 2092 1575 2132 ad
1595 2093 1765 2133 eosdem

196 2159 371 2199 alendos
401 2159 670 2212 tuendosque,
700 2165 837 2212 atque,
867 2172 942 2211 pro
972 2158 1267 2198 convenientia
1294 2158 1406 2206 finis,
1438 2159 1658 2211 disciplina
1686 2160 1766 2199 im-

189 2223 379 2263 buendos
409 2223 647 2263 incitantur.
679 2223 756 2270 Qui
786 2236 905 2263 amor
933 2223 976 2262 in
1005 2222 1109 2274 ipsis
1137 2236 1221 2262 non
1238 2222 1361 2262 modo
1391 2222 1660 2264 instinctivus
1689 2232 1770 2273 est,

190 2290 311 2329 cuius
341 2289 533 2329 umbram
562 2289 746 2341 aliquam
776 2289 818 2328 in
849 2289 993 2329 bestiis
1023 2301 1185 2341 quoque
1214 2288 1428 2337 videmus,
1461 2302 1605 2329 verum
1643 2290 1768 2331 etiam

189 2363 255 2394 est
286 2354 517 2402 rationalis,
547 2366 624 2394 seu
653 2367 706 2394 ex
735 2353 894 2394 ordinis
923 2361 1130 2405 conceptu
1161 2353 1406 2405 procedens.
1438 2355 1580 2402 Quare
1608 2355 1768 2408 gravis-

190 2419 343 2459 simum
373 2419 555 2459 officium
585 2418 760 2459 includit
788 2418 1032 2471 providendi
1062 2418 1187 2466 natis,
1210 2425 1296 2458 tum
1317 2419 1455 2471 quoad
1485 2432 1651 2472 corpus,
1682 2426 1768 2459 tum

189 2485 328 2537 quoad
356 2484 543 2524 animum
559 2497 569 2533 ;
592 2483 725 2524 donec
754 2483 810 2522 illi
839 2482 893 2522 ad
914 2490 1110 2532 aetatem,
1132 2497 1214 2535 qua
1233 2483 1311 2523 sibi
1331 2485 1571 2537 prospicere
1592 2485 1771 2537 possint,

189 2547 460 2600 perveniant:
486 2556 611 2599 atque
641 2560 695 2586 ex
723 2547 805 2587 hoc
835 2546 973 2587 officio
1002 2546 1067 2586 ius
1106 2547 1332 2588 efflorescit
1369 2547 1593 2588 adhibendi
1627 2550 1766 2590 media

187 2612 322 2653 eidem
353 2619 595 2664 opportuna.

238 2677 370 2717 Porro
387 2677 495 2716 haec
507 2677 736 2728 parentalis
752 2677 935 2718 societas
947 2676 1276 2730 definiriposset:
1297 2677 1548 2719 Conz‘anctio
1562 2680 1764 2732 plat-ium

179 2755 486 2795 personarum,
517 2756 638 2795 quae,
663 2744 706 2782 vi
725 2747 922 2793 naturae,
945 2743 1214 2784 educationis
1238 2744 1403 2796 qratia,
1432 2745 1621 2787 sociatae
1649 2754 1762 2790 sant.

231 2882 281 2923 (1)
306 2882 410 2914 Polit.
437 2881 493 2914 lib.
519 2882 590 2914 v11.
