1970 3203
336 193 473 220 CAPUT
495 193 547 220 111.
567 193 621 220 DE
640 193 786 220 NORMA
809 193 1085 221 OPERATIONIS
1107 195 1312 221 HUMANAE
1554 185 1605 224 93

90 274 138 314 R.
161 275 250 313 Lex
267 272 526 312 coactionem
544 281 584 311 et
598 272 892 312 necessitatem
909 272 1081 325 imponit
1098 286 1181 313 non
1198 273 1414 326 physicam
1433 275 1505 315 sed
1519 290 1602 316 mo-

33 340 177 379 ralem.
199 340 290 379 Non
306 337 416 377 enim
433 336 673 377 violentiam
685 337 819 385 infert,
832 337 904 377 secl
917 344 1075 377 tantum
1089 339 1346 379 voluntatem
1364 339 1536 380 inclinat
1547 342 1600 381 ad

34 419 95 454 ea,
125 418 230 458 quae
259 404 370 443 bona
398 409 437 442 et
467 409 582 443 recta
609 409 716 443 sunt.
750 397 837 442 Nec
867 416 960 442 eam
992 411 1197 455 potestate
1219 405 1354 457 privat
1379 407 1603 446 exercendi

32 482 104 520 pro
134 467 246 507 libito
276 480 402 506 unam
424 472 494 506 aut
514 467 691 506 alteram
711 466 918 506 actionem
939 480 949 514 ;
971 467 1045 506 sed
1067 473 1225 506 tantum
1246 468 1298 507 ad
1324 469 1433 508 hanc
1454 469 1604 521 potius,

34 544 156 584 quam
185 530 238 569 ad
267 530 391 569 aliam
421 529 667 569 eliciendam
697 529 865 582 obligat.
896 531 1012 576 Quae
1043 530 1240 582 obligatio
1271 533 1352 572 hoc
1397 533 1606 585 importat,

31 604 76 636 ut
104 603 279 648 nequeat
309 602 502 635 creatura
529 595 744 638 rationalis
773 596 857 647 legi
885 594 1101 647 refragari,
1123 596 1220 648 quin
1241 611 1266 636 a
1287 598 1369 637 fine
1392 599 1603 639 desciscat

36 661 267 714 iniuriaque
296 660 578 713 legislatorem
608 661 791 710 afficiat;
822 673 900 700 nec
929 661 1063 713 possit
1092 661 1211 701 aliter
1231 664 1355 702 finem
1378 664 1544 716 assequi
1566 673 1606 704 et

35 724 311 764 obedientiam
340 737 533 776 supremo
555 724 827 776 gubernatori
851 724 1029 763 debitam
1049 737 1232 772 servare,
1255 726 1335 765 nisi
1356 728 1604 767 exercendis

33 791 100 830 vel
130 789 387 830 declinandis
416 789 663 837 actionibus,
685 803 791 841 quae
812 789 1005 828 iubentur
1025 796 1095 829 aut
1115 797 1321 830 vetantur.
1342 793 1477 843 Atque
1498 793 1603 832 haec

32 854 205 894 moralis
234 853 468 893 necessitas
496 860 559 893 est
579 854 754 892 effectus
774 852 965 905 proprius
984 853 1102 905 legis.
1124 854 1171 892 Id
1203 867 1301 893 vero
1322 854 1501 894 libertati
1522 855 1604 894 hu-

31 933 180 960 manae
210 933 292 959 non
323 919 553 972 opponitur,
583 919 657 958 sed
688 919 893 970 congruit.
925 918 1116 959 Libertas
1147 919 1256 959 enim
1277 920 1359 959 hoc
1379 919 1470 972 ipso
1493 922 1605 973 quod

30 985 350 1026 indifferentiam
370 986 503 1032 affert,
522 998 712 1024 normam
742 986 933 1037 postulat,
953 998 1035 1037 qua
1054 986 1247 1025 voluntas
1264 985 1468 1038 dirigatur
1491 993 1530 1026 et
1550 987 1603 1026 ad

33 1048 238 1089 obiectum
269 1048 347 1088 sibi
378 1048 561 1088 debitum
591 1049 897 1101 quodammodo
928 1049 1231 1090 determinetur.

88 1114 216 1155 Obiic.
248 1114 299 1154 II.
331 1113 374 1152 Si
403 1114 471 1153 lex
500 1114 704 1154 naturalis
734 1114 912 1162 daretur,
945 1128 969 1154 a
998 1121 1148 1154 natura
1176 1115 1356 1155 hominis
1378 1129 1602 1169 numquam

34 1180 214 1220 abesset.
243 1180 298 1219 At
328 1179 551 1231 aliquando
571 1180 702 1219 abest.
725 1181 831 1219 Nam
852 1179 1043 1228 infantes,
1075 1187 1214 1233 utpote
1235 1181 1303 1233 qui
1324 1183 1483 1221 nullum
1502 1182 1603 1222 iudi-

33 1244 141 1283 cium
165 1250 305 1283 mente
326 1243 552 1296 proferunt,
568 1244 660 1295 lege
681 1243 861 1282 naturali
883 1243 1110 1295 privantur,
1127 1258 1233 1296 quae
1252 1244 1415 1285 iudiciis
1430 1246 1604 1285 rationis

33 1309 244 1360 practicae
274 1309 522 1350 continetur.
562 1349 566 1353 ,

86 1373 134 1411 R.
167 1372 277 1412 Dist.
307 1373 412 1412 mai:
435 1374 473 1411 A
494 1379 643 1412 natura
672 1372 853 1412 hominis
882 1386 1093 1425 nunquam
1123 1374 1304 1422 abesset,
1326 1375 1462 1427 quoad
1483 1375 1605 1415 habi-

33 1444 131 1486 tum,
163 1451 280 1484 conc,·
310 1438 446 1490 quoad
476 1444 642 1487 actum;
674 1451 792 1490 neyo.

88 1503 288 1551 Infantes,
318 1504 385 1556 qui
410 1504 592 1543 nondum
614 1503 668 1542 ad
687 1516 807 1543 usum
829 1505 1004 1544 rationis
1026 1514 1318 1556 pervenerunt,
1342 1508 1496 1546 nullum
1522 1508 1605 1559 qui-

33 1569 124 1608 dem
154 1568 349 1608 iudicium
380 1567 603 1619 proferunt,
635 1581 686 1607 ac
716 1569 888 1620 proinde
918 1569 1152 1609 actualibus
1183 1570 1474 1611 dictaminibus
1496 1573 1603 1624 legis

31 1634 234 1674 naturalis
263 1641 419 1673 carent.
450 1638 648 1673 Attamen
676 1634 787 1673 illam
809 1635 1024 1686 possident
1044 1635 1085 1674 in
1106 1636 1251 1675 habitu
1271 1638 1452 1688 quodam
1474 1644 1600 1677 natu-

30 1697 107 1736 rali
145 1704 184 1737 et
221 1696 550 1736 conformatione
580 1696 711 1748 ipsius
740 1697 1039 1749 intelligentiae
1065 1731 1072 1744 ,
1102 1712 1353 1752 quamquam
1394 1702 1447 1741 ad
1476 1702 1600 1741 huius

32 1763 293 1804 exercendas
322 1762 509 1803 actiones
538 1763 721 1802 nondum
751 1763 834 1802 sint
864 1763 1056 1815 expediti.
1089 1765 1181 1804 Hoc
1211 1752 1538 1815 autem‘sufficit,
1560 1775 1604 1808 ut

30 1829 100 1868 lex
130 1841 156 1867 a
183 1834 333 1867 natura
360 1827 526 1867 innasci
557 1827 732 1868 dicatur.
761 1828 891 1867 Secus
912 1860 921 1875 ,
952 1827 986 1867 si
1017 1841 1181 1880 semper
1211 1831 1374 1870 actuale
1404 1831 1602 1871 iudicium

32 1893 271 1946 requireret,
289 1893 413 1933 etiam
432 1893 573 1941 adulti,
594 1906 690 1933 cum
711 1906 774 1932 ex.
793 1907 853 1945 gr.
872 1893 1091 1941 dormiunt,
1111 1907 1161 1933 ea
1178 1895 1451 1946 privarentur.
1471 1898 1603 1937 Immo

28 1957 99 1996 lex
127 1956 277 2008 iugiter
306 1962 536 1996 mutaretur
565 1970 615 1995 ac
647 1956 869 2004 desineret,
901 1957 1049 2009 quippe
1080 1972 1174 1997 cum
1206 1971 1325 1998 mens
1356 1960 1525 2000 assidue
1546 1961 1598 2001 ab

31 2034 112 2061 uno
141 2022 293 2061 iudicio
324 2022 377 2061 ad
406 2022 518 2061 aliud
546 2022 761 2074 gradiatur
780 2035 854 2073 pro
878 2023 1077 2063 varietate
1098 2037 1250 2072 rerum,
1276 2038 1381 2077 quae
1402 2026 1599 2066 obiiciun-

32 2094 98 2126 tur
126 2093 196 2127 aut
216 2095 608 2129 commemorantur.
630 2089 684 2127 At
705 2101 803 2127 vero
825 2101 989 2141 semper
1010 2089 1154 2129 eadem
1176 2090 1449 2131 conformatio
1471 2091 1599 2132 intel-

29 2150 225 2202 ligentiae
254 2157 407 2198 manet,
439 2164 544 2203 quae
564 2165 659 2190 cum
680 2151 926 2192 exsistentia
954 2152 1047 2204 ipsa
1076 2154 1282 2206 recipitur,
1314 2162 1353 2194 et
1374 2169 1454 2208 qua
1475 2156 1601 2197 homo

33 2212 325 2253 determinatur
353 2214 406 2253 ad
434 2214 702 2254 iudicandum
729 2214 770 2253 id
800 2228 893 2255 esse
923 2215 1181 2265 faciendum,
1212 2219 1321 2271 quod
1351 2219 1483 2258 ordini
1507 2234 1601 2260 con-

33 2277 154 2330 gruit,
184 2279 293 2331 quod
321 2286 460 2319 autem
489 2279 623 2319 ordini
650 2287 868 2332 repugnat,
900 2294 994 2321 esse
1023 2282 1330 2324 declinandum.

86 2342 215 2383 Obiz‘c.
246 2344 318 2382 III.
351 2344 447 2383 Ideo
476 2344 546 2384 lex
573 2346 776 2386 naturalis
803 2346 1043 2394 adstruitur,
1075 2353 1117 2386 ut
1145 2348 1199 2387 sit
1221 2362 1367 2388 norma
1387 2350 1601 2390 actionum

30 2407 71 2446 in
99 2406 279 2446 homine.
309 2406 435 2459 Atqui
464 2407 518 2446 ad
546 2407 587 2447 id
615 2409 809 2448 sufficere
838 2415 973 2460 potest
1002 2410 1194 2462 voluptas
1216 2417 1287 2450 aut
1308 2412 1435 2460 dolor,
1458 2415 1524 2465 qui
1548 2427 1602 2453 ex

33 2469 205 2509 obiectis
226 2470 417 2521 profluit;
439 2471 502 2510 vel
524 2472 672 2510 saltem
692 2471 785 2524 ipsa
805 2478 980 2511 naturae
1001 2473 1235 2525 propensio,
1257 2487 1339 2526 qua
1361 2476 1413 2513 ad
1435 2476 1599 2516 obiecta

29 2535 151 2575 nobis
170 2535 462 2575 convenientia
478 2535 739 2575 inclinamur.
758 2538 869 2588 Ergo
887 2538 952 2577 lex
971 2539 1172 2579 naturalis
1190 2546 1253 2579 est
1270 2552 1600 2591 supervacanea.

86 2599 134 2637 R.
167 2598 356 2638 Concedo
387 2599 606 2648 maiorem,
638 2607 679 2640 et
710 2614 814 2652 neyo
845 2601 1068 2640 minorem.

84 2663 211 2702 Dolor
239 2670 279 2704 et
307 2667 500 2717 voluptas
529 2674 741 2719 nequeunt
769 2680 863 2707 esse
894 2680 1042 2706 norma
1072 2667 1285 2707 actionum
1306 2668 1598 2717 humanarum,

30 2725 151 2777 idque
181 2727 395 2779 multiplici
414 2728 590 2769 ratione.
611 2729 810 2777 Primum,
833 2729 928 2783 quia
948 2738 1168 2783 utrumque
1188 2738 1251 2771 est
1271 2732 1425 2784 aliquid
1445 2746 1600 2785 vagum

34 2794 73 2828 et
102 2788 305 2828 incertum
338 2797 379 2830 et
406 2793 605 2833 mutabile
636 2800 675 2833 et
707 2794 893 2846 pendens
924 2806 975 2833 ex
1006 2794 1331 2835 circumstantiis
1362 2803 1401 2835 et
1421 2797 1601 2836 affectio-

38 2853 161 2894 nibus
192 2854 533 2897 accidentalibus.
563 2859 733 2907 Deinde,
765 2860 861 2912 quia
891 2860 951 2900 sic
981 2861 1081 2900 ordo
1111 2861 1285 2902 rationis
1314 2863 1478 2914 penitus
1499 2863 1599 2903 sub-
