1970 3203
173 223 250 264 264
544 234 612 261 ms
640 233 843 260 NATURAE
864 243 885 249 -
905 233 1014 261 PARS
1042 234 1081 260 η.
1111 234 1176 262 ms
1206 234 1377 262 soclALE

182 322 245 354 θεῖ
261 325 386 352 unum
404 324 477 364 per
496 310 697 351 accidens
713 316 753 351 et
774 310 812 350 vi
828 310 944 351 artis:
960 311 1041 350 hoc
1062 310 1173 350 enim
1188 324 1273 351 non
1289 316 1374 351 tam
1391 317 1454 352 est
1470 325 1609 361 unum,
1628 325 1752 365 quam

181 379 319 432 potius
340 377 557 430 pluralitas
579 377 831 430 conspirans
858 377 900 416 in
922 390 1063 417 unum.
1096 377 1214 417 Haec
1231 377 1338 417 ratio
1369 377 1588 431 desumpta
1616 385 1679 419 θεῖ
1699 392 1751 419 ex

180 448 221 485 S.
257 445 436 492 Thoma,
466 443 534 496 qui
554 443 615 483 sic
646 444 715 484 ait:
749 458 769 482 «
793 443 1003 496 Optimum
1025 443 1213 496 regimen
1234 443 1507 484 multitudinis
1537 451 1600 485 est
1629 454 1672 484 ut
1690 458 1751 484 re-

181 518 305 564 gatur
335 523 408 562 per
434 523 588 558 unum;
619 509 730 562 quod
758 515 872 562 patet
901 523 953 549 ex
983 509 1065 549 fine
1093 509 1320 561 regiminis,
1342 509 1410 561 qui
1439 515 1503 550 est
1533 523 1627 562 pax.
1659 512 1752 550 Pax

176 577 289 617 enim
319 584 359 616 et
390 576 527 615 unitas
558 575 816 616 subditorum
848 582 911 617 θεῖ
930 575 1026 615 finis
1056 575 1253 627 regentis.
1278 575 1460 616 Unitatis
1489 583 1628 618 autem
1657 591 1754 617 con-

175 643 391 695 gruentior
422 655 555 681 causa
584 647 647 681 θεῖ
676 654 796 690 unus,
827 655 952 694 quam
983 641 1098 680 multi
1121 642 1196 692 (1).
1219 656 1239 678 >³

235 708 357 748 Prob.
388 708 576 748 secunda
605 721 715 760 pars.
737 708 798 747 Eo
819 707 956 747 utilior
988 714 1051 747 θεῖ
1071 707 1206 746 forma
1233 706 1469 759 regiminis,
1492 722 1572 761 quo
1594 710 1753 762 gratior

179 776 224 813 fit
255 773 429 814 subditis
458 780 498 814 et
527 773 719 813 securius
749 773 956 813 abusuum
986 773 1172 826 pericula
1192 780 1390 813 removet.
1422 775 1488 823 At,
1520 781 1657 815 stante
1685 775 1753 814 in-

176 841 372 880 firmitate
402 841 600 887 humana,
618 839 658 878 id
680 840 818 879 locum
847 839 985 887 habet,
1016 839 1051 878 si
1074 838 1351 879 Monarchiae
1374 846 1746 892 temperamentum

173 904 339 957 aliquod
369 903 531 944 additur
563 917 613 942 ex
646 902 925 943 Aristocratia
967 908 1007 943 et
1036 902 1315 942 Democratia.
1350 903 1456 942 Nam
1505 903 1665 955 gratior
1693 914 1758 944 est

173 971 436 1023 gubernatio,
467 970 587 1010 cuius
617 970 755 1023 aliquo
787 976 909 1022 pacto
931 983 1076 1010 omnes
1107 970 1188 1009 sint
1208 969 1445 1022 participes,
1477 978 1516 1011 et
1548 972 1754 1012 remotius

174 1038 359 1078 redditur
375 1038 604 1090 periculum
634 1037 843 1077 condendi
872 1037 1006 1077 malas
1026 1037 1145 1089 leges
1175 1042 1246 1075 aut
1266 1037 1446 1076 vexandi
1477 1038 1677 1078 subditos.
1699 1038 1746 1077 Id

177 1108 317 1141 autem
349 1101 538 1141 securius
570 1101 708 1140 locum
738 1100 878 1147 habet,
912 1100 945 1140 si
976 1100 1153 1153 plurium
1169 1100 1343 1140 consilio
1362 1100 1566 1153 Princeps
1581 1101 1746 1141 iuvetur

177 1171 216 1205 et
231 1165 359 1204 limite
378 1164 515 1217 aliquo
532 1164 572 1203 in
590 1165 801 1216 operando
823 1169 1079 1205 coerceatur.
1099 1165 1218 1204 Haec
1239 1164 1370 1204 thesis
1391 1172 1534 1217 aperte
1565 1165 1743 1206 traditur

175 1242 201 1267 a
220 1228 490 1276 Bellarmino,
541 1228 602 1267 sic
624 1228 761 1268 aiente
780 1242 788 1268 :
811 1242 830 1266 «
850 1230 937 1268 Nos
968 1229 1014 1267 Β.
1039 1229 1247 1267 Thomam
1282 1229 1469 1281 aliosque
1510 1229 1743 1270 catholicos

171 1295 393 1348 theologos
414 1294 589 1347 sequuti,
613 1308 665 1334 ex
695 1294 827 1335 tribus
857 1294 1113 1347 simplicibus
1132 1294 1274 1334 formis
1303 1295 1632 1347 gubernationis,
1652 1297 1740 1336 Mo-

168 1359 389 1398 narchiam
403 1358 552 1398 ceteris
563 1358 868 1410 anteponimus3
883 1371 1148 1411 quamquam,
1161 1366 1327 1410 propter
1341 1365 1516 1398 naturae
1533 1359 1742 1398 humanae

169 1424 489 1475 corruptionem,
514 1422 731 1471 utiliorem,
754 1436 848 1463 esse
869 1435 1092 1462 censemus
1122 1422 1316 1461 omnibus
1335 1423 1415 1462 hoc
1447 1429 1634 1473 tempore
1658 1423 1744 1461 Mo—

168 1488 389 1528 narchiam
419 1495 693 1541 temperatam
715 1502 768 1528 ex
796 1488 1074 1528 Aristocratia
1105 1495 1143 1527 et
1173 1488 1453 1537 Democratia,
1487 1502 1612 1541 quam
1642 1488 1745 1528 sim—

170 1552 320 1604 plicem
343 1552 652 1592 Monarchiam:
685 1553 807 1592 modo
830 1558 969 1592 tamen
991 1552 1150 1604 primae
1181 1559 1321 1604 partes
1347 1552 1624 1593 Monarchiae
1655 1552 1749 1600 sint,

169 1619 378 1658 secundas
398 1618 554 1659 habeat
573 1618 864 1667 Aristocratia,
887 1625 1098 1671 postremo
1121 1619 1213 1657 loco
1244 1618 1296 1657 sit
1317 1618 1586 1658 Democratia
1616 1619 1691 1669 (2).
1724 1633 1743 1654 »

224 1683 333 1721 Hinc
355 1682 550 1734 sequitur,
581 1689 624 1721 ut
653 1695 733 1735 quo
762 1682 805 1722 in
835 1683 974 1735 aliqua
1004 1682 1205 1722 societate
1226 1682 1455 1734 periculum
1485 1682 1643 1722 abusus
1675 1682 1753 1722 de—

171 1749 336 1797 crescit,
368 1762 417 1788 θο
447 1748 654 1788 decrescit
676 1748 801 1788 etiam
827 1748 1063 1788 necessitas
1085 1748 1401 1800 temperamenti
1422 1749 1530 1800 quod
1551 1748 1746 1797 diximus,

171 1823 210 1855 et
241 1815 331 1855 vice
363 1827 499 1854 versa.
531 1815 670 1860 Quare
700 1814 742 1853 in
766 1815 960 1854 Ecclesia
981 1814 1068 1862 Dei,
1100 1827 1206 1866 quae
1225 1814 1364 1854 divina
1394 1828 1471 1866 ope
1501 1814 1670 1867 regitur,
1692 1827 1742 1853 ac

169 1878 341 1930 proinde
359 1878 569 1917 declinare
591 1891 614 1916 a
633 1878 856 1918 sanctitate
874 1884 913 1917 et
930 1878 1104 1917 veritate
1122 1878 1273 1930 nequit,
1288 1878 1499 1918 Christum
1519 1877 1749 1930 simplicem

148 1943 469 1984 'Monarchiam
501 1943 688 1983 instituit.
722 1944 804 1983 Sed
835 1944 884 1983 de
914 1944 994 1983 hac
1025 1958 1067 1984 re
1098 1944 1272 1984 inferius
1304 1945 1502 1985 dicemus.

766 2138 1012 2178 ARTicULus
1043 2139 1159 2177 VIII.

211 2269 275 2307 De
307 2268 468 2308 recenti
498 2267 721 2320 regiminis
739 2269 908 2319 forma,
940 2281 1069 2320 quam
1102 2266 1513 2320 repraesentationum
1547 2269 1709 2305 vocant.

222 2394 284 2434 69.
314 2396 360 2435 In
377 2407 456 2446 quo
477 2396 561 2435 sita
576 2395 643 2435 sit.
664 2395 870 2442 Quoniam
889 2395 1047 2434 odierni
1067 2394 1281 2434 societatis
1302 2400 1611 2436 restauratores
1632 2396 1746 2447 (quo-

168 2475 261 2500 rum
281 2474 491 2510 numerus,
524 2461 746 2513 fungorum
776 2461 920 2509 instar,
952 2468 1100 2513 sponte
1130 2460 1377 2511 succrescit)
1407 2461 1616 2513 perpetuis
1647 2461 1741 2499 lau-

173 2524 295 2563 dibus
315 2525 367 2563 ad
399 2526 560 2565 caelum
583 2526 760 2565 efferunt
780 2538 913 2565 novos
930 2525 1022 2565 illos
1043 2538 1093 2564 ac
1115 2532 1302 2577 repertos
1325 2525 1541 2578 regiminis
1562 2524 1740 2571 ordines,

169 2603 274 2642 quos
292 2591 674 2641 repraesentativos
691 2592 913 2644 appellant3
926 2604 1079 2644 operae
1096 2591 1274 2642 pretium
1291 2591 1368 2631 erit
1384 2591 1452 2630 hic
1471 2604 1544 2630 eos
1568 2590 1748 2631 breviter

174 2655 228 2693 ad
259 2652 454 2692 trutinam
485 2668 699 2695 revocare.
722 2655 841 2703 Quod
872 2655 1036 2707 quidem
1058 2654 1228 2707 egregie
1244 2654 1448 2707 praestitit
1477 2653 1743 2705 Taparellius

176 2719 338 2759 duobus
359 2720 650 2769 voluminibus,
672 2721 818 2773 quibus
839 2722 1057 2761 materiam
1084 2721 1194 2760 hanc
1219 2733 1271 2760 ex
1293 2719 1403 2759 omni
1422 2725 1538 2771 parte
1560 2719 1745 2759 circum—

212 2880 265 2918 (1)
291 2879 445 2911 Summa
469 2883 603 2911 contr-cz
624 2880 793 2921 [sentit-⁶38,
816 2879 870 2911 lib.
899 2881 927 2917 4,
950 2890 1027 2920 cap.
1046 2880 1092 2911 76.

213 2934 265 2974 (2)
285 2933 646 2969 Controrersicmwn‚
663 2933 879 2966 cleliomani
896 2933 1092 2974 Pontzjfifis
1109 2933 1371 2966 ecelesiastica
1387 2933 1611 2965 monarelzia
1629 2943 1706 2975 cap.
1720 2934 1745 2965 Ι.
