<?xml version="1.0" encoding="UTF-8"?>
<!DOCTYPE html PUBLIC "-//W3C//DTD XHTML 1.0 Transitional//EN"
    "http://www.w3.org/TR/xhtml1/DTD/xhtml1-transitional.dtd">
<html xmlns="http://www.w3.org/1999/xhtml" xml:lang="en" lang="en">
 <head>
  <title>
</title>
<meta http-equiv="Content-Type" content="text/html;charset=utf-8" />
  <meta name='ocr-system' content='tesseract 3.04.00' />
  <meta name='ocr-capabilities' content='ocr_page ocr_carea ocr_par ocr_line ocrx_word'/>
</head>
<body>
  <div class='ocr_page' id='page_1' title='image "./institutioneseth00libe_0148.png"; bbox 0 0 1970 3203; ppageno 0'>
   <div class='ocr_carea' id='block_1_1' title="bbox 180 155 1437 194">
    <p class='ocr_par' dir='ltr' id='par_1_1' title="bbox 180 155 1437 194">
     <span class='ocr_line' id='line_1_1' title="bbox 180 155 1437 194; baseline -0.001 -1"><span class='ocrx_word' id='word_1_1' title='bbox 180 155 257 194; x_wconf 86' lang='lat'>144</span> <span class='ocrx_word' id='word_1_2' title='bbox 527 166 594 193; x_wconf 81' lang='lat' dir='ltr'>ms</span> <span class='ocrx_word' id='word_1_3' title='bbox 623 165 825 192; x_wconf 81' lang='lat' dir='ltr'>NATURAE</span> <span class='ocrx_word' id='word_1_4' title='bbox 847 175 868 181; x_wconf 89' lang='lat'><em>-</em></span> <span class='ocrx_word' id='word_1_5' title='bbox 888 166 996 192; x_wconf 78' lang='lat' dir='ltr'>PARS</span> <span class='ocrx_word' id='word_1_6' title='bbox 1024 165 1048 191; x_wconf 87' lang='lat'>1.</span> <span class='ocrx_word' id='word_1_7' title='bbox 1080 165 1147 192; x_wconf 80' lang='lat' dir='ltr'>lus</span> <span class='ocrx_word' id='word_1_8' title='bbox 1171 166 1437 193; x_wconf 80' lang='lat' dir='ltr'>1ND1V1DUALE</span> 
     </span>
    </p>
   </div>
   <div class='ocr_carea' id='block_1_2' title="bbox 171 242 1759 2783">
    <p class='ocr_par' dir='ltr' id='par_1_2' title="bbox 179 242 1759 947">
     <span class='ocr_line' id='line_1_2' title="bbox 242 242 1756 297; baseline -0.001 -13"><span class='ocrx_word' id='word_1_9' title='bbox 242 244 353 284; x_wconf 90' lang='lat' dir='ltr'>Hinc</span> <span class='ocrx_word' id='word_1_10' title='bbox 383 248 508 297; x_wconf 86' lang='lat' dir='ltr'>patet,</span> <span class='ocrx_word' id='word_1_11' title='bbox 539 243 664 284; x_wconf 89' lang='lat' dir='ltr'>etiam</span> <span class='ocrx_word' id='word_1_12' title='bbox 694 256 766 295; x_wconf 93' lang='lat' dir='ltr'>pro</span> <span class='ocrx_word' id='word_1_13' title='bbox 788 247 899 282; x_wconf 83' lang='lat' dir='ltr'>statu</span> <span class='ocrx_word' id='word_1_14' title='bbox 918 242 1111 290; x_wconf 85' lang='lat' dir='ltr'>naturali,</span> <span class='ocrx_word' id='word_1_15' title='bbox 1127 242 1424 283; x_wconf 78' lang='lat' dir='ltr'>revelationem</span> <span class='ocrx_word' id='word_1_16' title='bbox 1451 243 1630 283; x_wconf 83' lang='lat' dir='ltr'>divinam</span> <span class='ocrx_word' id='word_1_17' title='bbox 1653 256 1756 283; x_wconf 90' lang='lat' dir='ltr'>con-</span> 
     </span>
     <span class='ocr_line' id='line_1_3' title="bbox 185 308 1755 362; baseline -0.001 -12"><span class='ocrx_word' id='word_1_18' title='bbox 185 316 431 351; x_wconf 84' lang='lat' dir='ltr'>sentaneam</span> <span class='ocrx_word' id='word_1_19' title='bbox 453 309 610 349; x_wconf 90' lang='lat' dir='ltr'>homini</span> <span class='ocrx_word' id='word_1_20' title='bbox 641 308 782 348; x_wconf 83' lang='lat' dir='ltr'>fuisse.</span> <span class='ocrx_word' id='word_1_21' title='bbox 804 309 923 356; x_wconf 91' lang='lat' dir='ltr'>Quod</span> <span class='ocrx_word' id='word_1_22' title='bbox 952 309 1122 361; x_wconf 77' lang='lat' dir='ltr'>insuper</span> <span class='ocrx_word' id='word_1_23' title='bbox 1155 323 1208 349; x_wconf 91' lang='lat' dir='ltr'>ex</span> <span class='ocrx_word' id='word_1_24' title='bbox 1239 309 1331 349; x_wconf 91' lang='lat' dir='ltr'>aliis</span> <span class='ocrx_word' id='word_1_25' title='bbox 1361 310 1521 350; x_wconf 89' lang='lat' dir='ltr'>duobus</span> <span class='ocrx_word' id='word_1_26' title='bbox 1551 309 1755 362; x_wconf 76' lang='lat' dir='ltr'>capitibus</span> 
     </span>
     <span class='ocr_line' id='line_1_4' title="bbox 184 373 1757 427; baseline -0.001 -12"><span class='ocrx_word' id='word_1_27' title='bbox 184 374 424 415; x_wconf 87' lang='lat' dir='ltr'>confirmari</span> <span class='ocrx_word' id='word_1_28' title='bbox 453 380 603 427; x_wconf 86' lang='lat' dir='ltr'>potest.</span> <span class='ocrx_word' id='word_1_29' title='bbox 626 373 825 422; x_wconf 88' lang='lat' dir='ltr'>Primum,</span> <span class='ocrx_word' id='word_1_30' title='bbox 848 373 944 426; x_wconf 90' lang='lat' dir='ltr'>quia</span> <span class='ocrx_word' id='word_1_31' title='bbox 965 387 1197 425; x_wconf 84' lang='lat' dir='ltr'>congruum</span> <span class='ocrx_word' id='word_1_32' title='bbox 1218 373 1383 413; x_wconf 89' lang='lat' dir='ltr'>videtur</span> <span class='ocrx_word' id='word_1_33' title='bbox 1401 380 1445 413; x_wconf 89' lang='lat' dir='ltr'>ut</span> <span class='ocrx_word' id='word_1_34' title='bbox 1472 373 1595 414; x_wconf 89' lang='lat' dir='ltr'>etiam</span> <span class='ocrx_word' id='word_1_35' title='bbox 1625 373 1665 412; x_wconf 90' lang='lat' dir='ltr'>in</span> <span class='ocrx_word' id='word_1_36' title='bbox 1687 373 1757 413; x_wconf 92' lang='lat' dir='ltr'>illo</span> 
     </span>
     <span class='ocr_line' id='line_1_5' title="bbox 183 439 1759 492; baseline -0.002 -10"><span class='ocrx_word' id='word_1_37' title='bbox 183 447 294 483; x_wconf 89' lang='lat' dir='ltr'>statu</span> <span class='ocrx_word' id='word_1_38' title='bbox 324 440 585 481; x_wconf 89' lang='lat' dir='ltr'>determinati</span> <span class='ocrx_word' id='word_1_39' title='bbox 615 440 718 479; x_wconf 87' lang='lat' dir='ltr'>ritus</span> <span class='ocrx_word' id='word_1_40' title='bbox 739 446 862 492; x_wconf 88' lang='lat' dir='ltr'>atque</span> <span class='ocrx_word' id='word_1_41' title='bbox 891 439 1014 488; x_wconf 89' lang='lat' dir='ltr'>modi,</span> <span class='ocrx_word' id='word_1_42' title='bbox 1036 439 1184 492; x_wconf 89' lang='lat' dir='ltr'>quibus</span> <span class='ocrx_word' id='word_1_43' title='bbox 1206 440 1320 479; x_wconf 89' lang='lat' dir='ltr'>Deus</span> <span class='ocrx_word' id='word_1_44' title='bbox 1355 440 1556 480; x_wconf 89' lang='lat' dir='ltr'>colendus</span> <span class='ocrx_word' id='word_1_45' title='bbox 1587 440 1701 488; x_wconf 84' lang='lat' dir='ltr'>foret,</span> <span class='ocrx_word' id='word_1_46' title='bbox 1733 453 1759 479; x_wconf 93' lang='lat' dir='ltr'>a</span> 
     </span>
     <span class='ocr_line' id='line_1_6' title="bbox 182 503 1756 556; baseline -0.002 -12"><span class='ocrx_word' id='word_1_47' title='bbox 182 505 324 544; x_wconf 83' lang='lat' dir='ltr'>divina</span> <span class='ocrx_word' id='word_1_48' title='bbox 339 505 554 543; x_wconf 83' lang='lat' dir='ltr'>voluntate</span> <span class='ocrx_word' id='word_1_49' title='bbox 571 504 916 553; x_wconf 77' lang='lat' dir='ltr'>decernerentur3</span> <span class='ocrx_word' id='word_1_50' title='bbox 934 515 1058 543; x_wconf 85' lang='lat' dir='ltr'>secus</span> <span class='ocrx_word' id='word_1_51' title='bbox 1079 503 1205 542; x_wconf 90' lang='lat' dir='ltr'>homo</span> <span class='ocrx_word' id='word_1_52' title='bbox 1222 503 1374 554; x_wconf 80' lang='lat' dir='ltr'>iugiter</span> <span class='ocrx_word' id='word_1_53' title='bbox 1397 503 1584 544; x_wconf 85' lang='lat' dir='ltr'>dubitare</span> <span class='ocrx_word' id='word_1_54' title='bbox 1605 503 1756 556; x_wconf 88' lang='lat' dir='ltr'>potuis-</span> 
     </span>
     <span class='ocr_line' id='line_1_7' title="bbox 179 568 1754 622; baseline -0.001 -12"><span class='ocrx_word' id='word_1_55' title='bbox 179 577 242 610; x_wconf 86' lang='lat' dir='ltr'>set</span> <span class='ocrx_word' id='word_1_56' title='bbox 257 576 394 610; x_wconf 89' lang='lat' dir='ltr'>utrum</span> <span class='ocrx_word' id='word_1_57' title='bbox 406 571 554 618; x_wconf 87' lang='lat' dir='ltr'>cultus,</span> <span class='ocrx_word' id='word_1_58' title='bbox 567 584 690 622; x_wconf 90' lang='lat' dir='ltr'>quem</span> <span class='ocrx_word' id='word_1_59' title='bbox 703 570 790 610; x_wconf 93' lang='lat' dir='ltr'>Deo</span> <span class='ocrx_word' id='word_1_60' title='bbox 809 576 1057 621; x_wconf 79' lang='lat' dir='ltr'>praestaret,</span> <span class='ocrx_word' id='word_1_61' title='bbox 1071 574 1325 621; x_wconf 85' lang='lat' dir='ltr'>acceptusne</span> <span class='ocrx_word' id='word_1_62' title='bbox 1346 568 1403 607; x_wconf 91' lang='lat' dir='ltr'>illi</span> <span class='ocrx_word' id='word_1_63' title='bbox 1417 578 1528 610; x_wconf 81' lang='lat' dir='ltr'>esset</span> <span class='ocrx_word' id='word_1_64' title='bbox 1547 583 1601 609; x_wconf 91' lang='lat' dir='ltr'>an</span> <span class='ocrx_word' id='word_1_65' title='bbox 1618 582 1754 609; x_wconf 87' lang='lat' dir='ltr'>secus.</span> 
     </span>
     <span class='ocr_line' id='line_1_8' title="bbox 180 632 1753 688; baseline -0.002 -14"><span class='ocrx_word' id='word_1_66' title='bbox 180 637 367 688; x_wconf 83' lang='lat' dir='ltr'>Itemque</span> <span class='ocrx_word' id='word_1_67' title='bbox 389 636 537 687; x_wconf 89' lang='lat' dir='ltr'>culpae</span> <span class='ocrx_word' id='word_1_68' title='bbox 558 634 751 687; x_wconf 79' lang='lat' dir='ltr'>expiatio,</span> <span class='ocrx_word' id='word_1_69' title='bbox 773 634 907 686; x_wconf 88' lang='lat' dir='ltr'>qualis</span> <span class='ocrx_word' id='word_1_70' title='bbox 937 635 1025 673; x_wconf 89' lang='lat' dir='ltr'>Deo</span> <span class='ocrx_word' id='word_1_71' title='bbox 1048 634 1244 685; x_wconf 89' lang='lat' dir='ltr'>placeret,</span> <span class='ocrx_word' id='word_1_72' title='bbox 1268 633 1321 672; x_wconf 88' lang='lat' dir='ltr'>ab</span> <span class='ocrx_word' id='word_1_73' title='bbox 1342 632 1433 685; x_wconf 91' lang='lat' dir='ltr'>ipso</span> <span class='ocrx_word' id='word_1_74' title='bbox 1454 633 1542 672; x_wconf 92' lang='lat' dir='ltr'>Deo</span> <span class='ocrx_word' id='word_1_75' title='bbox 1563 632 1753 673; x_wconf 87' lang='lat' dir='ltr'>determi-</span> 
     </span>
     <span class='ocr_line' id='line_1_9' title="bbox 180 695 1758 759; baseline -0.004 -19"><span class='ocrx_word' id='word_1_76' title='bbox 180 700 273 740; x_wconf 89' lang='lat' dir='ltr'>nari</span> <span class='ocrx_word' id='word_1_77' title='bbox 291 700 516 740; x_wconf 85' lang='lat' dir='ltr'>debuisset.</span> <span class='ocrx_word' id='word_1_78' title='bbox 536 699 632 759; x_wconf 62' lang='lat' dir='ltr'>&#39;Nisi</span> <span class='ocrx_word' id='word_1_79' title='bbox 653 699 762 738; x_wconf 88' lang='lat' dir='ltr'>enim</span> <span class='ocrx_word' id='word_1_80' title='bbox 783 699 823 737; x_wconf 92' lang='lat' dir='ltr'>id</span> <span class='ocrx_word' id='word_1_81' title='bbox 845 700 976 745; x_wconf 87' lang='lat' dir='ltr'>fieret,</span> <span class='ocrx_word' id='word_1_82' title='bbox 999 704 1202 749; x_wconf 86' lang='lat' dir='ltr'>perpetua</span> <span class='ocrx_word' id='word_1_83' title='bbox 1219 696 1403 736; x_wconf 90' lang='lat' dir='ltr'>animum</span> <span class='ocrx_word' id='word_1_84' title='bbox 1426 705 1622 735; x_wconf 86' lang='lat' dir='ltr'>vexasset</span> <span class='ocrx_word' id='word_1_85' title='bbox 1647 695 1758 735; x_wconf 92' lang='lat' dir='ltr'>dubi-</span> 
     </span>
     <span class='ocr_line' id='line_1_10' title="bbox 185 760 1758 816; baseline -0.003 -12"><span class='ocrx_word' id='word_1_86' title='bbox 185 764 298 812; x_wconf 87' lang='lat' dir='ltr'>tatio,</span> <span class='ocrx_word' id='word_1_87' title='bbox 329 777 428 802; x_wconf 93' lang='lat' dir='ltr'>num</span> <span class='ocrx_word' id='word_1_88' title='bbox 450 763 609 816; x_wconf 87' lang='lat' dir='ltr'>placari</span> <span class='ocrx_word' id='word_1_89' title='bbox 630 763 696 802; x_wconf 87' lang='lat' dir='ltr'>his</span> <span class='ocrx_word' id='word_1_90' title='bbox 718 762 910 814; x_wconf 77' lang='lat' dir='ltr'>operibus</span> <span class='ocrx_word' id='word_1_91' title='bbox 928 763 1052 801; x_wconf 85' lang='lat' dir='ltr'>vellet</span> <span class='ocrx_word' id='word_1_92' title='bbox 1068 762 1182 801; x_wconf 90' lang='lat' dir='ltr'>Deus</span> <span class='ocrx_word' id='word_1_93' title='bbox 1203 774 1350 801; x_wconf 85' lang='lat' dir='ltr'>necne.</span> <span class='ocrx_word' id='word_1_94' title='bbox 1374 761 1493 801; x_wconf 90' lang='lat' dir='ltr'>Haec</span> <span class='ocrx_word' id='word_1_95' title='bbox 1515 760 1655 800; x_wconf 88' lang='lat' dir='ltr'>omnia</span> <span class='ocrx_word' id='word_1_96' title='bbox 1675 772 1758 799; x_wconf 89' lang='lat' dir='ltr'>non</span> 
     </span>
     <span class='ocr_line' id='line_1_11' title="bbox 180 826 1759 882; baseline -0.003 -12"><span class='ocrx_word' id='word_1_97' title='bbox 180 830 304 871; x_wconf 88' lang='lat' dir='ltr'>modo</span> <span class='ocrx_word' id='word_1_98' title='bbox 322 830 639 882; x_wconf 88' lang='lat' dir='ltr'>possibilitatem</span> <span class='ocrx_word' id='word_1_99' title='bbox 656 829 729 868; x_wconf 90' lang='lat' dir='ltr'>sed</span> <span class='ocrx_word' id='word_1_100' title='bbox 747 829 870 868; x_wconf 86' lang='lat' dir='ltr'>etiam</span> <span class='ocrx_word' id='word_1_101' title='bbox 887 828 1116 867; x_wconf 84' lang='lat' dir='ltr'>maximam</span> <span class='ocrx_word' id='word_1_102' title='bbox 1134 827 1472 867; x_wconf 82' lang='lat' dir='ltr'>convenientiam</span> <span class='ocrx_word' id='word_1_103' title='bbox 1489 826 1759 866; x_wconf 86' lang='lat' dir='ltr'>revelationis</span> 
     </span>
     <span class='ocr_line' id='line_1_12' title="bbox 179 890 1755 947; baseline -0.005 -10"><span class='ocrx_word' id='word_1_104' title='bbox 179 897 432 943; x_wconf 89' lang='lat' dir='ltr'>ostendunt,</span> <span class='ocrx_word' id='word_1_105' title='bbox 463 895 599 947; x_wconf 84' lang='lat' dir='ltr'>quoad</span> <span class='ocrx_word' id='word_1_106' title='bbox 628 894 765 945; x_wconf 88' lang='lat' dir='ltr'>ipsum</span> <span class='ocrx_word' id='word_1_107' title='bbox 795 899 949 934; x_wconf 89' lang='lat' dir='ltr'>statum</span> <span class='ocrx_word' id='word_1_108' title='bbox 979 893 1088 932; x_wconf 85' lang='lat' dir='ltr'>intra</span> <span class='ocrx_word' id='word_1_109' title='bbox 1117 892 1317 933; x_wconf 89' lang='lat' dir='ltr'>terminos</span> <span class='ocrx_word' id='word_1_110' title='bbox 1358 897 1532 930; x_wconf 88' lang='lat' dir='ltr'>naturae</span> <span class='ocrx_word' id='word_1_111' title='bbox 1562 890 1755 942; x_wconf 87' lang='lat' dir='ltr'>positum.</span> 
     </span>
    </p>

    <p class='ocr_par' dir='ltr' id='par_1_3' title="bbox 178 957 1757 1079">
     <span class='ocr_line' id='line_1_13' title="bbox 231 957 1757 1012; baseline -0.005 -10"><span class='ocrx_word' id='word_1_112' title='bbox 231 964 295 1002; x_wconf 85' lang='lat'>43.</span> <span class='ocrx_word' id='word_1_113' title='bbox 326 964 582 1002; x_wconf 76' lang='lat' dir='ltr'>PRoposmo</span> <span class='ocrx_word' id='word_1_114' title='bbox 604 961 660 999; x_wconf 70' lang='lat'>5³.</span> <span class='ocrx_word' id='word_1_115' title='bbox 681 960 823 999; x_wconf 88' lang='lat' dir='ltr'>Homo</span> <span class='ocrx_word' id='word_1_116' title='bbox 842 959 977 1012; x_wconf 80' lang='lat' dir='ltr'>officio</span> <span class='ocrx_word' id='word_1_117' title='bbox 996 959 1286 1012; x_wconf 73' lang='lat' dir='ltr'>adstringyitar</span> <span class='ocrx_word' id='word_1_118' title='bbox 1306 957 1624 1011; x_wconf 75' lang='lat' dir='ltr'>amplectendae</span> <span class='ocrx_word' id='word_1_119' title='bbox 1647 970 1757 996; x_wconf 76' lang='lat' dir='ltr'>reve-</span> 
     </span>
     <span class='ocr_line' id='line_1_14' title="bbox 178 1014 1750 1079; baseline -0.005 -11"><span class='ocrx_word' id='word_1_120' title='bbox 178 1028 366 1074; x_wconf 53' lang='lat' dir='ltr'>lationi&amp;</span> <span class='ocrx_word' id='word_1_121' title='bbox 388 1039 499 1079; x_wconf 70' lang='lat' dir='ltr'>quae</span> <span class='ocrx_word' id='word_1_122' title='bbox 516 1014 740 1077; x_wconf 52' lang='lat' dir='ltr'>facta&#39;sz&#39;t,</span> <span class='ocrx_word' id='word_1_123' title='bbox 765 1027 806 1064; x_wconf 73' lang='lat' dir='ltr'>et</span> <span class='ocrx_word' id='word_1_124' title='bbox 832 1038 926 1064; x_wconf 80' lang='lat' dir='ltr'>eam</span> <span class='ocrx_word' id='word_1_125' title='bbox 949 1024 1211 1077; x_wconf 75' lang='lat' dir='ltr'>inquirendi,</span> <span class='ocrx_word' id='word_1_126' title='bbox 1231 1024 1270 1062; x_wconf 79' lang='lat' dir='ltr'>si</span> <span class='ocrx_word' id='word_1_127' title='bbox 1290 1023 1482 1062; x_wconf 76' lang='lat' dir='ltr'>nondum</span> <span class='ocrx_word' id='word_1_128' title='bbox 1514 1021 1750 1074; x_wconf 68' lang='lat' dir='ltr'>aynoverit.</span> 
     </span>
    </p>

    <p class='ocr_par' dir='ltr' id='par_1_4' title="bbox 173 1091 1758 1668">
     <span class='ocr_line' id='line_1_15' title="bbox 230 1091 1752 1144; baseline -0.005 -10"><span class='ocrx_word' id='word_1_129' title='bbox 230 1094 353 1134; x_wconf 85' lang='lat' dir='ltr'>Prob.</span> <span class='ocrx_word' id='word_1_130' title='bbox 386 1095 474 1133; x_wconf 92' lang='lat' dir='ltr'>Deo</span> <span class='ocrx_word' id='word_1_131' title='bbox 505 1092 689 1144; x_wconf 84' lang='lat' dir='ltr'>loquenti</span> <span class='ocrx_word' id='word_1_132' title='bbox 718 1092 901 1139; x_wconf 85' lang='lat' dir='ltr'>credere,</span> <span class='ocrx_word' id='word_1_133' title='bbox 932 1091 1034 1130; x_wconf 87' lang='lat' dir='ltr'>iuris</span> <span class='ocrx_word' id='word_1_134' title='bbox 1063 1096 1239 1130; x_wconf 90' lang='lat' dir='ltr'>naturae</span> <span class='ocrx_word' id='word_1_135' title='bbox 1270 1096 1538 1141; x_wconf 84' lang='lat' dir='ltr'>praeceptum</span> <span class='ocrx_word' id='word_1_136' title='bbox 1559 1094 1752 1137; x_wconf 87' lang='lat' dir='ltr'>est;cum</span> 
     </span>
     <span class='ocr_line' id='line_1_16' title="bbox 177 1156 1758 1207; baseline -0.006 -5"><span class='ocrx_word' id='word_1_137' title='bbox 177 1163 292 1202; x_wconf 88' lang='lat' dir='ltr'>Deus</span> <span class='ocrx_word' id='word_1_138' title='bbox 308 1161 360 1201; x_wconf 87' lang='lat' dir='ltr'>sit</span> <span class='ocrx_word' id='word_1_139' title='bbox 381 1159 695 1207; x_wconf 81' lang='lat' dir='ltr'>veracissimus,</span> <span class='ocrx_word' id='word_1_140' title='bbox 707 1167 746 1198; x_wconf 88' lang='lat' dir='ltr'>et</span> <span class='ocrx_word' id='word_1_141' title='bbox 762 1158 1000 1205; x_wconf 81' lang='lat' dir='ltr'>infallibilis,</span> <span class='ocrx_word' id='word_1_142' title='bbox 1014 1157 1080 1197; x_wconf 93' lang='lat' dir='ltr'>cui</span> <span class='ocrx_word' id='word_1_143' title='bbox 1092 1157 1215 1196; x_wconf 90' lang='lat' dir='ltr'>fidem</span> <span class='ocrx_word' id='word_1_144' title='bbox 1227 1168 1350 1196; x_wconf 90' lang='lat' dir='ltr'>nemo</span> <span class='ocrx_word' id='word_1_145' title='bbox 1368 1156 1578 1207; x_wconf 84' lang='lat' dir='ltr'>denegare</span> <span class='ocrx_word' id='word_1_146' title='bbox 1600 1160 1758 1206; x_wconf 89' lang='lat' dir='ltr'>potest,</span> 
     </span>
     <span class='ocr_line' id='line_1_17' title="bbox 176 1219 1754 1280; baseline -0.005 -15"><span class='ocrx_word' id='word_1_147' title='bbox 176 1226 276 1280; x_wconf 89' lang='lat' dir='ltr'>quin</span> <span class='ocrx_word' id='word_1_148' title='bbox 298 1226 496 1265; x_wconf 89' lang='lat' dir='ltr'>continuo</span> <span class='ocrx_word' id='word_1_149' title='bbox 523 1224 797 1276; x_wconf 87' lang='lat' dir='ltr'>blasphemus</span> <span class='ocrx_word' id='word_1_150' title='bbox 827 1228 867 1262; x_wconf 92' lang='lat' dir='ltr'>et</span> <span class='ocrx_word' id='word_1_151' title='bbox 896 1222 1047 1273; x_wconf 88' lang='lat' dir='ltr'>impius</span> <span class='ocrx_word' id='word_1_152' title='bbox 1077 1222 1239 1260; x_wconf 85' lang='lat' dir='ltr'>evadat.</span> <span class='ocrx_word' id='word_1_153' title='bbox 1274 1222 1359 1261; x_wconf 92' lang='lat' dir='ltr'>Nec</span> <span class='ocrx_word' id='word_1_154' title='bbox 1381 1220 1488 1273; x_wconf 91' lang='lat' dir='ltr'>quod</span> <span class='ocrx_word' id='word_1_155' title='bbox 1511 1219 1665 1270; x_wconf 81' lang='lat' dir='ltr'>dogma</span> <span class='ocrx_word' id='word_1_156' title='bbox 1685 1219 1754 1257; x_wconf 88' lang='lat' dir='ltr'>ali-</span> 
     </span>
     <span class='ocr_line' id='line_1_18' title="bbox 176 1287 1755 1346; baseline -0.006 -12"><span class='ocrx_word' id='word_1_157' title='bbox 176 1294 287 1346; x_wconf 89' lang='lat' dir='ltr'>quod</span> <span class='ocrx_word' id='word_1_158' title='bbox 316 1295 458 1333; x_wconf 92' lang='lat' dir='ltr'>lumen</span> <span class='ocrx_word' id='word_1_159' title='bbox 488 1292 700 1331; x_wconf 85' lang='lat' dir='ltr'>humanae</span> <span class='ocrx_word' id='word_1_160' title='bbox 730 1289 907 1329; x_wconf 89' lang='lat' dir='ltr'>rationis</span> <span class='ocrx_word' id='word_1_161' title='bbox 938 1294 1116 1340; x_wconf 89' lang='lat' dir='ltr'>superet,</span> <span class='ocrx_word' id='word_1_162' title='bbox 1135 1300 1385 1340; x_wconf 86' lang='lat' dir='ltr'>quemquam</span> <span class='ocrx_word' id='word_1_163' title='bbox 1425 1291 1612 1326; x_wconf 87' lang='lat' dir='ltr'>excusat.</span> <span class='ocrx_word' id='word_1_164' title='bbox 1646 1287 1755 1325; x_wconf 91' lang='lat' dir='ltr'>Nam</span> 
     </span>
     <span class='ocr_line' id='line_1_19' title="bbox 175 1349 1751 1408; baseline -0.008 -8"><span class='ocrx_word' id='word_1_165' title='bbox 175 1361 257 1400; x_wconf 89' lang='lat' dir='ltr'>hoc</span> <span class='ocrx_word' id='word_1_166' title='bbox 288 1358 341 1398; x_wconf 89' lang='lat' dir='ltr'>ad</span> <span class='ocrx_word' id='word_1_167' title='bbox 370 1356 613 1408; x_wconf 86' lang='lat' dir='ltr'>obsequium</span> <span class='ocrx_word' id='word_1_168' title='bbox 647 1356 733 1394; x_wconf 90' lang='lat' dir='ltr'>Deo</span> <span class='ocrx_word' id='word_1_169' title='bbox 764 1353 1063 1406; x_wconf 89' lang='lat' dir='ltr'>praestandum</span> <span class='ocrx_word' id='word_1_170' title='bbox 1106 1351 1290 1390; x_wconf 80' lang='lat' dir='ltr'>maxime</span> <span class='ocrx_word' id='word_1_171' title='bbox 1319 1350 1521 1402; x_wconf 87' lang='lat' dir='ltr'>pertinet,</span> <span class='ocrx_word' id='word_1_172' title='bbox 1552 1355 1596 1388; x_wconf 89' lang='lat' dir='ltr'>ut</span> <span class='ocrx_word' id='word_1_173' title='bbox 1624 1349 1751 1389; x_wconf 88' lang='lat' dir='ltr'>intel—</span> 
     </span>
     <span class='ocr_line' id='line_1_20' title="bbox 175 1416 1750 1472; baseline -0.008 -6"><span class='ocrx_word' id='word_1_174' title='bbox 175 1427 329 1466; x_wconf 90' lang='lat' dir='ltr'>lectum</span> <span class='ocrx_word' id='word_1_175' title='bbox 359 1430 547 1464; x_wconf 87' lang='lat' dir='ltr'>nostrum</span> <span class='ocrx_word' id='word_1_176' title='bbox 579 1421 615 1462; x_wconf 89' lang='lat' dir='ltr'>ei</span> <span class='ocrx_word' id='word_1_177' title='bbox 645 1421 946 1469; x_wconf 89' lang='lat' dir='ltr'>subiiciamus,</span> <span class='ocrx_word' id='word_1_178' title='bbox 978 1420 1279 1472; x_wconf 79' lang='lat' dir='ltr'>credamusque</span> <span class='ocrx_word' id='word_1_179' title='bbox 1312 1419 1432 1470; x_wconf 89' lang='lat' dir='ltr'>plura</span> <span class='ocrx_word' id='word_1_180' title='bbox 1460 1418 1596 1470; x_wconf 89' lang='lat' dir='ltr'>ipsum</span> <span class='ocrx_word' id='word_1_181' title='bbox 1625 1416 1750 1463; x_wconf 87' lang='lat' dir='ltr'>scire,</span> 
     </span>
     <span class='ocr_line' id='line_1_21' title="bbox 174 1481 1758 1543; baseline -0.005 -15"><span class='ocrx_word' id='word_1_182' title='bbox 174 1502 281 1543; x_wconf 90' lang='lat' dir='ltr'>quae</span> <span class='ocrx_word' id='word_1_183' title='bbox 298 1501 399 1528; x_wconf 85' lang='lat' dir='ltr'>vera</span> <span class='ocrx_word' id='word_1_184' title='bbox 415 1487 508 1535; x_wconf 89' lang='lat' dir='ltr'>sint,</span> <span class='ocrx_word' id='word_1_185' title='bbox 523 1500 647 1539; x_wconf 88' lang='lat' dir='ltr'>quam</span> <span class='ocrx_word' id='word_1_186' title='bbox 669 1499 775 1538; x_wconf 89' lang='lat' dir='ltr'>quae</span> <span class='ocrx_word' id='word_1_187' title='bbox 792 1485 954 1525; x_wconf 86' lang='lat' dir='ltr'>tantula</span> <span class='ocrx_word' id='word_1_188' title='bbox 970 1497 1091 1524; x_wconf 90' lang='lat' dir='ltr'>mens</span> <span class='ocrx_word' id='word_1_189' title='bbox 1106 1488 1252 1523; x_wconf 90' lang='lat' dir='ltr'>nostra</span> <span class='ocrx_word' id='word_1_190' title='bbox 1273 1495 1422 1535; x_wconf 82' lang='lat' dir='ltr'>capere</span> <span class='ocrx_word' id='word_1_191' title='bbox 1440 1483 1592 1522; x_wconf 78' lang='lat' dir='ltr'>valeat.</span> <span class='ocrx_word' id='word_1_192' title='bbox 1617 1481 1758 1528; x_wconf 82' lang='lat' dir='ltr'>Quare</span> 
     </span>
     <span class='ocr_line' id='line_1_22' title="bbox 173 1546 1752 1602; baseline -0.006 -8"><span class='ocrx_word' id='word_1_193' title='bbox 173 1554 209 1594; x_wconf 90' lang='lat' dir='ltr'>si</span> <span class='ocrx_word' id='word_1_194' title='bbox 241 1553 342 1593; x_wconf 85' lang='lat' dir='ltr'>ordo</span> <span class='ocrx_word' id='word_1_195' title='bbox 364 1551 595 1592; x_wconf 85' lang='lat' dir='ltr'>officiorum</span> <span class='ocrx_word' id='word_1_196' title='bbox 617 1564 720 1602; x_wconf 81' lang='lat' dir='ltr'>erga</span> <span class='ocrx_word' id='word_1_197' title='bbox 750 1551 884 1589; x_wconf 91' lang='lat' dir='ltr'>Deum</span> <span class='ocrx_word' id='word_1_198' title='bbox 912 1549 990 1589; x_wconf 90' lang='lat' dir='ltr'>rite</span> <span class='ocrx_word' id='word_1_199' title='bbox 1019 1548 1296 1601; x_wconf 81' lang='lat' dir='ltr'>perpenditur,</span> <span class='ocrx_word' id='word_1_200' title='bbox 1328 1547 1508 1587; x_wconf 86' lang='lat' dir='ltr'>debitum</span> <span class='ocrx_word' id='word_1_201' title='bbox 1535 1546 1631 1586; x_wconf 91' lang='lat' dir='ltr'>fidei</span> <span class='ocrx_word' id='word_1_202' title='bbox 1663 1547 1752 1585; x_wconf 89' lang='lat' dir='ltr'>Deo</span> 
     </span>
     <span class='ocr_line' id='line_1_23' title="bbox 176 1611 1749 1668; baseline -0.006 -8"><span class='ocrx_word' id='word_1_203' title='bbox 176 1618 437 1660; x_wconf 88' lang='lat' dir='ltr'>adhibendae</span> <span class='ocrx_word' id='word_1_204' title='bbox 457 1617 565 1657; x_wconf 86' lang='lat' dir='ltr'>inter</span> <span class='ocrx_word' id='word_1_205' title='bbox 584 1616 835 1668; x_wconf 87' lang='lat' dir='ltr'>praecipuas</span> <span class='ocrx_word' id='word_1_206' title='bbox 856 1615 1134 1667; x_wconf 79' lang='lat' dir='ltr'>obligationes</span> <span class='ocrx_word' id='word_1_207' title='bbox 1149 1613 1331 1654; x_wconf 89' lang='lat' dir='ltr'>hominis</span> <span class='ocrx_word' id='word_1_208' title='bbox 1352 1612 1557 1654; x_wconf 85' lang='lat' dir='ltr'>contineri</span> <span class='ocrx_word' id='word_1_209' title='bbox 1578 1611 1749 1664; x_wconf 89' lang='lat' dir='ltr'>patebit.</span> 
     </span>
    </p>

    <p class='ocr_par' dir='ltr' id='par_1_5' title="bbox 172 1678 1757 2390">
     <span class='ocr_line' id='line_1_24' title="bbox 231 1678 1752 1731; baseline -0.005 -9"><span class='ocrx_word' id='word_1_210' title='bbox 231 1683 387 1722; x_wconf 90' lang='lat' dir='ltr'>Eadem</span> <span class='ocrx_word' id='word_1_211' title='bbox 406 1681 668 1721; x_wconf 84' lang='lat' dir='ltr'>ratiocinatio</span> <span class='ocrx_word' id='word_1_212' title='bbox 686 1680 767 1719; x_wconf 90' lang='lat' dir='ltr'>alio</span> <span class='ocrx_word' id='word_1_213' title='bbox 789 1680 913 1720; x_wconf 87' lang='lat' dir='ltr'>etiam</span> <span class='ocrx_word' id='word_1_214' title='bbox 934 1680 1057 1718; x_wconf 89' lang='lat' dir='ltr'>modo</span> <span class='ocrx_word' id='word_1_215' title='bbox 1075 1678 1247 1731; x_wconf 90' lang='lat' dir='ltr'>proponi</span> <span class='ocrx_word' id='word_1_216' title='bbox 1264 1683 1409 1729; x_wconf 86' lang='lat' dir='ltr'>potest.</span> <span class='ocrx_word' id='word_1_217' title='bbox 1429 1679 1541 1717; x_wconf 86' lang='lat' dir='ltr'>Deus</span> <span class='ocrx_word' id='word_1_218' title='bbox 1558 1683 1622 1716; x_wconf 89' lang='lat' dir='ltr'>est</span> <span class='ocrx_word' id='word_1_219' title='bbox 1643 1689 1752 1715; x_wconf 91' lang='lat' dir='ltr'>sum-</span> 
     </span>
     <span class='ocr_line' id='line_1_25' title="bbox 174 1739 1755 1796; baseline -0.008 -6"><span class='ocrx_word' id='word_1_220' title='bbox 174 1763 287 1790; x_wconf 89' lang='lat' dir='ltr'>mum</span> <span class='ocrx_word' id='word_1_221' title='bbox 299 1749 398 1796; x_wconf 88' lang='lat' dir='ltr'>Ens,</span> <span class='ocrx_word' id='word_1_222' title='bbox 418 1760 623 1787; x_wconf 89' lang='lat' dir='ltr'>summum</span> <span class='ocrx_word' id='word_1_223' title='bbox 641 1746 811 1792; x_wconf 88' lang='lat' dir='ltr'>Verum,</span> <span class='ocrx_word' id='word_1_224' title='bbox 828 1757 1037 1783; x_wconf 92' lang='lat' dir='ltr'>summum</span> <span class='ocrx_word' id='word_1_225' title='bbox 1057 1744 1231 1783; x_wconf 82' lang='lat' dir='ltr'>Bonum.</span> <span class='ocrx_word' id='word_1_226' title='bbox 1248 1741 1610 1789; x_wconf 82' lang='lat' dir='ltr'>Quemadmodum</span> <span class='ocrx_word' id='word_1_227' title='bbox 1627 1739 1755 1793; x_wconf 78' lang='lat' dir='ltr'>igitur</span> 
     </span>
     <span class='ocr_line' id='line_1_26' title="bbox 173 1807 1748 1868; baseline -0.008 -14"><span class='ocrx_word' id='word_1_228' title='bbox 173 1815 268 1868; x_wconf 86' lang='lat' dir='ltr'>quia</span> <span class='ocrx_word' id='word_1_229' title='bbox 288 1818 351 1853; x_wconf 88' lang='lat' dir='ltr'>est</span> <span class='ocrx_word' id='word_1_230' title='bbox 370 1824 580 1851; x_wconf 87' lang='lat' dir='ltr'>summum</span> <span class='ocrx_word' id='word_1_231' title='bbox 602 1811 702 1858; x_wconf 87' lang='lat' dir='ltr'>Ens,</span> <span class='ocrx_word' id='word_1_232' title='bbox 734 1808 771 1848; x_wconf 87' lang='lat' dir='ltr'>ei</span> <span class='ocrx_word' id='word_1_233' title='bbox 802 1808 974 1848; x_wconf 89' lang='lat' dir='ltr'>debetur</span> <span class='ocrx_word' id='word_1_234' title='bbox 1003 1808 1217 1856; x_wconf 74' lang='lat' dir='ltr'>adoratio,</span> <span class='ocrx_word' id='word_1_235' title='bbox 1249 1814 1290 1848; x_wconf 87' lang='lat' dir='ltr'>et</span> <span class='ocrx_word' id='word_1_236' title='bbox 1321 1807 1417 1859; x_wconf 90' lang='lat' dir='ltr'>quia</span> <span class='ocrx_word' id='word_1_237' title='bbox 1447 1812 1509 1846; x_wconf 88' lang='lat' dir='ltr'>est</span> <span class='ocrx_word' id='word_1_238' title='bbox 1538 1818 1748 1845; x_wconf 90' lang='lat' dir='ltr'>summum</span> 
     </span>
     <span class='ocr_line' id='line_1_27' title="bbox 174 1869 1751 1925; baseline -0.007 -7"><span class='ocrx_word' id='word_1_239' title='bbox 174 1880 353 1925; x_wconf 84' lang='lat' dir='ltr'>Bonum,</span> <span class='ocrx_word' id='word_1_240' title='bbox 370 1876 541 1916; x_wconf 88' lang='lat' dir='ltr'>debetur</span> <span class='ocrx_word' id='word_1_241' title='bbox 562 1887 702 1922; x_wconf 60' lang='lat' dir='ltr'>amem</span> <span class='ocrx_word' id='word_1_242' title='bbox 725 1872 787 1913; x_wconf 89' lang='lat' dir='ltr'>sic</span> <span class='ocrx_word' id='word_1_243' title='bbox 809 1872 933 1912; x_wconf 89' lang='lat' dir='ltr'>etiam</span> <span class='ocrx_word' id='word_1_244' title='bbox 955 1872 1051 1924; x_wconf 90' lang='lat' dir='ltr'>quia</span> <span class='ocrx_word' id='word_1_245' title='bbox 1071 1885 1280 1911; x_wconf 87' lang='lat' dir='ltr'>summum</span> <span class='ocrx_word' id='word_1_246' title='bbox 1302 1873 1457 1912; x_wconf 87' lang='lat' dir='ltr'>Verum</span> <span class='ocrx_word' id='word_1_247' title='bbox 1480 1876 1555 1918; x_wconf 88' lang='lat' dir='ltr'>est,</span> <span class='ocrx_word' id='word_1_248' title='bbox 1580 1869 1751 1909; x_wconf 83' lang='lat' dir='ltr'>debetur</span> 
     </span>
     <span class='ocr_line' id='line_1_28' title="bbox 172 1934 1751 1994; baseline -0.006 -10"><span class='ocrx_word' id='word_1_249' title='bbox 172 1944 313 1993; x_wconf 68' lang='lat' dir='ltr'>Fides,</span> <span class='ocrx_word' id='word_1_250' title='bbox 344 1956 426 1994; x_wconf 87' lang='lat' dir='ltr'>qua</span> <span class='ocrx_word' id='word_1_251' title='bbox 458 1941 537 1994; x_wconf 90' lang='lat' dir='ltr'>ipsi</span> <span class='ocrx_word' id='word_1_252' title='bbox 558 1939 831 1979; x_wconf 89' lang='lat' dir='ltr'>subiiciamus</span> <span class='ocrx_word' id='word_1_253' title='bbox 850 1938 1120 1986; x_wconf 89' lang='lat' dir='ltr'>intellectum,</span> <span class='ocrx_word' id='word_1_254' title='bbox 1139 1943 1261 1989; x_wconf 89' lang='lat' dir='ltr'>prout</span> <span class='ocrx_word' id='word_1_255' title='bbox 1282 1938 1321 1977; x_wconf 90' lang='lat' dir='ltr'>vi</span> <span class='ocrx_word' id='word_1_256' title='bbox 1342 1936 1602 1977; x_wconf 86' lang='lat' dir='ltr'>adorationis</span> <span class='ocrx_word' id='word_1_257' title='bbox 1625 1934 1751 1975; x_wconf 90' lang='lat' dir='ltr'>subii-</span> 
     </span>
     <span class='ocr_line' id='line_1_29' title="bbox 174 2002 1748 2055; baseline -0.007 -4"><span class='ocrx_word' id='word_1_258' title='bbox 174 2012 307 2051; x_wconf 87' lang='lat' dir='ltr'>cimus</span> <span class='ocrx_word' id='word_1_259' title='bbox 328 2009 630 2055; x_wconf 87' lang='lat' dir='ltr'>exsistentiam,</span> <span class='ocrx_word' id='word_1_260' title='bbox 644 2012 684 2047; x_wconf 91' lang='lat' dir='ltr'>et</span> <span class='ocrx_word' id='word_1_261' title='bbox 700 2006 739 2045; x_wconf 82' lang='lat' dir='ltr'>vi</span> <span class='ocrx_word' id='word_1_262' title='bbox 755 2005 911 2045; x_wconf 89' lang='lat' dir='ltr'>amoris</span> <span class='ocrx_word' id='word_1_263' title='bbox 927 2005 1194 2045; x_wconf 83' lang='lat' dir='ltr'>voluntatem.</span> <span class='ocrx_word' id='word_1_264' title='bbox 1211 2006 1315 2044; x_wconf 87' lang='lat' dir='ltr'>Cum</span> <span class='ocrx_word' id='word_1_265' title='bbox 1327 2017 1426 2044; x_wconf 87' lang='lat' dir='ltr'>vero</span> <span class='ocrx_word' id='word_1_266' title='bbox 1443 2005 1556 2043; x_wconf 89' lang='lat' dir='ltr'>Deus</span> <span class='ocrx_word' id='word_1_267' title='bbox 1570 2003 1662 2042; x_wconf 93' lang='lat' dir='ltr'>ideo</span> <span class='ocrx_word' id='word_1_268' title='bbox 1680 2002 1748 2041; x_wconf 88' lang='lat' dir='ltr'>lo-</span> 
     </span>
     <span class='ocr_line' id='line_1_30' title="bbox 175 2066 1757 2128; baseline -0.006 -13"><span class='ocrx_word' id='word_1_269' title='bbox 175 2081 338 2128; x_wconf 85' lang='lat' dir='ltr'>quatur,</span> <span class='ocrx_word' id='word_1_270' title='bbox 355 2080 399 2113; x_wconf 90' lang='lat' dir='ltr'>ut</span> <span class='ocrx_word' id='word_1_271' title='bbox 412 2086 519 2125; x_wconf 88' lang='lat' dir='ltr'>quae</span> <span class='ocrx_word' id='word_1_272' title='bbox 531 2070 742 2110; x_wconf 88' lang='lat' dir='ltr'>credenda</span> <span class='ocrx_word' id='word_1_273' title='bbox 754 2076 877 2122; x_wconf 91' lang='lat' dir='ltr'>atque</span> <span class='ocrx_word' id='word_1_274' title='bbox 892 2068 1059 2121; x_wconf 83' lang='lat' dir='ltr'>agenda</span> <span class='ocrx_word' id='word_1_275' title='bbox 1072 2068 1154 2107; x_wconf 89' lang='lat' dir='ltr'>sint</span> <span class='ocrx_word' id='word_1_276' title='bbox 1165 2068 1361 2116; x_wconf 87' lang='lat' dir='ltr'>sciamus,</span> <span class='ocrx_word' id='word_1_277' title='bbox 1380 2081 1430 2107; x_wconf 92' lang='lat' dir='ltr'>ac</span> <span class='ocrx_word' id='word_1_278' title='bbox 1442 2080 1589 2107; x_wconf 87' lang='lat' dir='ltr'>norma</span> <span class='ocrx_word' id='word_1_279' title='bbox 1601 2066 1653 2106; x_wconf 88' lang='lat' dir='ltr'>ab</span> <span class='ocrx_word' id='word_1_280' title='bbox 1666 2066 1757 2118; x_wconf 86' lang='lat' dir='ltr'>ipso</span> 
     </span>
     <span class='ocr_line' id='line_1_31' title="bbox 175 2134 1754 2195; baseline -0.006 -14"><span class='ocrx_word' id='word_1_281' title='bbox 175 2141 391 2195; x_wconf 86' lang='lat' dir='ltr'>proposita</span> <span class='ocrx_word' id='word_1_282' title='bbox 411 2139 668 2190; x_wconf 80' lang='lat' dir='ltr'>dirigamur;</span> <span class='ocrx_word' id='word_1_283' title='bbox 689 2136 876 2190; x_wconf 90' lang='lat' dir='ltr'>quisquis</span> <span class='ocrx_word' id='word_1_284' title='bbox 897 2136 1166 2176; x_wconf 86' lang='lat' dir='ltr'>revelationis</span> <span class='ocrx_word' id='word_1_285' title='bbox 1187 2136 1279 2176; x_wconf 92' lang='lat' dir='ltr'>luce</span> <span class='ocrx_word' id='word_1_286' title='bbox 1304 2136 1488 2175; x_wconf 89' lang='lat' dir='ltr'>nondum</span> <span class='ocrx_word' id='word_1_287' title='bbox 1509 2134 1754 2182; x_wconf 88' lang='lat' dir='ltr'>illustratur,</span> 
     </span>
     <span class='ocr_line' id='line_1_32' title="bbox 175 2200 1757 2260; baseline -0.008 -10"><span class='ocrx_word' id='word_1_288' title='bbox 175 2215 340 2250; x_wconf 87' lang='lat' dir='ltr'>tenetur</span> <span class='ocrx_word' id='word_1_289' title='bbox 356 2206 541 2260; x_wconf 87' lang='lat' dir='ltr'>profecto</span> <span class='ocrx_word' id='word_1_290' title='bbox 555 2204 812 2257; x_wconf 76' lang='lat' dir='ltr'>investigare</span> <span class='ocrx_word' id='word_1_291' title='bbox 824 2218 877 2243; x_wconf 87' lang='lat' dir='ltr'>an</span> <span class='ocrx_word' id='word_1_292' title='bbox 895 2217 946 2244; x_wconf 91' lang='lat' dir='ltr'>ea</span> <span class='ocrx_word' id='word_1_293' title='bbox 962 2204 1075 2244; x_wconf 89' lang='lat' dir='ltr'>facta</span> <span class='ocrx_word' id='word_1_294' title='bbox 1088 2203 1152 2251; x_wconf 81' lang='lat' dir='ltr'>sit,</span> <span class='ocrx_word' id='word_1_295' title='bbox 1165 2214 1353 2255; x_wconf 87' lang='lat' dir='ltr'>eamque,</span> <span class='ocrx_word' id='word_1_296' title='bbox 1366 2214 1460 2240; x_wconf 90' lang='lat' dir='ltr'>cum</span> <span class='ocrx_word' id='word_1_297' title='bbox 1476 2200 1629 2239; x_wconf 82' lang='lat' dir='ltr'>factam</span> <span class='ocrx_word' id='word_1_298' title='bbox 1647 2213 1757 2239; x_wconf 91' lang='lat' dir='ltr'>com-</span> 
     </span>
     <span class='ocr_line' id='line_1_33' title="bbox 172 2263 1755 2325; baseline -0.006 -13"><span class='ocrx_word' id='word_1_299' title='bbox 172 2273 340 2325; x_wconf 84' lang='lat' dir='ltr'>pererit,</span> <span class='ocrx_word' id='word_1_300' title='bbox 358 2269 564 2322; x_wconf 86' lang='lat' dir='ltr'>amplecti.</span> <span class='ocrx_word' id='word_1_301' title='bbox 584 2268 721 2307; x_wconf 89' lang='lat' dir='ltr'>Huius</span> <span class='ocrx_word' id='word_1_302' title='bbox 742 2268 850 2308; x_wconf 86' lang='lat' dir='ltr'>enim</span> <span class='ocrx_word' id='word_1_303' title='bbox 868 2269 926 2307; x_wconf 87' lang='lat' dir='ltr'>rei</span> <span class='ocrx_word' id='word_1_304' title='bbox 947 2267 1206 2320; x_wconf 78' lang='lat' dir='ltr'>negligentia</span> <span class='ocrx_word' id='word_1_305' title='bbox 1226 2272 1265 2306; x_wconf 91' lang='lat' dir='ltr'>et</span> <span class='ocrx_word' id='word_1_306' title='bbox 1281 2271 1543 2317; x_wconf 86' lang='lat' dir='ltr'>contemptus</span> <span class='ocrx_word' id='word_1_307' title='bbox 1563 2264 1605 2303; x_wconf 90' lang='lat' dir='ltr'>in</span> <span class='ocrx_word' id='word_1_308' title='bbox 1627 2263 1755 2316; x_wconf 79' lang='lat' dir='ltr'>negli-</span> 
     </span>
     <span class='ocr_line' id='line_1_34' title="bbox 172 2327 1755 2390; baseline -0.006 -14"><span class='ocrx_word' id='word_1_309' title='bbox 172 2336 360 2390; x_wconf 80' lang='lat' dir='ltr'>gentiam</span> <span class='ocrx_word' id='word_1_310' title='bbox 390 2341 429 2374; x_wconf 87' lang='lat' dir='ltr'>et</span> <span class='ocrx_word' id='word_1_311' title='bbox 459 2338 741 2385; x_wconf 87' lang='lat' dir='ltr'>contemptum</span> <span class='ocrx_word' id='word_1_312' title='bbox 761 2332 893 2384; x_wconf 83' lang='lat' dir='ltr'>ipsius</span> <span class='ocrx_word' id='word_1_313' title='bbox 924 2332 1004 2371; x_wconf 90' lang='lat' dir='ltr'>Dei</span> <span class='ocrx_word' id='word_1_314' title='bbox 1035 2338 1073 2370; x_wconf 93' lang='lat' dir='ltr'>et</span> <span class='ocrx_word' id='word_1_315' title='bbox 1094 2330 1243 2370; x_wconf 85' lang='lat' dir='ltr'>salutis</span> <span class='ocrx_word' id='word_1_316' title='bbox 1263 2335 1460 2369; x_wconf 87' lang='lat' dir='ltr'>aeternae</span> <span class='ocrx_word' id='word_1_317' title='bbox 1491 2327 1755 2368; x_wconf 89' lang='lat' dir='ltr'>redundaret.</span> 
     </span>
    </p>

    <p class='ocr_par' dir='ltr' id='par_1_6' title="bbox 171 2391 1757 2645">
     <span class='ocr_line' id='line_1_35' title="bbox 228 2391 1757 2449; baseline -0.005 -11"><span class='ocrx_word' id='word_1_318' title='bbox 228 2401 366 2446; x_wconf 80' lang='lat' dir='ltr'>Quare</span> <span class='ocrx_word' id='word_1_319' title='bbox 396 2397 617 2438; x_wconf 88' lang='lat' dir='ltr'>coniicitur</span> <span class='ocrx_word' id='word_1_320' title='bbox 647 2410 769 2449; x_wconf 92' lang='lat' dir='ltr'>quam</span> <span class='ocrx_word' id='word_1_321' title='bbox 800 2397 924 2448; x_wconf 83' lang='lat' dir='ltr'>longe</span> <span class='ocrx_word' id='word_1_322' title='bbox 955 2409 980 2434; x_wconf 91' lang='lat' dir='ltr'>a</span> <span class='ocrx_word' id='word_1_323' title='bbox 1010 2395 1186 2434; x_wconf 88' lang='lat' dir='ltr'>veritate</span> <span class='ocrx_word' id='word_1_324' title='bbox 1208 2394 1396 2433; x_wconf 88' lang='lat' dir='ltr'>discedat</span> <span class='ocrx_word' id='word_1_325' title='bbox 1428 2405 1637 2445; x_wconf 90' lang='lat' dir='ltr'>quamque</span> <span class='ocrx_word' id='word_1_326' title='bbox 1656 2391 1757 2430; x_wconf 90' lang='lat' dir='ltr'>iniu-</span> 
     </span>
     <span class='ocr_line' id='line_1_36' title="bbox 172 2457 1751 2516; baseline -0.008 -9"><span class='ocrx_word' id='word_1_327' title='bbox 172 2467 312 2507; x_wconf 88' lang='lat' dir='ltr'>riosus</span> <span class='ocrx_word' id='word_1_328' title='bbox 342 2467 429 2504; x_wconf 91' lang='lat' dir='ltr'>Deo</span> <span class='ocrx_word' id='word_1_329' title='bbox 460 2464 513 2504; x_wconf 90' lang='lat' dir='ltr'>sit</span> <span class='ocrx_word' id='word_1_330' title='bbox 545 2463 925 2516; x_wconf 69' lang='lat' dir='ltr'>incltffer-entz&#39;smas</span> <span class='ocrx_word' id='word_1_331' title='bbox 963 2462 1005 2500; x_wconf 88' lang='lat' dir='ltr'>in</span> <span class='ocrx_word' id='word_1_332' title='bbox 1035 2461 1211 2501; x_wconf 90' lang='lat' dir='ltr'>materia</span> <span class='ocrx_word' id='word_1_333' title='bbox 1240 2459 1475 2511; x_wconf 85' lang='lat' dir='ltr'>Religionis</span> <span class='ocrx_word' id='word_1_334' title='bbox 1506 2460 1580 2510; x_wconf 87' lang='lat'>(1),</span> <span class='ocrx_word' id='word_1_335' title='bbox 1617 2471 1667 2497; x_wconf 90' lang='lat' dir='ltr'>ac</span> <span class='ocrx_word' id='word_1_336' title='bbox 1698 2457 1751 2495; x_wconf 92' lang='lat' dir='ltr'>li-</span> 
     </span>
     <span class='ocr_line' id='line_1_37' title="bbox 171 2520 1757 2580; baseline -0.007 -10"><span class='ocrx_word' id='word_1_337' title='bbox 171 2532 315 2571; x_wconf 88' lang='lat' dir='ltr'>bertas</span> <span class='ocrx_word' id='word_1_338' title='bbox 347 2528 543 2568; x_wconf 87' lang='lat' dir='ltr'>credendi</span> <span class='ocrx_word' id='word_1_339' title='bbox 576 2527 768 2580; x_wconf 85' lang='lat' dir='ltr'>quidquid</span> <span class='ocrx_word' id='word_1_340' title='bbox 798 2527 908 2575; x_wconf 86' lang='lat' dir='ltr'>libet,</span> <span class='ocrx_word' id='word_1_341' title='bbox 939 2532 1009 2565; x_wconf 90' lang='lat' dir='ltr'>aut</span> <span class='ocrx_word' id='word_1_342' title='bbox 1040 2538 1091 2564; x_wconf 86' lang='lat' dir='ltr'>ea</span> <span class='ocrx_word' id='word_1_343' title='bbox 1119 2530 1282 2564; x_wconf 89' lang='lat' dir='ltr'>tantum</span> <span class='ocrx_word' id='word_1_344' title='bbox 1314 2536 1420 2576; x_wconf 87' lang='lat' dir='ltr'>quae</span> <span class='ocrx_word' id='word_1_345' title='bbox 1443 2520 1661 2561; x_wconf 87' lang='lat' dir='ltr'>arationis</span> <span class='ocrx_word' id='word_1_346' title='bbox 1678 2533 1757 2559; x_wconf 90' lang='lat' dir='ltr'>na-</span> 
     </span>
     <span class='ocr_line' id='line_1_38' title="bbox 175 2593 701 2645; baseline -0.008 -10"><span class='ocrx_word' id='word_1_347' title='bbox 175 2594 324 2635; x_wconf 89' lang='lat' dir='ltr'>turalis</span> <span class='ocrx_word' id='word_1_348' title='bbox 354 2593 466 2633; x_wconf 81' lang='lat' dir='ltr'>fonte</span> <span class='ocrx_word' id='word_1_349' title='bbox 497 2599 701 2645; x_wconf 84' lang='lat' dir='ltr'>petuntur.</span> 
     </span>
    </p>

    <p class='ocr_par' dir='ltr' id='par_1_7' title="bbox 176 2674 1757 2783">
     <span class='ocr_line' id='line_1_39' title="bbox 218 2674 1757 2727; baseline -0.008 -9"><span class='ocrx_word' id='word_1_350' title='bbox 218 2686 268 2727; x_wconf 87' lang='lat'>(1)</span> <span class='ocrx_word' id='word_1_351' title='bbox 294 2683 645 2727; x_wconf 61' lang='lat' dir='ltr'>Indiffesentismus</span> <span class='ocrx_word' id='word_1_352' title='bbox 657 2681 857 2724; x_wconf 67' lang='lat' dir='ltr'>religyiosus</span> <span class='ocrx_word' id='word_1_353' title='bbox 874 2680 907 2712; x_wconf 87' lang='lat' dir='ltr'>in</span> <span class='ocrx_word' id='word_1_354' title='bbox 921 2689 963 2713; x_wconf 86' lang='lat' dir='ltr'>eo</span> <span class='ocrx_word' id='word_1_355' title='bbox 977 2681 1150 2716; x_wconf 85' lang='lat' dir='ltr'>moratur,</span> <span class='ocrx_word' id='word_1_356' title='bbox 1167 2678 1264 2718; x_wconf 87' lang='lat' dir='ltr'>quod</span> <span class='ocrx_word' id='word_1_357' title='bbox 1278 2676 1391 2709; x_wconf 86' lang='lat' dir='ltr'>omnis</span> <span class='ocrx_word' id='word_1_358' title='bbox 1408 2675 1544 2716; x_wconf 78' lang='lat' dir='ltr'>religiO,</span> <span class='ocrx_word' id='word_1_359' title='bbox 1558 2674 1757 2707; x_wconf 84' lang='lat' dir='ltr'>cuiuscum-</span> 
     </span>
     <span class='ocr_line' id='line_1_40' title="bbox 176 2729 1756 2783; baseline -0.007 -12"><span class='ocrx_word' id='word_1_360' title='bbox 176 2752 245 2783; x_wconf 83' lang='lat' dir='ltr'>que</span> <span class='ocrx_word' id='word_1_361' title='bbox 268 2741 422 2773; x_wconf 83' lang='lat' dir='ltr'>naturae</span> <span class='ocrx_word' id='word_1_362' title='bbox 446 2740 508 2769; x_wconf 82' lang='lat' dir='ltr'>aut</span> <span class='ocrx_word' id='word_1_363' title='bbox 532 2736 744 2768; x_wconf 67' lang='lat' dir='ltr'>conditionis</span> <span class='ocrx_word' id='word_1_364' title='bbox 762 2736 831 2767; x_wconf 82' lang='lat' dir='ltr'>sint</span> <span class='ocrx_word' id='word_1_365' title='bbox 848 2736 1024 2775; x_wconf 76' lang='lat' dir='ltr'>&lt;logmata</span> <span class='ocrx_word' id='word_1_366' title='bbox 1041 2736 1075 2765; x_wconf 86' lang='lat' dir='ltr'>et</span> <span class='ocrx_word' id='word_1_367' title='bbox 1091 2733 1296 2774; x_wconf 83' lang='lat' dir='ltr'>praecepta,</span> <span class='ocrx_word' id='word_1_368' title='bbox 1322 2729 1450 2771; x_wconf 85' lang='lat' dir='ltr'>quibus</span> <span class='ocrx_word' id='word_1_369' title='bbox 1467 2731 1621 2766; x_wconf 87' lang='lat' dir='ltr'>constat,</span> <span class='ocrx_word' id='word_1_370' title='bbox 1641 2738 1756 2769; x_wconf 86' lang='lat' dir='ltr'>aeque</span> 
     </span>
    </p>
   </div>
   <div class='ocr_carea' id='block_1_3' title="bbox 172 2783 1757 2882">
    <p class='ocr_par' dir='ltr' id='par_1_8' title="bbox 172 2783 1757 2882">
     <span class='ocr_line' id='line_1_41' title="bbox 176 2783 1755 2830; baseline -0.009 -1"><span class='ocrx_word' id='word_1_371' title='bbox 176 2797 274 2830; x_wconf 83' lang='lat' dir='ltr'>bona</span> <span class='ocrx_word' id='word_1_372' title='bbox 298 2805 341 2827; x_wconf 83' lang='lat' dir='ltr'>ac</span> <span class='ocrx_word' id='word_1_373' title='bbox 363 2791 556 2826; x_wconf 86' lang='lat' dir='ltr'>laudabilis</span> <span class='ocrx_word' id='word_1_374' title='bbox 580 2791 814 2822; x_wconf 76' lang='lat' dir='ltr'>existimetur.</span> <span class='ocrx_word' id='word_1_375' title='bbox 848 2790 927 2826; x_wconf 82' lang='lat' dir='ltr'>Qua</span> <span class='ocrx_word' id='word_1_376' title='bbox 957 2787 1119 2828; x_wconf 87' lang='lat' dir='ltr'>opinione</span> <span class='ocrx_word' id='word_1_377' title='bbox 1138 2785 1218 2818; x_wconf 90' lang='lat' dir='ltr'>nihil</span> <span class='ocrx_word' id='word_1_378' title='bbox 1244 2787 1301 2817; x_wconf 86' lang='lat' dir='ltr'>est</span> <span class='ocrx_word' id='word_1_379' title='bbox 1331 2783 1493 2822; x_wconf 84' lang='lat' dir='ltr'>stultius;</span> <span class='ocrx_word' id='word_1_380' title='bbox 1518 2793 1597 2815; x_wconf 86' lang='lat' dir='ltr'>cum</span> <span class='ocrx_word' id='word_1_381' title='bbox 1621 2783 1755 2816; x_wconf 88' lang='lat' dir='ltr'>nullum</span> 
     </span>
     <span class='ocr_line' id='line_1_42' title="bbox 172 2834 1757 2882; baseline -0.009 -1"><span class='ocrx_word' id='word_1_382' title='bbox 172 2847 338 2881; x_wconf 83' lang='lat' dir='ltr'>veritatis</span> <span class='ocrx_word' id='word_1_383' title='bbox 363 2846 406 2879; x_wconf 86' lang='lat' dir='ltr'>ab</span> <span class='ocrx_word' id='word_1_384' title='bbox 431 2854 566 2881; x_wconf 88' lang='lat' dir='ltr'>errore,</span> <span class='ocrx_word' id='word_1_385' title='bbox 586 2846 647 2875; x_wconf 86' lang='lat' dir='ltr'>aut</span> <span class='ocrx_word' id='word_1_386' title='bbox 671 2841 807 2875; x_wconf 81' lang='lat' dir='ltr'>divinae</span> <span class='ocrx_word' id='word_1_387' title='bbox 830 2840 923 2882; x_wconf 80' lang='lat' dir='ltr'>legis</span> <span class='ocrx_word' id='word_1_388' title='bbox 948 2839 992 2872; x_wconf 85' lang='lat' dir='ltr'>ab</span> <span class='ocrx_word' id='word_1_389' title='bbox 1011 2837 1173 2872; x_wconf 82' lang='lat' dir='ltr'>humanis</span> <span class='ocrx_word' id='word_1_390' title='bbox 1189 2835 1543 2869; x_wconf 83' lang='lat' dir='ltr'>inventis·discrimen</span> <span class='ocrx_word' id='word_1_391' title='bbox 1565 2834 1706 2874; x_wconf 84' lang='lat' dir='ltr'>habeat,</span> <span class='ocrx_word' id='word_1_392' title='bbox 1721 2837 1757 2867; x_wconf 88' lang='lat' dir='ltr'>et</span> 
     </span>
    </p>
   </div>
   <div class='ocr_carea' id='block_1_4' title="bbox 172 2895 765 2940">
    <p class='ocr_par' dir='ltr' id='par_1_9' title="bbox 172 2895 765 2940">
     <span class='ocr_line' id='line_1_43' title="bbox 172 2895 765 2940; baseline -0.013 -6"><span class='ocrx_word' id='word_1_393' title='bbox 172 2903 366 2940; x_wconf 81' lang='lat' dir='ltr'>utrumque</span> <span class='ocrx_word' id='word_1_394' title='bbox 389 2900 466 2931; x_wconf 88' lang='lat' dir='ltr'>Deo</span> <span class='ocrx_word' id='word_1_395' title='bbox 490 2897 635 2937; x_wconf 80' lang='lat' dir='ltr'>dignum</span> <span class='ocrx_word' id='word_1_396' title='bbox 646 2895 765 2937; x_wconf 52' lang='lat' dir='ltr'>(putet.</span> 
     </span>
    </p>
   </div>
  </div>
 </body>
</html>
