1970 3203
212 200 292 241 326
573 213 640 241 ms
670 214 872 242 NATURAE
894 226 913 231 -
931 216 1038 243 PARS
1068 217 1103 242 11.
1135 216 1202 244 ius
1231 217 1406 246 soc1ALE

211 290 454 342 imperator,
487 290 662 329 Carolus
693 303 899 342 magnus,
929 290 998 343 qui
1028 303 1074 330 se
1103 290 1161 331 ita
1190 291 1278 331 suis
1305 292 1469 344 legibus
1498 291 1789 333 inscribebat:

214 354 415 393 Karolas
432 354 679 407 Dei'gyratza
703 367 789 403 rex,
810 354 983 394 demtus
998 358 1173 394 sanetae
1192 354 1409 395 Ecclesiae
1424 356 1637 408 defensor,
1660 359 1790 408 atque

216 417 393 456 adcutor
425 432 469 458 ιη
498 418 693 458 omnibus
726 418 1004 472 Apostolzcae
1033 419 1155 458 Sedis
1185 419 1260 470 (1).

266 484 646 524 136 PROP081T10
666 486 723 524 4³.
744 485 865 525 Lccet
883 485 1033 524 Status
1051 485 1252 538 poltttcus
1275 498 1320 524 ιη
1339 499 1415 525 sao
1446 487 1609 535 ordine,
1643 499 1793 526 rerum

214 560 329 587 mere
361 548 674 600 temporalium,
699 548 982 602 independens
1002 549 1060 588 sit
1077 549 1127 588 ab
1143 549 1349 598 Ecclesza,
1371 550 1410 591 ei
1440 553 1580 590 tamen
1601 550 1793 590 absolate

210 614 534 655 subordinatur.

267 678 390 718 Prob.
409 678 541 728 Quod,
559 686 603 719 ut
621 680 815 720 Ecclesia
831 693 856 719 a
870 681 988 720 Statu
1005 679 1186 733 politico,
1209 680 1270 720 sic
1286 680 1413 720 etiam
1432 681 1573 720 Status
1590 681 1786 733 politicus

210 742 263 783 ab
294 744 492 783 Ecclesia
519 744 561 783 in
582 757 658 784 suo
680 745 824 784 ordine
846 745 898 784 sit
918 744 1229 796 independens,
1251 744 1293 783 in
1314 744 1548 796 perspicuis
1578 758 1681 784 sane
1712 750 1789 784 est.

211 810 417 864 Utrinque
432 810 541 851 enim
564 811 747 852 societas
768 812 1013 851 efformatur
1034 824 1128 850 cum
1147 810 1345 852 distincto
1367 811 1462 859 fine,
1486 810 1682 850 distincta
1702 810 1791 850 ori-

212 874 323 927 gine,
355 875 551 915 distincta
580 882 799 929 potestate,
821 875 1030 915 distinctis
1051 875 1223 914 iuribus.
1248 875 1392 916 Status
1412 874 1522 914 enim
1540 873 1733 927 politicus
1764 887 1790 913 a

212 942 302 981 Deo
322 941 509 994 procedit
531 941 570 981 vi
589 947 777 990 naturae,
809 942 886 981 sub
908 941 1042 981 forma
1062 955 1088 981 a
1107 940 1230 980 factis
1264 941 1462 981 humanis
1484 939 1762 980 determinata
1781 953 1791 987 ;

212 1007 423 1060 praesidia
444 1007 614 1060 respicit
635 1007 881 1055 materialia,
902 1007 1050 1060 quibus
1072 1020 1244 1059 egemus
1264 1020 1338 1059 pro
1360 1007 1442 1046 hac
1461 1006 1557 1055 vita,
1573 1006 1787 1045 actionum

212 1078 371 1111 tantum
403 1077 672 1112 externarum
690 1072 886 1111 confiniis
903 1071 1160 1120 continetur,
1182 1070 1424 1111 facultatem
1446 1069 1570 1110 habet
1599 1071 1714 1109 circa
1735 1082 1787 1109 ea

211 1135 442 1184 dumtaxat,
466 1149 572 1188 quae
593 1136 645 1175 ad
669 1141 876 1176 terrenam
899 1135 1135 1176 felicitatem
1158 1135 1366 1176 sociorum
1389 1135 1617 1175 conferunt.
1639 1135 1704 1173 Ex
1721 1147 1789 1186 op-

209 1199 345 1252 posito
364 1199 557 1240 Ecclesia
573 1213 599 1239 a
615 1200 704 1239 Deo
725 1200 912 1239 dimanat
927 1200 969 1240 in
986 1199 1130 1238 ordine
1151 1198 1472 1250 supernaturali,
1490 1197 1566 1236 sub
1583 1197 1720 1237 forma
1737 1197 1792 1236 ab

209 1266 300 1318 ipso
323 1265 490 1306 Christo
513 1265 799 1314 determinata;
816 1265 1055 1305 immediate
1077 1265 1128 1305 ab
1150 1278 1232 1304 uno
1251 1266 1339 1304 Deo
1357 1264 1504 1316 repetit
1526 1269 1793 1315 potestatem.

211 1343 318 1383 quae
335 1330 460 1369 Petro
476 1335 635 1368 tantum
657 1336 697 1369 et
717 1329 931 1382 Apostolis
952 1342 1179 1381 eorumque
1200 1327 1522 1368 successoribus
1539 1327 1694 1366 collata
1711 1332 1790 1376 est;

209 1408 285 1448 pro
315 1395 398 1434 fine
428 1394 554 1434 habet
576 1395 651 1434 Dei
672 1395 849 1447 gloriam
871 1401 911 1434 et
930 1396 1110 1434 salutem
1131 1393 1393 1442 animarum;
1423 1393 1477 1433 ad
1497 1392 1688 1434 actiones
1707 1405 1792 1432 non

212 1462 336 1501 modo
366 1467 567 1501 externas
602 1462 677 1501 sed
718 1461 843 1501 etiam
874 1461 1067 1501 internas
1096 1473 1142 1500 se
1172 1460 1375 1512 porrigit,
1406 1473 1457 1499 ac
1486 1458 1638 1497 virtute
1666 1458 1793 1510 pollet

212 1527 420 1567 efficiendi
449 1527 644 1580 quidquid
674 1528 727 1567 ad
757 1528 912 1568 cultum
952 1527 1029 1567 Dei
1059 1533 1099 1566 et
1142 1526 1522 1567 sanctificationem
1553 1525 1790 1564 animarum

209 1593 499 1633 necessarium
529 1599 602 1634 aut
631 1594 757 1634 etiam
788 1602 1065 1646 opportunum
1088 1593 1151 1634 sit.
1175 1593 1285 1632 Hinc
1305 1599 1350 1632 ut
1370 1592 1567 1632 Ecclesia
1595 1591 1673 1632 sibi
1695 1592 1790 1631 vin-

212 1659 324 1699 dicat
345 1666 593 1712 potestatem
616 1673 698 1712 qua
719 1660 760 1699 in
783 1660 940 1700 circulo
962 1659 1155 1712 propriae
1176 1658 1403 1698 activitatis
1424 1659 1551 1698 libere
1581 1664 1788 1710 operetur;

210 1724 272 1764 sic
302 1725 428 1764 etiam
472 1725 615 1764 Status
644 1723 837 1776 politicus
879 1723 923 1762 in
963 1723 1158 1775 propriae
1188 1721 1439 1762 efficientiae
1479 1734 1586 1774 gyro
1616 1721 1791 1760 liberum

210 1791 456 1832 exercitium
487 1803 588 1830 suae
617 1789 848 1842 potestatis,
879 1802 985 1842 quae
1015 1788 1247 1841 praepediri
1276 1801 1361 1828 non
1396 1788 1556 1835 debeat,
1586 1786 1678 1826 iure
1711 1787 1790 1827 sibi

207 1857 421 1898 adsciscit.
466 1856 671 1896 Homines
713 1869 812 1895 vero
842 1855 1022 1907 singuli,
1052 1855 1129 1894 sub
1161 1854 1327 1894 diverso
1358 1860 1578 1907 respectu,
1624 1854 1790 1907 utrique

207 1920 511 1969 subiiciuntur;
544 1926 583 1960 et
612 1920 749 1973 quoad
770 1919 942 1972 negotia
969 1918 1216 1971 temporalia
1243 1918 1326 1970 legi
1357 1922 1398 1957 et
1437 1917 1631 1969 regimini
1661 1917 1787 1965 civili,

205 1986 342 2039 quoad
371 1985 605 2038 spiritualia
624 1985 788 2038 legibus
818 1991 858 2025 et
886 1983 1078 2037 regimini
1110 1983 1329 2023 Ecclesiae
1359 1983 1569 2024 obediunt.

258 2052 379 2099 Quod
409 2065 509 2092 vero
539 2051 733 2091 absoluta
761 2051 1099 2092 consideratione
1130 2050 1273 2090 Status
1303 2049 1497 2102 politicus
1528 2049 1678 2090 debeat
1699 2050 1788 2089 Ec-

209 2118 366 2158 clesiae
397 2118 687 2166 subordinari,
718 2117 1061 2157 manifestissime
1091 2121 1215 2168 patet.
1247 2117 1355 2155 Nam
1400 2116 1502 2155 ordo
1532 2115 1785 2155 societatum

203 2182 313 2223 inter
341 2195 388 2222 se
419 2188 495 2231 est,
526 2182 634 2222 sicut
664 2182 764 2221 ordo
794 2181 952 2230 finium,
970 2180 1119 2233 quibus
1139 2179 1384 2219 intendunt:
1417 2179 1651 2220 Societates
1671 2182 1784 2228 sunt,

204 2253 251 2290 zet
272 2250 394 2302 fines.
425 2249 549 2302 Atqui
581 2249 682 2288 ordo
712 2249 820 2289 inter
847 2249 972 2287 finem
1006 2247 1224 2287 Ecclesiae
1254 2252 1293 2286 et
1312 2246 1439 2286 finem
1472 2245 1696 2286 Societatis
1715 2257 1783 2298 po-

197 2315 339 2356 liticae
370 2322 461 2364 est,
491 2322 534 2355 ut
563 2314 631 2355 hic
661 2314 718 2353 illi
748 2314 1048 2354 subordinatus
1077 2313 1149 2353 sit:
1199 2326 1296 2352 nam
1326 2311 1506 2353 felicitas
1537 2311 1783 2364 temporalis

198 2381 497 2421 subordinatur
526 2380 711 2421 felicitati
741 2386 952 2428 aeternae,
984 2386 1024 2419 et
1052 2379 1139 2418 vita
1167 2390 1371 2430 praesens
1401 2390 1447 2417 se
1477 2377 1604 2418 habet
1633 2377 1685 2416 ad
1716 2376 1783 2416 fu-

198 2452 335 2486 turam
366 2452 411 2486 ut
444 2446 627 2486 medium
657 2446 710 2485 ad
741 2446 879 2485 finem.
902 2445 1016 2496 Ergo
1034 2443 1136 2483 ordo
1159 2443 1267 2483 inter
1297 2442 1542 2482 societatem
1567 2441 1782 2494 politicam

198 2514 240 2550 et
270 2510 506 2550 Ecclesiam
538 2515 613 2557 est,
647 2518 690 2548 ut
719 2508 790 2549 illa
818 2509 915 2548 huic
946 2507 1253 2549 subordinetur.

253 2575 363 2616 Hinc
395 2577 429 2615 si
461 2577 565 2617 sorte
593 2576 687 2616 iura
707 2575 922 2627 utriusque
943 2573 1157 2614 societatis
1173 2573 1407 2625 confligant
1427 2572 1652 2625 aliquando
1673 2571 1782 2611 inter

197 2653 270 2690 se,
300 2641 365 2681 ius
397 2643 617 2683 Ecclesiae
660 2642 904 2694 praevaleat
933 2647 1119 2692 oportet;
1156 2653 1281 2679 secus
1326 2638 1613 2679 subordinatio
1632 2671 1640 2687 ,
1672 2651 1780 2691 quae

194 2705 371 2756 probata
401 2713 476 2753 est,
509 2711 775 2746 everteretur.
808 2705 923 2745 Idem
954 2704 1175 2744 dicendum
1206 2709 1269 2743 est
1299 2704 1349 2743 de
1379 2703 1638 2751 utilitatibus,
1669 2716 1778 2755 quae

194 2775 309 2810 certe
332 2760 390 2810 'ab
421 2770 567 2810 ordine
596 2770 740 2809 finium
761 2775 801 2810 et
821 2768 1081 2816 societatum,
1102 2767 1156 2808 ad
1175 2781 1280 2820 quas
1310 2766 1555 2815 reseruntur,
1577 2779 1772 2806 normam

237 2871 287 2911 (1)
306 2872 443 2904 Cimon
455 2872 591 2909 MAGNJ,
604 2870 847 2913 Capitzdaria
863 2872 930 2903 etc.
944 2870 1036 2902 Vide
1053 2869 1241 2902 editionem
1255 2868 1385 2910 Migne:
1401 2869 1603 2901 Saeculum
1620 2869 1774 2901 Nonum.

194 2919 366 2958 Coei-otini
388 2926 610 2970 Scriptores,
636 2928 758 2959 tomus
780 2926 926 2967 primus.
