1970 3203
222 248 302 289 288
599 260 665 287 lus
695 260 897 287 NATURAE
917 270 938 276 -·
961 261 1070 288 PARS
1099 261 1138 288 11.
1170 261 1237 289 IUS
1267 263 1437 290 SOCIALE

223 340 270 378 Id
299 352 398 379 vero
430 352 511 380 non
545 343 608 379 est
637 339 764 379 finem
793 338 836 378 in
865 339 1046 380 medium
1077 345 1333 390 convertere3
1368 355 1465 382 nam
1497 343 1622 382 homo
1653 355 1803 382 revera

218 419 292 459 pro
315 407 399 446 fine
416 405 601 446 ordinem
619 406 821 446 moralem
843 405 983 455 habet,
1002 406 1121 447 cuius
1138 413 1331 459 respectu
1347 408 1433 448 vita
1453 421 1659 461 praesens
1676 408 1804 448 habet

224 471 430 511 rationem
462 470 600 511 medii.
620 471 806 523 Itemque
827 483 911 510 non
928 475 1077 510 contra
1107 471 1182 511 sed
1196 471 1315 511 iuxta
1343 472 1546 512 rationem
1569 478 1632 513 est
1652 477 1696 512 ut
1715 473 1806 513 vita

222 536 429 576 individui
459 536 651 589 publicae
673 536 798 576 saluti
818 542 1106 589 postponatur.
1140 537 1184 577 Si
1204 537 1286 577 hoc
1306 550 1390 577 non
1407 538 1562 587 liceret,
1584 538 1703 579 nefas
1722 539 1804 578 ho-

219 600 323 640 mini
341 607 454 641 esset
483 613 529 640 se
551 614 624 653 pro
645 599 932 640 incolumitate
954 600 1114 652 patriae
1145 600 1364 650 devovere,
1384 615 1435 641 ac
1448 608 1622 644 mortem
1638 603 1680 642 in
1696 603 1804 643 bello

219 670 464 704 constanter
493 670 702 717 oppetere.
723 664 788 703 Ad
823 664 988 704 tertium
1018 678 1188 717 repono,
1222 679 1276 706 ex
1304 666 1368 715 iis,
1391 680 1498 719 quae
1519 667 1712 707 concedit
1733 667 1800 706 ad

218 731 445 780 versarius‚
475 730 608 771 thesis
638 730 856 771 veritatem
879 731 1025 771 deduci
1047 732 1196 784 potius„
1229 734 1336 774 Nam
1358 733 1405 782 si,
1427 739 1471 772 ut
1498 733 1587 786 ipse
1608 734 1796 786 largitur,

212 797 279 837 ius
302 798 343 836 in
367 797 494 837 vitam
527 797 791 837 tribuendum
814 803 877 837 est
896 803 1084 846 naturae,
1109 798 1346 839 auctoritati
1370 799 1493 839 etiam
1515 800 1710 852 politicae
1735 800 1802 841 tri-

215 861 426 901 buendum
445 867 518 902 est.
541 861 785 901 Auctoritas
810 861 919 901 enim
936 861 1009 901 illa
1030 876 1055 902 a
1075 868 1227 902 natura
1241 863 1533 915 proficiscitur;
1552 877 1602 903 ac
1623 863 1798 916 proinde

215 940 241 965 a
263 932 414 966 natura
435 926 758 979 proficiscuntur
777 926 869 965 iura
890 926 1043 975 omnia,
1064 940 1171 979 quae
1191 927 1382 979 publicae
1406 927 1669 968 auctoritatis
1691 941 1797 968 con·

216 999 363 1046 ceptus
393 992 494 1041 fert;
526 1005 632 1045 quae
662 992 826 1046 quidem
858 998 901 1032 ut
932 992 1184 1033 definiantur
1206 1025 1215 1041 ,
1245 993 1577 1034 considerandus
1607 998 1671 1035 est
1699 994 1797 1034 finis

218 1061 272 1100 ad
302 1073 423 1112 quem
456 1058 589 1098 civilis
621 1058 851 1100 auctoritas
880 1072 954 1111 per
982 1072 1028 1100 se
1058 1065 1237 1111 spectat.
1281 1059 1338 1099 Iis
1377 1065 1514 1099 autem
1546 1060 1701 1100 includi
1731 1060 1797 1100 ius

213 1124 356 1164 utendi
385 1136 524 1175 poena
553 1122 702 1174 capitis
725 1155 733 1171 ,
765 1136 858 1163 cum
890 1123 992 1163 ordo
1024 1129 1064 1163 et
1094 1125 1210 1164 salus
1239 1124 1406 1177 publica
1436 1126 1547 1164 hanc
1585 1126 1769 1178 postulat
1789 1136 1821 1172 ‚·

209 1187 297 1227 iam
328 1200 456 1240 supra
488 1187 878 1228 demonstravimus.

267 1255 455 1294 Tandem
487 1253 652 1293 obiiciet
682 1252 860 1294 fortasse
890 1254 1122 1307 quispiam,
1153 1268 1327 1308 scopum
1353 1268 1513 1308 poenae
1535 1268 1629 1295 esse
1651 1269 1796 1296 emen—

213 1320 422 1360 dationem
452 1319 525 1366 rei,
544 1319 585 1358 id
615 1325 755 1358 autem
788 1333 983 1372 supremo
1014 1320 1219 1372 supplicio
1250 1321 1491 1374 neutiquam
1522 1321 1713 1361 obtineri.

265 1387 320 1426 At
340 1386 388 1434 is,
410 1386 478 1438 qui
494 1386 576 1425 hoc
598 1385 772 1438 oggerit,
795 1385 1040 1434 meminerit,
1058 1399 1229 1438 quaeso,
1246 1400 1331 1427 non
1352 1388 1463 1426 hunc
1481 1392 1643 1428 tantum
1661 1388 1788 1426 finem

210 1464 373 1504 poenae
389 1452 619 1504 praestitui,
631 1451 704 1492 sed
716 1452 938 1504 praecipue
951 1458 993 1491 ut
1005 1452 1187 1493 violatus
1198 1453 1300 1493 ordo
1317 1458 1588 1502 restauretur,
1600 1459 1642 1494 et
1658 1459 1793 1494 metus

210 1518 437 1559 incutiatur
457 1517 610 1570 pravis.
635 1519 767 1558 Immo
789 1517 823 1558 si
844 1531 932 1557 rem
952 1517 1174 1571 diligenter
1200 1519 1529 1568 consideremuS,
1552 1519 1788 1560 emendatio

212 1584 377 1637 privata
396 1584 589 1624 nocentis
609 1584 651 1622 in
673 1597 809 1636 poena
830 1583 976 1624 sociali
997 1584 1164 1624 nonnisi
1186 1585 1282 1625 finis
1303 1592 1368 1626 est
1388 1585 1681 1634 secundarius;
1709 1599 1793 1625 non

210 1649 375 1701 quidem
396 1648 686 1700 negligendus,
710 1654 752 1687 at
772 1661 854 1687 non
875 1648 933 1687 ita
954 1649 1258 1700 procurandus,
1280 1655 1325 1689 ut
1346 1650 1637 1702 praestantiori
1661 1663 1790 1702 scopo

211 1718 502 1764 anteponatur.
524 1712 575 1751 Et
591 1724 693 1751 sane
710 1711 806 1751 finis
820 1725 981 1763 poenae
999 1726 1025 1751 a
1041 1713 1136 1760 fine,
1155 1713 1208 1752 ad
1225 1726 1347 1765 quem
1364 1718 1526 1765 spectat
1543 1713 1786 1761 auctoritas,

211 1791 237 1817 a
256 1790 337 1829 qua
356 1776 569 1828 infligitur,
581 1775 844 1816 deducendus
861 1782 935 1816 est.
954 1775 997 1815 Si
1013 1775 1141 1828 igitur
1158 1777 1388 1816 auctoritas
1406 1777 1568 1828 privata
1586 1782 1662 1824 est,
1680 1791 1789 1829 quae

211 1844 363 1883 bonum
382 1855 587 1894 personae
603 1841 840 1881 individuae
857 1847 1014 1881 tantum
1033 1842 1204 1894 respicit
1223 1843 1283 1892 (ut
1304 1844 1456 1882 accidit
1478 1844 1520 1882 in
1536 1844 1788 1885 auctoritate

211 1913 398 1959 paterna,
428 1906 620 1958 praecise
650 1919 731 1957 qua
760 1912 936 1957 paterna
951 1910 1015 1945 est
1036 1912 1075 1946 et
1095 1906 1148 1944 ad
1178 1907 1312 1946 solam
1343 1907 1633 1947 educationem
1656 1908 1784 1959 prolis

211 1972 436 2023 ordinata),
458 1984 633 2023 poenae,
650 1983 755 2022 quae
772 1970 825 2010 ab
841 1970 911 2009 illa
926 1969 1183 2022 infliguntur,
1201 1971 1367 2010 nonnisi
1385 1971 1437 2010 ad
1454 1971 1790 2011 emendationem

212 2038 490 2090 delinquentis
508 2038 691 2086 tendunt,
709 2042 921 2089 tamquam
940 2036 993 2076 ad
1010 2037 1135 2076 finem
1153 2037 1435 2090 praecipuum.
1458 2039 1512 2077 At
1534 2038 1788 2078 contrarium

210 2105 363 2145 accidit
384 2103 620 2144 auctoritati
650 2102 841 2156 publicae
862 2116 969 2156 quae
1000 2103 1155 2143 directe
1175 2103 1215 2142 in
1238 2103 1393 2143 bonum
1423 2117 1646 2144 commune
1667 2104 1793 2145 totius

211 2169 428 2211 societatis
458 2168 671 2209 incumbit.
703 2169 822 2209 Haec
851 2168 893 2207 in
927 2168 1141 2208 sumendis
1163 2169 1309 2220 poenis
1331 2168 1595 2220 potissimum
1627 2176 1790 2222 spectat

212 2235 444 2275 custodiam
466 2234 635 2283 ordinis,
657 2233 698 2273 in
721 2232 1021 2274 communitate
1045 2233 1288 2282 curandam,
1312 2239 1352 2273 et
1372 2233 1626 2285 reipublicae
1653 2234 1791 2274 defen-

210 2303 382 2341 sionem:
407 2300 516 2339 unde
537 2298 698 2352 quoties
720 2312 812 2338 cum
835 2299 916 2338 hoc
937 2299 1045 2338 bono
1067 2298 1221 2337 bonum
1244 2310 1327 2337 non
1349 2297 1513 2350 quidem
1536 2298 1787 2345 innocentis,

210 2367 284 2405 sed
304 2364 450 2405 nefarii
471 2362 698 2403 conciliare
714 2362 867 2415 nequit,
889 2363 1041 2414 optime
1062 2368 1198 2414 potest
1213 2362 1339 2401 immo
1357 2362 1477 2401 debet
1495 2363 1576 2402 hoc
1597 2370 1790 2415 praeter-

210 2431 384 2478 mittere,
406 2436 448 2470 ut
468 2429 567 2468 illud
588 2434 738 2469 servet.
761 2429 1022 2481 Quamquam
1046 2427 1145 2467 illud
1171 2427 1294 2466 etiam
1317 2440 1460 2467 verum
1486 2433 1562 2476 est,
1584 2427 1625 2467 in
1652 2440 1791 2480 poena

211 2498 361 2550 capitis
390 2498 542 2536 bonum
575 2502 614 2536 et
643 2495 975 2535 emendationem
1008 2493 1308 2546 delinquentis,
1348 2507 1396 2533 eo
1427 2494 1550 2533 modo
1588 2507 1668 2545 quo
1699 2494 1790 2532 fieri

209 2567 371 2614 potest,
404 2574 487 2600 non
509 2572 680 2612 prorsus
701 2558 868 2611 negligi.
901 2559 1038 2610 Saepe
1060 2558 1169 2598 enim
1199 2558 1326 2597 animi
1347 2558 1451 2598 adeo
1472 2557 1692 2597 honestati
1721 2571 1792 2597 re-

210 2627 421 2666 luctantes
453 2624 774 2676 comperiuntur‚
806 2630 894 2663 uta
915 2623 1076 2676 flagitio
1098 2624 1217 2663 aliter
1246 2623 1437 2664 revocari
1459 2627 1679 2674 nequeant,
1710 2622 1791 2662 nisi

213 2690 264 2730 ab
285 2691 469 2743 ipsorum
493 2689 625 2728 oculis
655 2702 784 2729 scena
804 2687 928 2727 huius
951 2687 1061 2727 vitae
1090 2687 1255 2740 penitus
1276 2690 1530 2726 amoveatur.
1556 2687 1675 2725 Tunc
1698 2686 1789 2737 ple-

213 2768 386 2808 rumque
415 2754 676 2805 resipiscunt,
713 2767 764 2793 ac
802 2753 1020 2801 scelerum,
1060 2765 1167 2804 quae
1199 2756 1427 2803 patrarunt,
1466 2750 1720 2790 verecundia
1749 2756 1790 2790 et

213 2823 360 2862 dolore
389 2826 626 2873 tanguntur.
