1970 3203
407 190 545 217 CAPUT
574 189 625 216 111.
656 189 710 216 DE
738 191 889 217 NORMA
918 191 1195 218 OPERATIONIS
1225 189 1433 216 HUMANAE
1641 178 1715 216 11].

152 267 346 308 bitionem
368 279 414 305 se
433 278 580 317 parum
611 277 758 304 curare
788 265 978 304 ostendit.
999 265 1119 311 Quod
1140 264 1174 304 si
1195 264 1286 317 quis
1306 265 1365 304 ita
1384 265 1564 304 afficitur
1579 297 1589 313 ,
1610 270 1654 303 ut
1673 278 1719 304 se

146 344 324 385 peccare
346 330 502 378 timeat,
523 330 612 370 sive
633 330 841 369 actionem
873 338 1029 379 exerat,
1047 332 1135 371 sive
1152 344 1251 379 non,
1282 330 1542 371 conscientia
1573 330 1720 370 dicitur

140 395 363 448 per-plexa.
386 394 431 431 In
453 393 534 432 hac
554 393 776 446 hypothesi
796 394 1050 446 suspendere
1066 395 1274 435 actionem
1290 395 1416 435 homo
1433 393 1565 442 debet,
1583 394 1618 434 si
1640 406 1718 445 po-

147 466 239 508 test,
260 472 312 498 ac
332 458 608 510 sapientiores
639 459 871 499 consulere.
894 459 937 499 Si
957 460 1110 511 nequit,
1140 473 1217 500 nec
1247 474 1321 513 per
1349 474 1396 500 se
1425 460 1617 500 dirimere
1640 460 1719 499 du·-

145 525 256 565 bium
278 525 399 574 valet;
432 525 559 577 eligat
588 525 697 578 quod
726 525 864 564 minus
893 525 1048 564 malum
1070 533 1252 577 apparet.
1277 527 1394 572 Quod
1423 527 1459 566 si
1485 527 1566 566 hoc
1595 526 1720 566 etiam

148 590 385 630 discernere
428 590 562 630 nescit
591 596 631 630 et
660 590 823 643 operari
853 590 1040 642 cogitur,
1090 604 1394 644 quamcumque
1432 605 1485 632 ex
1516 591 1717 644 oppositis

155 655 343 707 partibus
363 655 489 707 eligit,
509 669 593 695 non
615 662 772 708 peccat:
797 655 894 708 quia
912 656 1217 696 indifferentiae
1237 656 1425 697 libertate
1446 657 1691 698 destituitur.

204 717 473 758 Conscientia
502 718 651 758 dicitur
678 720 948 771 scrupulosa,
978 733 1071 758 cum
1102 719 1193 771 quis
1223 719 1274 759 ob
1296 721 1406 760 levia
1427 721 1582 760 motiva
1602 728 1718 773 putat

152 783 318 834 culpam
339 783 379 823 ib
400 797 506 832 esse,
528 784 595 823 ubi
615 785 740 835 culpa
759 798 842 823 non
865 792 940 833 est3
962 786 1184 837 scrupulus
1201 785 1312 825 enim
1332 786 1389 825 nil
1405 786 1516 825 aliud
1537 794 1610 835 est,
1632 787 1712 827 nisi

154 847 290 886 inanis
312 849 514 900 quaedam
536 849 814 900 apprehensio
836 849 995 901 culpae,
1017 862 1122 901 quae
1143 848 1327 888 animum
1349 856 1490 901 angat.

205 915 293 953 114.
313 914 370 954 De
390 914 646 955 conscientia
662 915 880 966 probabili.
896 915 1097 967 Denique,
1116 915 1376 956 conscientia
1386 916 1625 968 probabilis
1645 930 1722 968 ap-

155 977 332 1029 pellatur
352 991 378 1017 a
398 978 649 1017 Doctoribus
670 991 732 1026 ea,
754 992 835 1030 qua
856 978 947 1031 quis
968 992 1065 1019 vere
1085 979 1286 1031 probabili
1303 979 1463 1019 ratione
1478 980 1650 1019 innixus
1665 992 1717 1018 ex

151 1046 263 1080 certo
287 1040 425 1093 aliquo
447 1041 648 1093 principio
668 1044 828 1081 reflexo
845 1048 1002 1082 certum
1024 1042 1102 1082 sibi
1122 1042 1345 1083 dictamem
1366 1044 1557 1083 efformat
1576 1045 1625 1082 de
1646 1043 1716 1082 ho-

151 1113 314 1147 nestate
344 1107 523 1147 actionis
545 1108 621 1158 (1).
645 1108 784 1154 Quare
814 1107 921 1147 haec
950 1107 1206 1148 conscientia
1238 1097 1522 1160 maximopere
1544 1109 1725 1149 differta

156 1170 291 1218 dubia,
315 1177 353 1211 et
372 1172 509 1211 minus
529 1178 623 1224 apte
645 1178 819 1211 vocatur
848 1172 1086 1225 probabilis,
1110 1186 1203 1212 cum
1235 1173 1370 1225 potius
1400 1179 1516 1213 certa
1547 1172 1724 1213 dicenda

150 1234 215 1284 sit;
238 1235 440 1286 siquidem
464 1236 684 1283 dictamen,
707 1249 786 1288 quo
808 1243 986 1284 constat,
1007 1243 1164 1276 certum
1187 1244 1249 1276 est
1271 1236 1309 1275 vi
1331 1237 1433 1276 certi
1453 1236 1643 1289 principii
1663 1250 1724 1276 re-

126 1302 131 1306 ’
156 1298 255 1338 flexi
276 1299 318 1338 in
338 1314 418 1352 quo
440 1301 646 1349 fundatur,
668 1302 744 1340 etsi
765 1301 871 1341 ratio
894 1301 1052 1341 directa
1072 1301 1125 1341 sit
1145 1308 1304 1341 tantum
1326 1302 1565 1354 probabilis.

206 1365 274 1404 Sic
305 1366 558 1418 explicatam
588 1367 890 1407 conscientiam
920 1367 1174 1418 probabilem
1207 1368 1323 1420 sequi
1353 1368 1479 1416 licet,
1526 1368 1723 1421 quidquid

157 1431 411 1471 Heineccius
439 1431 589 1484 aliique
620 1438 766 1471 contra
796 1432 1117 1472 obmurmurent.
1140 1434 1246 1471 Nam
1269 1446 1340 1485 per
1360 1433 1474 1472 illam
1495 1433 1619 1472 homo
1641 1447 1724 1473 non

156 1504 220 1537 est
251 1511 421 1550 ancepS,
442 1498 516 1537 sed
537 1503 678 1538 certus
697 1498 747 1537 de
767 1497 987 1537 honestate
1018 1498 1207 1538 actionis.
1232 1500 1282 1537 Et
1310 1498 1418 1538 ratio
1448 1499 1618 1538 evidens
1648 1508 1723 1539 est.

157 1562 264 1600 Nam
288 1561 450 1613 quoties
471 1562 552 1609 lex,
573 1561 780 1601 actionem
802 1561 1036 1612 prohibens,
1059 1558 1175 1601 certa
1198 1574 1281 1601 non
1303 1568 1366 1601 est
1389 1562 1468 1601 sed
1487 1562 1724 1614 probabilis,

156 1626 282 1676 idque
310 1631 404 1677 post
426 1624 602 1677 diligens
617 1625 675 1664 rei
697 1637 879 1664 examen
898 1624 1116 1673 iudicatur,
1137 1625 1220 1663 vim
1242 1625 1453 1676 obligandi
1476 1639 1559 1664 non
1581 1626 1721 1665 habet.

158 1692 266 1730 Nam
296 1691 574 1742 promulgatio
606 1691 658 1730 ad
687 1690 914 1731 essentiam
943 1691 1048 1743 legis
1090 1690 1291 1742 pertinet,
1323 1704 1418 1730 cum
1448 1690 1616 1730 nonnisi
1651 1704 1723 1743 per

155 1756 290 1808 ipsam
313 1755 479 1796 subdito
500 1757 570 1796 lex
590 1756 830 1809 applicetur.
853 1756 1140 1808 promulgatio
1162 1763 1300 1795 autem
1322 1769 1406 1795 non
1424 1756 1611 1804 habetur,
1631 1756 1721 1796 sine

151 1821 340 1870 scientia,
371 1835 446 1861 seu
477 1822 567 1861 sine
597 1822 835 1874 cognitione
866 1831 981 1861 certa
1003 1827 1042 1862 et
1062 1821 1241 1861 evidenti
1269 1822 1321 1861 de
1340 1821 1445 1874 legis
1467 1821 1724 1862 exsistentia.

159 1886 299 1933 Quare
329 1886 525 1939 quamdiu
556 1887 738 1939 cognitio
768 1892 896 1935 certa,
927 1886 1017 1926 sine
1048 1887 1182 1938 culpa,
1214 1886 1348 1932 abest,·
1371 1887 1552 1925 nondum
1573 1885 1614 1924 in
1636 1899 1728 1938 ope-

158 1950 277 1993 rante
307 1952 420 2004 viget
448 1953 527 2001 lex,
559 1966 666 2005 quae
696 1952 995 2006 obligationem
1026 1952 1170 2005 pariat.
1200 1954 1256 1991 At
1285 1953 1319 1992 si
1348 1952 1406 1991 ita
1436 1960 1511 2001 est,
1542 1952 1652 1992 licite
1674 1953 1728 1992 ad

147 2017 412 2068 operandum
442 2017 670 2068 procedere
689 2022 837 2068 potest;
858 2016 976 2057 licita
996 2016 1104 2056 enim
1127 2023 1189 2056 est
1210 2015 1407 2068 operatio,
1439 2028 1545 2068 quae
1566 2029 1591 2054 a
1612 2016 1726 2055 nulla

155 2083 249 2134 lege
277 2082 531 2134 prohibetur.
562 2084 680 2122 Haec
709 2083 827 2131 ratio,
860 2082 894 2122 si
927 2083 1029 2122 bene
1058 2083 1349 2135 perpendatur,
1387 2082 1571 2122 ostendit
1599 2082 1723 2122 etiam

160 2145 225 2185 fas
256 2159 351 2186 esse
368 2146 483 2199 sequi
499 2147 748 2187 sententiam
768 2147 906 2186 minus
922 2146 1178 2198 probabilem
1198 2146 1239 2184 in
1261 2144 1456 2184 conflictu
1478 2145 1731 2197 probabilio-

156 2208 228 2258 ris,
249 2210 371 2249 modo
390 2211 534 2250 solidis
554 2211 813 2263 argumentis
833 2211 1001 2259 nitatur,
1023 2216 1063 2250 et
1082 2209 1193 2251 actio
1210 2223 1294 2249 non
1315 2210 1367 2249 sit
1388 2210 1493 2257 talis,
1512 2223 1618 2261 quae
1640 2209 1730 2249 sine

156 2275 400 2316 certitudine
430 2276 581 2317 obiecti
611 2277 726 2317 licita
754 2290 849 2317 esse
870 2291 954 2317 non
984 2277 1125 2329 possit.
1157 2276 1295 2315 Maior
1325 2276 1433 2315 enim
1456 2273 1727 2327 probabilitas

154 2339 278 2379 unius
299 2339 430 2391 partis
451 2354 534 2380 non
555 2341 731 2380 destruit
752 2341 955 2382 minorem
976 2340 1309 2393 probabilitatem
1328 2340 1509 2388 alterius;
1527 2352 1620 2378 cum
1640 2346 1731 2378 tan-

156 2408 241 2441 tum
264 2403 468 2442 certitudo
502 2404 582 2443 hoc
617 2404 694 2444 sibi
728 2404 922 2453 vindicet,
945 2414 987 2444 ut
1022 2403 1276 2443 contrarium
1314 2402 1513 2442 falsitatis
1547 2402 1728 2449 damnet,

153 2471 277 2519 atque
305 2466 398 2506 ideo
427 2466 700 2518 improbabile
726 2468 885 2508 reddat.
913 2469 1141 2507 Praeterea
1170 2465 1441 2518 probabilitas
1468 2497 1477 2513 ‚
1508 2472 1731 2518 utcumque

195 2572 245 2612 (1)
271 2572 454 2613 Principia
476 2573 614 2604 reflexa
636 2572 696 2605 illa
719 2573 900 2611 dicuntur,
924 2583 1015 2613 quae
1040 2582 1109 2605 non
1132 2575 1302 2614 petuntur
1333 2582 1378 2604 ex
1410 2571 1552 2605 obiecto
1567 2598 1574 2609 ‚
1599 2573 1664 2604 sed
1689 2582 1734 2603 ex

156 2624 320 2656 subiecto
344 2625 376 2656 in
401 2625 523 2657 ordine
547 2626 592 2657 ad
616 2625 866 2658 exsistentiam
890 2625 945 2656 vel
968 2634 1038 2656 non
1075 2624 1323 2656 exsistentiam
1347 2623 1586 2663 obligationis.
1611 2623 1665 2654 Ex
1678 2632 1730 2663 gr.

153 2686 234 2708 cum
258 2678 338 2717 quis
364 2678 528 2710 dubitans
552 2688 595 2710 an
620 2678 665 2711 sit
688 2678 760 2717 lex,
780 2688 844 2710 nec
868 2677 1014 2710 dubium
1032 2677 1174 2709 solvere
1188 2686 1254 2718 per
1270 2686 1310 2708 se
1326 2676 1383 2708 vel
1400 2686 1465 2718 per
1481 2676 1585 2708 aliurn
1600 2675 1733 2712 valens,

151 2731 305 2763 recurrit
329 2732 374 2763 ad
396 2733 466 2764 hoc
489 2732 706 2774 principium:
732 2732 809 2773 legse
834 2732 982 2764 incerta
1006 2741 1081 2763 non
1106 2731 1263 2772 obligyom
1280 2732 1388 2770 atque
1407 2730 1532 2761 exinde
1550 2730 1732 2766 infert,ac-

156 2779 289 2812 tionem
315 2782 381 2814 sibi
405 2785 502 2815 certe
529 2783 661 2816 licitam
684 2793 776 2816 esse.
800 2783 870 2815 Vel
894 2782 999 2815 etiam
1027 2793 1069 2814 ea
1092 2785 1185 2821 sunt,
1210 2791 1301 2822 quae
1334 2781 1534 2814 consistunt
1557 2781 1590 2812 in
1613 2780 1732 2820 aliquo

153 2835 381 2875 praecedenti
406 2835 603 2875 dictamine;
628 2847 683 2869 ex.
699 2847 752 2878 gr.
779 2847 860 2869 cum
878 2836 957 2876 quis
973 2836 1104 2868 iudicat
1121 2835 1254 2876 aliquid
1275 2845 1357 2868 esse
1373 2833 1518 2873 licitum,
1540 2834 1622 2874 quia
1640 2831 1733 2866 omui

157 2885 317 2919 adhibita
341 2888 524 2929 diligentia
546 2890 679 2922 nullam
704 2890 737 2923 in
761 2900 803 2923 eo
828 2890 1090 2923 inhonestatem
1115 2889 1259 2922 detexit.
