1970 3203
590 258 730 284 CAPUT
759 259 794 285 11.
826 260 877 287 DE
907 260 1137 287 soeissTATE
1166 261 1285 288 Civlm
1644 253 1720 290 273

202 332 300 373 Alia
329 333 517 385 quaestio
547 333 629 373 huc
660 335 850 382 occurrit,
882 341 1016 374 utrum
1036 348 1184 388 nempe
1205 337 1328 377 etiam
1349 339 1484 390 quoad
1505 339 1627 389 filios,
1649 340 1717 392 qui

155 396 233 436 sibi
255 396 493 436 successuri
515 404 667 446 essent,
687 398 815 449 possit
831 398 1023 450 princeps
1045 399 1238 440 abdicare
1255 414 1443 454 regnum.
1462 403 1598 442 Vattel
1615 404 1721 449 affir-

147 466 236 501 mat
267 462 408 501 omnia
437 462 479 501 in
507 463 589 502 hac
618 476 662 502 re
692 476 718 501 a
747 464 883 515 populi
914 464 1126 502 voluntate
1155 471 1316 505 tantum
1338 466 1515 518 pendere
1537 469 1610 518 (1).
1635 469 1717 508 Sed

152 526 257 566 haec
287 526 492 566 sententia
521 540 572 567 ex
601 540 741 567 errore
763 529 872 580 pacti
893 527 1076 576 socialis,
1099 541 1179 580 quo
1200 535 1346 569 auctor
1367 530 1557 579 inficitur,
1581 537 1715 571 ortum

151 589 272 629 ducit.
306 590 474 630 Grotius
504 590 675 630 meliora
704 591 871 643 profert,
903 591 1106 644 inquiens:
1142 607 1162 629 «
1193 593 1348 633 Similis
1370 601 1432 633 est
1453 595 1639 646 quaestio
1659 610 1714 636 an

149 654 334 694 abdicari
363 655 493 707 possit
512 668 686 707 regnum
716 660 788 694 aut
808 657 871 694 ius
892 655 1146 694 succedendi
1167 655 1209 694 in
1229 669 1416 708 regnum.
1448 658 1500 697 Et
1520 658 1616 709 quin
1637 672 1710 710 pro

143 733 189 760 se
213 721 385 773 quisque
406 721 600 761 abdicare
621 721 767 773 possit,
790 734 871 760 non
894 726 957 760 est
977 720 1157 760 dubium.
1175 723 1241 760 An
1259 729 1298 760 et
1315 735 1387 772 pro
1404 722 1556 770 liberis,
1575 725 1712 776 magis

148 792 473 834 controversum,
496 788 568 826 sed
585 787 693 839 quod
714 787 857 826 eadem
882 786 1148 826 distinctione
1169 787 1354 839 expediri
1377 789 1507 828 debet.
1541 791 1646 828 Nam
1667 790 1709 829 in

143 852 449 901 haereditariis,
473 853 539 904 qni
560 852 624 891 ius
646 865 670 890 a
693 865 737 891 se
757 852 935 900 abdicat,
956 853 996 891 in
1016 852 1168 892 liberos
1189 852 1291 891 nihil
1312 859 1448 905 potest
1470 855 1707 896 transferre.

144 908 200 954 At
216 915 258 954 in
274 916 413 955 lineali
429 916 696 956 successione
719 916 846 967 patris
863 915 1016 955 sactum
1038 928 1191 955 nocere
1207 929 1290 955 non
1311 922 1444 968 potest
1465 917 1605 957 liberis
1627 932 1706 958 na-

144 980 210 1029 tis,
227 981 320 1033 quia
343 980 465 1020 simul
485 989 607 1033 atque
628 982 830 1021 exsistere
852 990 1063 1034 ceperunt,
1085 984 1149 1021 ius
1170 982 1380 1034 proprium
1398 983 1458 1022 eis
1474 984 1709 1035 quaesitum

146 1047 301 1100 exlege
323 1054 397 1095 est;
419 1048 493 1087 sed
514 1060 592 1086 nec
614 1047 849 1095 nascituris,
867 1047 1171 1100 quiaimpedire
1188 1060 1272 1087 non
1284 1054 1419 1100 potest
1435 1049 1532 1101 quin
1550 1050 1602 1089 ad
1618 1050 1711 1089 illos

145 1124 304 1163 quoque
334 1124 409 1150 suo
440 1117 623 1163 tempore
644 1111 707 1151 ius
728 1111 930 1163 pertineat
951 1125 1003 1151 ex
1024 1112 1162 1163 populi
1184 1112 1303 1152 dono.
1335 1114 1476 1164 Neque
1499 1113 1636 1153 obstat
1658 1114 1708 1153 de

144 1177 464 1218 transmissione
479 1178 587 1230 quod
603 1177 796 1217 diximus.
811 1178 884 1217 Est
899 1178 1007 1217 enim
1025 1191 1075 1217 ea
1091 1177 1355 1217 transmissio
1374 1180 1618 1218 necessaria
1629 1193 1711 1219 non

142 1241 389 1290 voluntaria,
414 1241 466 1280 ad
487 1247 679 1294 parentes
700 1242 806 1294 quod
828 1241 984 1282 attinet.
998 1241 1103 1280 Illud
1120 1241 1292 1281 interest
1322 1243 1429 1281 inter
1449 1249 1572 1282 natos
1594 1249 1633 1282 et
1653 1256 1708 1282 na

143 1304 336 1353 scituros,
366 1306 475 1357 quod
504 1305 729 1346 nascituris
750 1306 932 1345 nondum
953 1305 1186 1358 quaesitum
1207 1305 1260 1346 sit
1282 1306 1357 1354 ius,
1380 1312 1502 1358 atque
1524 1307 1615 1346 ideo
1637 1320 1708 1345 au—

142 1370 238 1410 ferri
258 1370 323 1410 ius
343 1372 474 1423 possit
495 1372 633 1424 populi
651 1373 876 1419 voluntate,
901 1372 934 1411 si
956 1372 1079 1412 etiam
1103 1379 1309 1424 parentes,
1341 1386 1512 1425 quorum
1534 1373 1707 1413 interest

142 1436 207 1476 ius
228 1437 281 1476 ad
301 1437 409 1477 filios
431 1437 621 1484 transire,
644 1437 707 1476 ius
727 1437 824 1476 illud
847 1438 1083 1477 remiserint
1106 1439 1180 1488 (2).
1201 1453 1220 1476 »
1249 1439 1329 1478 Sed
1351 1439 1456 1478 haec
1478 1439 1602 1478 etiam
1623 1452 1706 1478 non

143 1501 246 1541 satis
266 1500 460 1550 arrident;
483 1507 622 1553 utpote
642 1515 747 1554 quae
770 1506 1004 1541 commento
1023 1501 1132 1553 pacti
1149 1501 1319 1541 socialis
1336 1514 1496 1553 quoque
1510 1501 1711 1540 nitantur.

144 1567 386 1606 Generatim
416 1567 539 1618 igitur
570 1567 788 1607 dicendum
821 1567 981 1606 videtur
1001 1599 1010 1615 ,
1040 1568 1229 1618 inspecto
1259 1567 1348 1606 solo
1379 1567 1466 1606 iure
1497 1572 1702 1614 naturae,

145 1643 269 1683 posse
298 1636 460 1682 patrem
490 1631 685 1670 abdicare
717 1631 839 1670 etiam
871 1644 942 1682 pro
973 1631 1080 1678 filiis,
1111 1631 1197 1670 sive
1228 1631 1453 1670 nascituris
1474 1631 1564 1670 sive
1584 1631 1709 1678 natis,

143 1696 339 1749 quamdiu
368 1696 443 1736 sub
474 1697 602 1748 patris
632 1703 836 1748 potestate
867 1702 1057 1744 manent3
1089 1709 1172 1735 non
1203 1710 1326 1748 posse
1349 1702 1485 1735 autem
1509 1709 1581 1748 pro
1602 1696 1709 1743 filiis,

141 1762 208 1815 qui
238 1761 320 1801 iam
351 1761 602 1812 emancipati
627 1761 718 1800 sint:
742 1760 891 1813 quippe
909 1761 950 1799 hi
975 1760 1150 1812 propriis
1170 1760 1327 1799 iuribus
1350 1761 1469 1811 plene
1491 1766 1704 1808 ornantur,

141 1841 191 1868 ac
221 1827 392 1879 proinde
421 1827 471 1866 ob
503 1826 656 1866 factum
688 1826 859 1866 alterius
891 1828 978 1866 iure
1008 1825 1302 1873 successionis,
1334 1826 1441 1877 quod
1464 1838 1558 1865 vere
1580 1826 1708 1877 possi-

142 1892 250 1940 dent,
281 1890 451 1942 spoliari
483 1898 703 1942 nequeunt.

765 2021 1008 2058 ARTicULus
1039 2021 1088 2057 X.

523 2150 586 2189 De
614 2162 839 2202 supremae
861 2149 1088 2202 potestatis
1118 2150 1332 2188 exercitio.

190 2278 253 2319 80.
284 2279 451 2331 Triplex
469 2279 629 2319 functio
649 2279 887 2330 potestatis.
909 2279 1030 2318 Actio
1052 2279 1221 2318 socialis
1241 2279 1311 2317 illa
1333 2284 1406 2326 est,
1429 2291 1535 2330 quae
1553 2291 1578 2317 a
1594 2278 1706 2316 mul-

142 2344 313 2384 titudine
344 2351 561 2384 exercetur
591 2345 666 2385 sub
697 2345 955 2385 auctoritatis
976 2346 1148 2384 influxu.
1171 2346 1309 2391 Quare
1331 2344 1558 2384 auctoritas
1581 2345 1705 2384 veluti

138 2410 317 2450 facultas
346 2416 408 2450 est
437 2416 593 2450 motum
613 2410 793 2463 gignens
814 2410 855 2449 in
878 2411 1089 2458 societate,
1112 2424 1204 2450 eam
1227 2410 1280 2449 ad
1301 2410 1556 2461 operandum
1577 2409 1702 2462 appli—

136 2490 250 2516 cans.
281 2477 495 2524 Quomodo
524 2476 647 2529 igitur
676 2477 715 2515 id
745 2482 936 2527 praestet,
960 2476 1309 2516 considerandum
1330 2475 1398 2514 hic
1421 2482 1495 2514 est.
1520 2476 1570 2514 Et
1593 2488 1698 2527 quo-

134 2543 246 2582 niam
278 2542 505 2582 auctoritas
534 2541 833 2580 multitudinem
866 2543 917 2581 ad
940 2542 1171 2581 ordinatam
1193 2542 1476 2593 operationem
1497 2548 1634 2581 movet
1654 2541 1693 2579 vi

135 2605 393 2646 functionum
424 2606 693 2653 diversarum,
725 2606 803 2644 has
833 2606 1075 2658 singillatim
1106 2606 1341 2657 expendere
1371 2612 1540 2658 oportet.

187 2672 442 2711 Functiones
460 2671 660 2711 eiusmodi
672 2671 723 2710 ad
735 2678 820 2710 tres
830 2671 989 2711 reducit
1001 2671 1501 2723 Montesquieu,nimirum
1516 2672 1566 2711 ad
1580 2673 1695 2722 leges

135 2738 466 2785 constituendas,
497 2737 549 2776 ad
580 2751 720 2776 earum
753 2736 1063 2776 exsecutionem
1094 2737 1409 2788 procurandam,
1432 2738 1483 2777 ad
1504 2737 1699 2776 iudicium

181 2892 232 2930 (1)
254 2891 300 2923 Le
325 2890 424 2922 droit
447 2891 511 2923 des
532 2900 634 2932 qens,
657 2894 679 2923 t.
706 2892 729 2928 Ι,
752 2891 772 2921 l.
800 2891 823 2927 Ι,
850 2890 902 2922 ch.
926 2891 966 2920 V.

183 2945 233 2985 (2)
260 2944 313 2976 De
337 2943 416 2975 iure
440 2943 524 2975 belli
547 2948 580 2976 et
602 2945 720 2985 pacis,
742 2944 760 2975 l.
786 2944 825 2981 ΙΙ,
849 2953 875 2975 c.
900 2943 929 2980 7,
952 2942 969 2983 ξ
994 2942 1041 2974 26.

219 3010 449 3041 LIBERATORE
463 3026 504 3031 -—
519 3009 651 3042 Etlziccc
676 3012 710 3041 et
733 3010 797 3040 Ius
820 3011 990 3040 naturae.
1602 3004 1640 3035 18
