1970 3203
262 196 313 236 16
548 218 551 222 -
941 208 1159 236 ETHICA

897 362 1140 402 Aaricums
1171 364 1202 402 Ι.

706 492 774 532 De
793 492 887 546 fine
918 493 1101 532 hominis
1128 493 1384 545 generatim.

311 628 346 665 3.
362 626 489 666 Homo
506 627 705 677 operatur
715 623 971 675 appetitione
981 624 1091 664 boni.
1105 622 1328 662 Hominem
1340 622 1393 661 ad
1406 623 1660 675 operandum
1681 622 1836 675 impelli

260 698 303 731 ut
314 692 468 731 bonum
485 695 735 741 assequatur
751 689 988 741 malumque
1005 687 1197 735 declinet,
1214 687 1370 726 factum
1391 687 1599 739 quoddam
1615 693 1674 727 est
1694 700 1767 739 per
1789 701 1837 728 se

259 763 414 805 notum,
445 756 553 809 quod
583 753 938 794 demonstratione
969 766 1051 792 non
1074 760 1181 805 eget.
1213 752 1505 800 Nihilominus,
1527 753 1624 805 quia
1654 753 1826 792 demon-

258 822 417 869 stratio,
439 834 534 861 cum
554 819 792 859 huiusmodi
814 818 938 858 etiam
961 817 1203 857 veritatibus
1220 816 1451 864 adhibetur,
1471 817 1552 856 hoc
1569 817 1695 857 habet
1713 829 1832 856 emo-

255 886 439 934 lumenti,
457 892 500 925 ut
517 898 591 925 eas
607 885 803 931 declaret,
819 883 1104 934 rationemque
1125 882 1274 921 afferat
1295 895 1370 921 cur
1389 881 1448 921 ita
1476 881 1559 922 sint
1575 895 1584 930 ;
1607 888 1832 934 propterea

256 967 344 993 rem
374 952 497 1000 hanc,
527 951 623 990 licet
651 963 725 1002 per
754 962 800 989 se
820 956 976 997 notam,
997 947 1320 988 ratiocinatione
1351 948 1491 1000 aliqua
1521 948 1827 988 collustremus.

308 1019 444 1057 Homo
475 1015 629 1055 idcirco
660 1016 714 1054 ad
743 1014 1001 1067 operandum
1035 1018 1237 1058 movetur,
1268 1012 1365 1064 quia
1403 1011 1656 1064 perfectione
1689 1011 1829 1064 aliqua

253 1090 368 1124 caret
396 1081 474 1122 sibi
505 1086 808 1128 consentanea,
829 1092 882 1119 ex
904 1078 1024 1118 cuius
1045 1076 1249 1117 desiderio
1272 1076 1530 1117 sollicitatur.
1555 1075 1674 1114 Illam
1703 1075 1829 1127 igitur

251 1150 348 1190 dum
378 1147 590 1201 operando
619 1146 784 1198 assequi
815 1145 968 1192 nititur,
990 1144 1030 1183 in
1062 1145 1214 1184 bonum
1245 1143 1397 1182 nititur.
1428 1143 1485 1182 Ut
1515 1141 1624 1182 enim
1656 1155 1709 1181 ex
1742 1143 1829 1182 Me-

248 1215 471 1268 taphysica
500 1218 688 1261 constat,
721 1211 917 1264 quidquid
947 1217 1121 1251 naturae
1151 1209 1368 1262 congruit,
1396 1210 1617 1261 ipsamque
1651 1198 1847 1260 perficits

248 1283 401 1322 bonum
432 1279 682 1319 nominatur.

301 1347 389 1385 Nec
419 1343 521 1396 fingi
550 1348 686 1394 potest
715 1340 947 1382 subiectum
985 1352 1165 1392 operans
1212 1338 1456 1379 naturaliter
1495 1339 1754 1392 propendere
1783 1339 1825 1378 in

246 1413 430 1460 maluvm;
462 1409 665 1462 siquidem
694 1407 916 1460 propensio
947 1405 1149 1445 naturalis
1171 1438 1178 1453 ,
1200 1415 1304 1444 'cum
1336 1418 1388 1445 ex
1419 1405 1606 1445 subiecto
1638 1406 1827 1457 pullulet,

245 1479 378 1519 eidem
409 1475 635 1516 conformis
664 1487 758 1514 esse
779 1473 910 1521 debet;
932 1472 1074 1524 nequit
1103 1478 1244 1511 autem
1266 1472 1377 1510 hanc
1397 1471 1732 1512 conformitatem
1751 1485 1820 1512 re-

244 1545 394 1591 tinere,
425 1541 504 1581 nisi
535 1546 738 1593 quatenus
766 1539 808 1578 in
837 1539 878 1577 id
907 1538 1087 1584 feratur,
1117 1537 1226 1588 quod
1260 1535 1447 1576 subiecto
1482 1536 1643 1576 ratione
1685 1537 1825 1590 aliqua

243 1615 458 1655 consonet,
490 1620 541 1646 ac
572 1606 743 1658 proinde
772 1604 1070 1657 perfectionem
1102 1603 1294 1641 adducat.

297 1672 583 1725 propensione
612 1671 654 1710 in
684 1671 837 1711 bonum
869 1669 1049 1721 vigente,
1079 1667 1278 1706 continuo
1307 1667 1543 1707 innascitur
1572 1667 1672 1720 fuga
1700 1655 1820 1719 mali;

241 1741 444 1794 siquidem
475 1739 527 1785 id,
559 1737 668 1789 quod
699 1742 898 1783 movetur,
930 1733 1074 1787 nequit
1104 1733 1156 1772 ad
1186 1734 1434 1772 alterutrum
1455 1747 1477 1773 e
1499 1734 1660 1774 duobus
1689 1748 1821 1788 oppo-

243 1806 334 1847 sitis
356 1803 544 1846 terrninis
566 1801 781 1849 accedere,
804 1800 902 1852 quin
924 1800 1004 1839 hoc
1021 1799 1110 1851 ipso
1134 1798 1303 1838 recedat
1324 1799 1376 1838 ab
1406 1799 1499 1838 alio.
1526 1801 1659 1839 Nemo
1679 1807 1817 1841 autem

241 1872 406 1924 ignorat
437 1868 547 1908 bono
576 1867 733 1905 malum
762 1863 976 1904 adversari
1009 1863 1180 1915 eiusque
1212 1863 1442 1915 privatione
1473 1864 1683 1904 constitui.

294 1937 413 1984 Quod
443 1935 477 1976 si
494 1933 659 1987 quando
676 1931 839 1970 videtur
857 1931 980 1969 homo
998 1929 1250 1981 appetitione
1275 1942 1353 1969 sua
1368 1930 1411 1969 in
1429 1932 1583 1970 malum
1606 1931 1717 1979 ferri,
1736 1933 1818 1972 hoc

239 2002 331 2041 ideo
362 2006 425 2040 est
441 1999 537 2052 quia
554 1995 783 2049 putatillud
800 2008 882 2034 non
899 2007 993 2034 esse
1011 1995 1165 2033 malum
1196 1995 1271 2034 sed
1294 1995 1460 2041 bonurn.
1487 2010 1507 2034 «
1531 1997 1634 2035 Cum
1662 1997 1817 2036 bonurn

238 2064 403 2118 proprie
420 2063 498 2113 (sic
516 2063 554 2101 S.
570 2061 758 2100 Thomas
774 2071 991 2110 exponens
1003 2057 1287 2110 Aristotelem)
1300 2058 1352 2098 sit
1370 2060 1570 2100 motivum
1587 2061 1817 2112 appetitus,

240 2128 487 2169 describitur
504 2127 655 2165 bonum
673 2137 745 2176 per
761 2130 917 2162 motum
948 2122 1165 2175 appetitus,
1197 2123 1304 2162 sicut
1334 2123 1435 2163 solet
1456 2124 1718 2165 manifestari
1751 2126 1816 2166 vis

238 2192 397 2233 motiva
425 2203 498 2242 per
527 2194 695 2228 motum.
727 2188 780 2226 Et
799 2186 891 2226 ideo
908 2187 1145 2239 philosophi
1169 2187 1273 2226 bene
1295 2187 1638 2234 enunciaverunt,
1658 2189 1812 2229 bonum

237 2271 333 2298 esse
363 2257 402 2295 id
423 2255 531 2308 quod
552 2253 692 2294 omnia
721 2259 931 2305 appetunt.
952 2253 1038 2291 Nec
1061 2258 1124 2290 est
1154 2252 1354 2291 instantia
1384 2253 1433 2292 de
1452 2253 1714 2305 quibusdam,
1746 2255 1814 2307 qui

238 2326 437 2375 appetunt
454 2320 621 2359 malum.
641 2318 747 2365 Quia
761 2331 844 2356 non
862 2324 1059 2368 appetunt
1077 2317 1247 2365 malum,
1266 2316 1346 2356 nisi
1365 2317 1440 2356 sub
1461 2317 1624 2358 ratione
1647 2319 1758 2367 boni,
1775 2320 1817 2359 in

239 2395 439 2441 quantum
466 2384 626 2425 scilicet
658 2383 897 2423 existimant
917 2382 1016 2421 illud
1038 2382 1188 2421 bonum
1204 2397 1211 2430 ;
1229 2388 1267 2421 et
1285 2382 1345 2421 sic
1366 2382 1540 2423 intentio
1563 2396 1707 2424 eorum
1729 2399 1813 2437 per

237 2467 280 2493 se
308 2452 435 2491 fertur
464 2451 517 2489 ad
547 2450 728 2497 bonum,
761 2448 835 2487 sed
862 2461 943 2500 per
975 2448 1169 2486 accidens·
1203 2447 1313 2486 cadit
1344 2461 1469 2500 supra
1498 2450 1651 2487 malurn
1685 2451 1756 2500 (1).
1791 2465 1810 2488 ))

290 2519 326 2554 4.
351 2514 586 2554 Tendentia
602 2513 644 2552 in
659 2513 814 2552 bonum
831 2513 1061 2553 communis
1080 2516 1146 2551 est
1163 2512 1329 2551 entibus
1347 2503 1548 2552 omnibus.
1571 2513 1661 2551 Non
1679 2514 1814 2553 solum

235 2582 375 2629 horno,
403 2579 477 2619 sed
505 2592 571 2618 res
592 2577 829 2617 mundanae
851 2592 998 2618 omnes
1020 2578 1059 2616 in
1085 2579 1235 2616 bonurn
1257 2577 1454 2625 nituntur,
1477 2576 1675 2629 siquidem
1698 2578 1814 2630 ipsae

236 2659 398 2700 quoque
431 2646 526 2684 duni
560 2652 798 2695 operantur,
821 2644 989 2696 assequi
1020 2650 1223 2696 quaerunt
1252 2642 1405 2694 aliquid
1436 2643 1513 2682 sibi
1544 2644 1812 2685 conveniens.

234 2715 290 2752 At
318 2712 359 2750 in
391 2711 526 2758 modo,
545 2724 624 2762 quo
656 2710 695 2748 id
720 2709 888 2757 faciunt,
909 2710 1029 2748 valde
1059 2709 1265 2748 differunt.
1298 2708 1420 2748 Entia
1436 2708 1557 2756 enim,
1577 2708 1813 2760 cognitione

232 2793 406 2834 prorsus
439 2779 646 2827 destituta,
679 2778 862 2830 impulsu
892 2784 1051 2816 tantum
1094 2776 1270 2815 naturali
1304 2776 1498 2815 seruntur.
1540 2775 1658 2815 Vires
1689 2775 1810 2824 enim,

279 2924 329 2964 (l)
355 2923 390 2956 In
415 2924 435 2954 Ι.
462 2922 686 2958 Εἵ]ιί(ὀκ’(ιηὶ,
713 2920 790 2952 lect,
817 2921 837 2952 I.
