1970 3203
293 239 429 266 cAthT
458 239 494 264 11.
524 237 577 264 DE
607 237 835 264 socmTATE
865 236 1097 270 RELIGIOSA,
1127 234 1310 262 NIMlRUM
1338 234 1535 261 ECCLEslA
1633 222 1712 261 323

140 319 183 358 in
203 316 404 357 officiales
425 316 548 367 plane
570 314 713 354 civiles
732 318 1087 355 converterentur.
1108 316 1243 367 Atque
1265 315 1347 355 huc
1368 314 1536 355 tandem
1557 325 1707 353 revera

136 388 299 437 spectat
312 381 497 421 delirium
513 381 611 420 illud
627 381 979 433 protestanticum;
993 381 1101 433 quod
1116 380 1286 432 proinde
1303 393 1385 419 non
1398 381 1518 419 modo
1535 380 1587 418 ad
1604 379 1708 419 chri-

135 448 316 488 stianam
346 445 605 498 religionem,
635 446 710 486 sed
738 445 792 485 ad
822 446 986 485 civilem
1016 445 1141 484 etiam
1171 446 1396 492 culturam,
1426 457 1533 497 quae
1556 458 1610 484 ex
1638 445 1709 484 illa

134 512 333 559 manavit,
364 511 528 564 penitus
558 512 826 551 evertendam
858 511 1083 550 contendit.

188 580 277 617 134.
310 578 566 617 Paoposmo
596 577 653 616 2³.
683 577 757 616 Ad
771 577 988 617 Ecclesiae
1010 577 1379 629 z'ndependentiam
1404 577 1641 626 tutandam,
1668 577 1711 616 in

82 684 83 689 ¹
129 642 352 695 praesenti
378 642 593 681 societatis
614 642 828 681 humanae
857 641 1111 689 conditione,
1144 641 1410 680 necessarias
1440 641 1614 681 omnino
1646 644 1710 681 est

134 708 270 748 civilis
292 708 570 761 principatus
599 708 789 748 Romani
816 708 1056 753 pontificis.

187 771 310 811 Prob.
341 772 406 811 Ad
435 772 796 824 independentiam
836 771 1056 811 Ecclesiae
1094 772 1311 812 tutandam
1348 772 1635 812 necessarium
1668 787 1707 812 o-

134 836 275 876 mnino
297 841 371 884 est,
399 843 441 875 ut
471 849 690 888 supremus
719 835 808 874 eius
826 835 1044 887 Princeps,
1074 849 1224 887 nempe
1254 837 1471 876 Romanus
1496 836 1704 885 Pontifex,
1731 840 1733 843 ’

135 902 278 941 sedem
309 902 364 941 ibi
395 901 576 949 habeat,
606 900 675 940 ubi
703 901 818 940 nulla
847 901 1087 952 temporahs
1119 904 1306 952 potestas
1332 912 1411 939 nec
1432 900 1596 938 interna
1629 912 1708 939 nec

69 1006 76 1018 Ι
137 972 313 1005 externa
333 966 578 1014 dominetur,
610 978 734 1005 secus
763 966 886 1005 facile
913 964 1102 1017 impediri
1129 964 1181 1003 ab
1204 977 1254 1003 ea
1284 963 1443 1015 poterit,
1471 963 1608 1016 quoad
1641 977 1714 1015 pu-

136 1029 290 1069 blicum
311 1028 556 1068 exercitium
585 1029 804 1080 apostolici
830 1028 1040 1076 muneris,
1073 1028 1222 1067 saltem
1253 1027 1376 1067 dubia
1407 1027 1528 1067 facile
1560 1022 1702 1067 obori-

135 1099 289 1141 rentur,
306 1093 444 1145 quoad
465 1092 632 1144 plenam
651 1093 885 1132 libertatem
911 1105 1080 1132 suorum
1097 1097 1278 1138 actuum,
1309 1104 1466 1142 magna
1487 1091 1703 1131 conscien-

135 1160 286 1200 tiarum
307 1157 608 1198 catholicarum
630 1157 950 1209 perturbatione.
984 1157 1030 1195 Id
1050 1161 1189 1196 autem
1212 1155 1389 1195 obtineri
1409 1156 1530 1195 aliter
1550 1156 1702 1208 nequit,

135 1226 215 1265 nisi
244 1225 334 1277 ipse
365 1224 557 1264 Pontifex
587 1225 812 1276 temporale
844 1223 1072 1263 dominium
1097 1223 1339 1261 adiunctum
1361 1222 1540 1269 habeat,
1572 1222 1629 1260 ita
1658 1228 1702 1261 ut

133 1288 226 1337 loci,
244 1288 311 1327 ubi
332 1287 497 1335 residet,
515 1287 567 1327 sit
589 1301 684 1327 cer-e
705 1287 920 1338 Princeps;
951 1286 1155 1338 siquidem
1176 1285 1283 1325 inter
1305 1285 1590 1325 conditionem
1615 1285 1712 1324 sub-

135 1353 205 1392 diti
228 1358 267 1392 et
286 1352 485 1405 principis
514 1365 598 1392 non
619 1352 737 1391 datur
757 1353 950 1391 medium.
981 1351 1060 1390 Hic
1081 1358 1220 1390 autem
1250 1350 1507 1403 principatus
1529 1363 1614 1389 non
1641 1349 1706 1389 de-

136 1419 204 1458 bet
225 1432 318 1458 esse
348 1425 432 1457 tam
454 1425 611 1466 vastus,
643 1423 687 1457 ut
716 1418 866 1458 ceteris
888 1417 1073 1457 Statibus
1102 1416 1282 1468 politicis
1312 1416 1502 1456 timorem
1524 1415 1704 1467 ingerat,

136 1495 213 1522 nec
234 1488 318 1521 tam
338 1495 505 1534 parvus,
536 1488 579 1521 ut
598 1483 777 1534 potentis
797 1481 1014 1520 cuiusdam
1037 1480 1163 1519 vicini
1185 1480 1427 1519 violentiam
1450 1480 1533 1531 pati
1566 1479 1710 1531 possit.

188 1539 308 1586 Haec
330 1546 485 1586 veritas
513 1546 555 1585 in
574 1546 785 1598 praesenti
807 1559 832 1584 a
854 1543 1072 1585 catholicis
1093 1544 1134 1583 in
1152 1543 1320 1583 dubium
1341 1543 1533 1583 revocari
1550 1542 1707 1595 nequit,

136 1624 229 1650 cum
261 1609 482 1649 universae
512 1610 728 1649 Ecclesiae
758 1609 958 1661 suffragio
990 1608 1154 1656 nitatur3
1185 1621 1211 1646 a
1239 1615 1355 1648 recta
1385 1607 1494 1646 enim
1527 1607 1627 1646 Fide
1657 1621 1707 1646 a-

133 1676 290 1715 lienum
321 1681 382 1714 est
402 1689 592 1715 asserere
622 1675 864 1715 universam
895 1675 1132 1715 Ecclesiam
1161 1674 1204 1713 in
1225 1687 1269 1713 re
1291 1680 1375 1713 tam
1396 1674 1530 1725 gravi,
1551 1679 1591 1712 et
1613 1687 1711 1712 cum

135 1741 320 1781 moribus
349 1748 464 1781 arcte
495 1754 712 1788 connexa,
745 1754 885 1780 errare
926 1740 1122 1792 potuisse.
1155 1740 1319 1778 Bonum
1354 1739 1430 1779 erit
1462 1739 1591 1778 verba
1621 1745 1706 1778 tum

136 1806 368 1855 Pontificis,
399 1813 484 1845 tum
513 1807 764 1859 reliquorum
794 1806 1097 1858 Episcoporum
1127 1806 1290 1845 afferre.
1322 1807 1384 1844 En
1411 1806 1538 1844 verba
1558 1805 1704 1843 Ponti-

135 1873 240 1913 ficis:
275 1888 295 1911 <c
319 1874 423 1912 Cum
452 1873 661 1913 catholica
690 1872 893 1919 Ecclesia,
924 1886 949 1911 a
978 1871 1144 1911 Christo
1176 1871 1354 1910 Domino
1376 1870 1549 1910 fundata
1577 1876 1616 1909 et
1646 1870 1703 1908 in-

136 1938 306 1986 stituta,
338 1938 391 1977 ad
429 1938 724 1990 sempiternam
753 1938 968 1977 hominurn
998 1938 1175 1977 salutem
1207 1936 1461 1983 curandam,
1494 1935 1704 1987 perfectae

135 2004 349 2044 societatis
381 1993 555 2043 formam
587 2003 625 2042 vi
657 2003 820 2043 divinae
849 2017 950 2043 suae
980 2002 1250 2042 institutionis
1280 2002 1512 2049 obtinuerit3
1546 2015 1596 2040 ea
1614 2014 1705 2052 pro-

134 2071 231 2110 inde
259 2070 449 2110 libertate
481 2071 634 2121 pollere
665 2069 811 2118 debet,
841 2075 882 2108 ut
911 2069 954 2108 in
983 2082 1106 2108 sacro
1137 2081 1213 2107 suo
1250 2067 1480 2107 ministerio
1510 2066 1702 2106 obeundo

138 2134 240 2174 nulli
270 2134 379 2173 civili
408 2140 613 2186 potestate
642 2134 870 2174 subiaceat.
902 2135 953 2172 Et
983 2133 1178 2185 quoniam
1204 2133 1258 2172 ad
1287 2133 1426 2180 libere,
1457 2138 1501 2171 ut
1530 2145 1604 2184 par
1625 2136 1702 2178 est,

136 2198 345 2250 agendum
363 2230 373 2246 ‚
402 2198 452 2237 iis
481 2199 693 2251 indigebat
722 2198 940 2251 praesidiis
979 2211 1086 2250 quae
1115 2202 1347 2249 temporum
1388 2195 1614 2236 conditioni
1658 2208 1710 2234 ac

138 2263 382 2304 necessitati
413 2274 717 2316 congruerent;
747 2264 904 2304 idcirco
933 2263 1135 2314 singulari
1166 2275 1338 2315 prorsus
1368 2261 1533 2300 divinae
1564 2260 1707 2313 provi-

138 2327 304 2367 dentiae
333 2328 507 2368 consilio
536 2328 694 2367 factum
724 2335 806 2377 est,
837 2335 879 2368 ut
909 2341 1002 2367 cum
1033 2329 1271 2367 Romanum
1302 2325 1456 2366 corruit
1484 2325 1709 2377 Imperium

136 2398 176 2433 et
195 2393 236 2431 in
258 2393 377 2444 plura
406 2392 481 2432 fuit
507 2406 640 2445 regna
669 2393 857 2441 divisum,
890 2395 1107 2432 Romanus
1128 2391 1335 2439 Pontifex,
1366 2403 1488 2442 quem
1512 2390 1708 2429 Christus

136 2457 261 2495 totius
283 2456 500 2496 Ecclesiae
529 2469 630 2495 suae
660 2463 784 2508 caput
814 2463 1087 2508 centrumque
1116 2455 1354 2503 constituit,
1386 2455 1549 2494 civilem
1582 2467 1705 2493 asse-

135 2524 328 2574 q‘ueretur
358 2521 644 2573 principatum.
677 2522 766 2567 Quo
796 2536 900 2562 sane
928 2536 954 2561 a
974 2523 1062 2562 Deo
1092 2522 1182 2574 ipso
1212 2520 1526 2572 sapientissime
1543 2520 1710 2558 consul-

135 2593 219 2625 tum
251 2593 338 2634 est,
370 2592 414 2626 ut
442 2585 484 2624 in
517 2591 634 2625 tanta
664 2587 954 2638 temporalium
986 2586 1227 2638 Principum
1260 2585 1523 2625 multitudine
1553 2598 1604 2624 ac
1634 2597 1710 2622 va-

134 2652 280 2692 rietate
312 2652 507 2691 Summus
526 2651 719 2691 Pontifex
748 2651 819 2690 illa
838 2652 1042 2692 frueretur
1071 2651 1243 2704 politica
1264 2652 1465 2699 libertate,
1488 2663 1595 2703 quae
1619 2656 1712 2690 tan-

133 2723 278 2768 topere
306 2716 550 2757 necessaria
579 2721 643 2755 est
672 2716 725 2755 ad
753 2717 1008 2768 spiritualem
1036 2730 1157 2757 suam
1187 2722 1448 2769 potestatem,
1479 2714 1709 2755 auctorita-

139 2787 224 2821 tem
245 2788 285 2822 et
303 2781 628 2822 iurisdictionem
657 2786 743 2821 toto
764 2782 863 2822 orbe
883 2783 1042 2835 absque
1071 2783 1153 2821 ullo
1177 2781 1471 2833 impedimento
1501 2791 1710 2819 exercen-

137 2846 244 2885 dam.
274 2847 409 2898 Atque
428 2846 485 2886 ita
504 2846 627 2898 plane
649 2845 835 2895 decebat,
852 2859 904 2885 ne
929 2846 1137 2886 catholico
1159 2846 1247 2886 orbi
1276 2845 1361 2884 ulla
1382 2844 1558 2884 oriretur
1578 2855 1709 2882 occa-

140 2911 201 2950 sio
222 2910 445 2959 dubitandi,
466 2911 642 2963 impulsu
658 2909 839 2952 sortasse
860 2911 1042 2952 civilium
1063 2915 1313 2964 potestatum
1339 2910 1403 2950 vel
1420 2908 1597 2962 partium
1618 2913 1710 2947 stu-
