1970 3203
429 177 565 204 CAPUT
594 178 644 203 111.
674 178 728 204 DE
757 178 926 205 OFFICIIS
957 179 1129 206 HOMINIS
1158 180 1271 207 ERGA
1301 181 1479 207 SEIPSUM
1663 172 1742 210 149

180 263 243 298 est
272 255 504 308 quidquam,
535 254 617 294 nisi
645 254 797 294 bonum
827 255 942 295 iuxta
975 256 1132 296 ordinis
1160 258 1493 310 praeceptionem
1532 259 1609 300 sibi
1640 261 1747 307 velle

171 333 222 359 ac
250 331 490 370 procurare.
522 317 730 364 Quocirca
758 331 841 357 non
862 318 1065 358 immerito
1088 320 1215 369 dices,
1246 321 1384 362 officia
1415 322 1566 371 omnia,
1598 323 1747 376 quibus

168 383 295 422 homo
312 394 415 433 erga
431 381 613 433 seipsum
630 380 913 432 adstringitur,
931 381 984 420 ad
1000 388 1157 422 rectam
1174 383 1237 423 sui
1255 384 1518 424 dilectionem
1537 387 1740 434 revocari,

168 454 291 498 atque
321 447 402 485 hac
423 446 601 486 formula
626 445 801 497 exprimi
821 459 945 497 posse
967 460 975 486 z
1000 447 1211 488 Ordinato
1235 463 1381 490 amore
1414 453 1450 490 te
1470 451 1612 503 dilige.
1634 454 1740 493 Cum

167 525 265 552 vero
298 512 463 560 bonum,
493 512 600 565 quod
630 511 749 552 nobis
783 512 983 561 volumus,
1014 514 1079 553 vel
1109 514 1355 556 exsistentia
1385 530 1479 556 esse
1505 518 1645 569 possit,
1668 520 1732 559 vel

164 576 375 629 perfectio,
406 590 511 628 quae
541 578 675 629 ipsam
703 581 856 628 augeat
886 577 1174 630 compleatque
1194 592 1203 626 ;
1226 579 1275 618 de
1298 587 1472 633 utraque
1493 581 1534 621 in
1564 583 1644 623 hoc
1666 597 1733 624 ca-

167 640 251 693 pite
282 640 414 680 tribus
445 642 628 681 articulis
658 641 910 692 eloquemur.

800 777 1046 815 ARTicULus
1078 775 1107 813 I.

623 904 690 943 De
723 905 879 957 officiis
908 905 1053 957 quoad
1080 907 1287 943 animum.

220 1019 282 1059 46.
312 1020 463 1060 Eorum
491 1022 766 1071 praestantia.
800 1021 986 1062 Nobilior
1018 1021 1199 1061 hominis
1230 1035 1324 1073 pars
1354 1028 1416 1062 est
1447 1021 1637 1072 animus;
1669 1024 1737 1076 qui

169 1083 256 1122 vita
289 1084 543 1135 sempiterna
564 1084 761 1125 fruiturus
791 1085 953 1137 corpori
982 1085 1138 1124 idcirco
1160 1085 1435 1137 coniungitur,
1458 1092 1500 1125 ut
1529 1087 1617 1138 ipso
1639 1093 1741 1126 tam-

165 1159 289 1198 quam
324 1147 597 1187 instrumento
626 1155 765 1188 utatur
787 1181 795 1197 ,
826 1150 878 1188 ad
908 1150 1034 1188 finem
1078 1148 1155 1188 sibi
1185 1149 1226 1188 in
1261 1150 1342 1188 hac
1373 1150 1456 1189 vita
1486 1151 1738 1201 propositum

132 1226 134 1231 ¹
167 1213 491 1265 assequendum.
525 1215 624 1254 Eius
652 1215 778 1267 igitur
808 1215 1005 1268 perfectio
1028 1215 1287 1267 potissimum
1313 1216 1470 1255 homini
1499 1219 1738 1268 quaerenda

168 1282 242 1325 est,
274 1283 483 1329 tamquam
515 1279 680 1327 bonum,
703 1280 812 1332 quod
832 1279 984 1320 ceteris
1006 1279 1211 1327 omnibus,
1234 1293 1338 1332 quae
1359 1280 1493 1332 ipsum
1516 1281 1736 1334 attingunt,

166 1344 402 1383 antecellat.
435 1345 527 1396 Age
559 1358 668 1384 nunc
699 1345 895 1397 perfectio
932 1345 1057 1384 animi
1079 1345 1291 1385 intellectu
1313 1354 1353 1385 et
1382 1347 1593 1386 voluntate
1617 1360 1734 1386 com-

168 1409 460 1464 prehenditur;
492 1410 616 1448 homo
646 1410 756 1449 enim
786 1416 905 1462 prout
925 1418 988 1449 est
1008 1410 1238 1456 rationalis,
1261 1411 1341 1449 hac
1363 1410 1514 1463 duplici
1537 1413 1734 1453 facultate

166 1485 214 1512 se
244 1473 436 1524 explicat.
468 1475 529 1513 De
561 1473 624 1512 his
653 1473 779 1525 igitur
807 1474 1028 1525 praecipue
1059 1473 1197 1525 aliqua
1226 1473 1512 1513 delibabimus.

221 1538 283 1577 47.
315 1537 455 1577 Officia
485 1538 620 1588 quoad
648 1538 921 1578 intellectum.
951 1537 1016 1575 Ad
1045 1536 1341 1589 perfectionem
1361 1537 1595 1577 intellectus
1626 1540 1734 1591 quod

168 1599 358 1651 pertinet,
377 1601 539 1639 t'enetur
560 1600 684 1640 homo
702 1601 879 1640 debitam
894 1601 980 1639 veri
997 1601 1175 1652 bonique
1185 1601 1464 1652 cognitionem
1483 1604 1731 1651 consectari,

166 1678 274 1716 quae
291 1665 459 1704 omnino
477 1665 528 1703 ad
550 1667 676 1704 vitam
697 1665 924 1717 regendam
946 1678 1162 1717 moresque
1183 1665 1468 1705 informandos
1488 1668 1733 1707 necessaria

169 1733 244 1767 est.
267 1729 449 1767 Tenetur
470 1728 594 1767 etiam
617 1728 669 1767 ad
690 1742 850 1769 errores
872 1729 1084 1781 oppositos
1105 1729 1337 1781 fugiendos.
1360 1730 1452 1776 Qua
1472 1730 1513 1768 in
1532 1743 1574 1769 re
1591 1731 1732 1771 stricto

163 1792 255 1830 iure
270 1793 474 1840 homines,
492 1793 719 1844 generatim
737 1794 901 1845 sumpti,
912 1794 964 1832 ad
980 1807 1072 1833 eam
1094 1793 1310 1832 dumtaxat
1327 1793 1606 1845 cognitionem
1624 1808 1732 1834 com-

163 1859 392 1909 parandam
415 1858 663 1909 obligantur,
685 1872 791 1910 quae
812 1859 973 1910 vulgari
994 1858 1199 1897 industria
1220 1866 1260 1898 et
1282 1858 1390 1897 facili
1412 1859 1533 1898 modo
1554 1860 1605 1898 ab
1627 1860 1729 1912 ipsis

160 1922 335 1961 obtineri
352 1928 496 1974 potest,
510 1930 548 1961 et
565 1922 654 1961 sine
672 1936 753 1974 qua
768 1936 844 1962 nec
856 1922 1064 1974 proprium
1082 1923 1206 1961 finem
1223 1928 1425 1973 spectare,
1447 1935 1524 1961 nec
1541 1922 1730 1963 actiones

162 2001 262 2027 suas
283 1989 337 2027 ad
355 1989 468 2027 illum
498 1988 652 2028 referre
674 1994 855 2040 possent.
878 1988 1012 2028 Altior
1032 2001 1129 2027 vero
1152 1987 1333 2039 cognitio
1355 1995 1395 2026 et
1424 1989 1636 2027 extensior
1658 1997 1727 2028 aut

160 2053 416 2093 abstrusiore
438 2054 506 2092 via
527 2054 772 2105 conquisita,
794 2054 871 2093 etsi
892 2053 1074 2092 maxime
1092 2054 1274 2092 ‘honesta
1303 2053 1356 2091 sit
1375 2060 1415 2092 et
1443 2053 1593 2093 rationi
1620 2068 1725 2093 con-

160 2117 344 2166 veniens,
366 2118 419 2156 ad
441 2131 616 2170 eamque
636 2118 670 2156 si
688 2118 799 2165 velit,
820 2117 897 2156 sibi
919 2116 1223 2169 procurandam
1255 2116 1426 2168 quisque
1455 2116 1520 2156 ius
1548 2117 1702 2157 habeat
1720 2150 1729 2166 ‚

159 2196 242 2222 non
259 2190 398 2223 tamen
415 2196 561 2222 omnes
577 2182 818 2235 singillatim
835 2182 1065 2234 adstringit,
1079 2182 1152 2221 sed
1164 2195 1236 2221 eos
1253 2182 1470 2220 dumtaxat
1485 2183 1551 2234 qui
1563 2183 1725 2223 ratione

160 2252 302 2294 status,
322 2246 364 2285 in
383 2259 462 2299 quo
484 2246 586 2286 forte
608 2252 840 2294 versantur,
862 2259 1032 2285 munere
1049 2259 1125 2285 suo
1147 2245 1337 2298 perfungi
1363 2246 1481 2284 aliter
1502 2255 1725 2298 nequeunt.

159 2310 262 2348 Cum
291 2321 390 2348 vero
420 2309 704 2360 intelligentia,
735 2309 776 2348 in
806 2310 1091 2349 consectanda
1111 2308 1299 2357 scientia,
1322 2308 1413 2348 aliis
1434 2309 1557 2349 etiam
1588 2310 1722 2349 facul-

157 2371 311 2412 tatibus
330 2372 518 2420 iuvetur;
540 2373 616 2411 has
638 2373 773 2422 etiam,
795 2382 999 2425 quatenus
1020 2373 1072 2412 ad
1088 2373 1129 2412 id
1150 2373 1382 2420 conferunt,
1400 2374 1592 2412 excolere
1613 2388 1718 2426 opus

156 2445 231 2477 est.
262 2437 384 2477 Unde
412 2438 640 2488 generatim
671 2438 750 2477 dici
780 2445 915 2490 potest
935 2438 1232 2490 perfectionem
1258 2439 1502 2487 intellectus,
1524 2453 1596 2491 pro
1626 2454 1724 2480 con-

155 2499 306 2540 ditione
329 2507 370 2540 et
386 2501 724 2549 circumstantiis,
741 2501 782 2539 in
798 2501 945 2553 quibus
960 2502 1085 2541 homo
1104 2509 1307 2549 versatur,
1318 2515 1401 2554 per
1416 2516 1459 2541 se
1474 2510 1515 2542 et
1531 2504 1724 2543 absolate

155 2566 435 2617 quaerendam
466 2579 589 2614 esse;
619 2567 914 2618 perfectionem
944 2580 1040 2607 vero
1072 2574 1305 2606 ceterarum
1327 2567 1582 2617 facultatum,
1613 2583 1720 2621 quae

153 2629 206 2667 ad
235 2628 551 2668 sensibilitatem
575 2629 791 2680 pertinent,
807 2631 1089 2681 quaerendam
1111 2643 1206 2670 esse
1229 2632 1416 2680 relative,
1438 2639 1643 2685 quatenus
1665 2633 1721 2671 ni-

154 2691 301 2730 mirum
323 2691 472 2731 rationi
493 2693 733 2733 deserviunt
754 2693 899 2734 eteius
920 2693 1144 2732 evolutioni
1171 2694 1433 2745 opitulantur.
1456 2695 1718 2734 Sensibilitas

157 2755 267 2794 enim
282 2756 323 2795 in
339 2757 506 2797 homine
527 2772 609 2797 non
631 2765 692 2798 est
710 2764 874 2810 propter
893 2771 951 2805 se,
973 2759 1047 2798 sed
1062 2766 1226 2812 propter
1249 2760 1514 2808 intellectum,
1537 2760 1603 2812 qui
1624 2760 1721 2799 finis

158 2820 356 2872 dignitate
376 2823 528 2875 fulget:
559 2824 696 2864 media
724 2831 862 2864 autem
893 2824 1059 2864 nonnisi
1088 2826 1408 2877 propter·finem
1439 2832 1699 2878 quaeruntur,
