1970 3203
201 194 278 233 254
601 207 666 234 ius
686 206 1031 233 NALURAE—PARS
1052 205 1090 232 11.
1113 206 1180 234 ius
1209 205 1380 234 sociALE

256 281 383 320 Obiic.
407 281 479 320 ΙΙΙ.
503 281 640 320 Etiam
662 281 849 321 admissa
878 281 1054 320 naturali
1076 280 1238 333 origine
1268 282 1483 323 societatis
1513 282 1648 322 civilis
1670 295 1692 322 e
1713 277 1783 323 so-

203 347 354 386 cietate
377 346 618 395 domestica,
636 355 823 398 potestas
844 347 1012 399 politica
1042 347 1268 398 repetenda
1289 353 1351 388 est
1381 361 1434 388 ex
1455 361 1666 388 consensu
1686 348 1779 388 sin—

200 412 404 463 gulorum.
422 413 529 452 Nam
560 425 696 452 novae
726 412 920 460 familiae,
939 425 1044 465 quae
1074 412 1410 464 multiplicantur,
1427 421 1611 466 possent,
1630 417 1664 454 si
1686 414 1776 455 vel-

202 477 298 524 lent,
316 477 431 518 abire
461 491 510 518 ac
530 491 717 518 seorsum
742 478 925 517 nativam
942 491 1114 517 servare
1131 478 1506 530 independentiam.
1531 480 1573 520 Si
1589 480 1714 533 igitur
1733 479 1775 518 in

205 542 405 582 societate
427 557 520 582 curn
538 543 670 595 primo
688 543 987 595 patrefamilias
1008 550 1079 582 aut
1096 543 1262 583 domino
1279 551 1535 595 permanent;
1553 545 1595 584 in
1617 551 1779 584 tantum

206 614 463 657 permanent,
485 606 526 644 in
558 615 758 659 quantum
788 607 942 656 volunt;
966 619 1015 646 ac
1047 605 1218 658 proinde
1248 607 1358 659 quod
1384 607 1462 659 ipsi
1491 608 1775 659 subiiciantur‚

201 685 251 711 ex
283 685 425 711 eorum
457 673 670 713 voluntate
699 673 897 725 procedit.

257 737 308 776 R.
328 737 451 790 Nego
474 741 753 791 assumptam.
776 739 842 778 Ad
871 739 1030 791 probat.
1052 751 1164 777 conc.
1196 741 1282 778 ant.
1305 744 1344 778 et
1366 751 1471 790 neyo
1502 752 1773 792 conseqaens.

252 803 377 842 Aliud
409 811 470 843 est
501 817 526 843 a
555 804 685 844 libera
716 805 929 845 voluntate
959 805 1141 856 pendere
1185 803 1464 844 conditionem
1495 805 1671 845 alicuius
1708 807 1779 854 rei,

202 867 313 906 aliud
345 874 408 907 est
446 868 628 920 pendere
658 881 745 907 rem
775 869 921 920 ipsam.
954 870 1011 909 Ut
1041 868 1338 920 paterfamilias
1377 870 1529 908 evadat
1571 869 1777 922 princeps,

198 933 421 986 requiritur
464 934 600 986 utique
631 934 919 986 permanentia
948 934 1119 974 socialis
1148 934 1327 974 filiorum
1358 941 1397 974 et
1417 944 1613 987 nepotum
1644 941 1684 975 et
1714 935 1778 975 fa—

196 1001 416 1049 mulorum,
439 1013 572 1040 novas
601 999 783 1040 familias
815 1000 1164 1050 constituentium;
1195 1006 1321 1053 atque
1351 1001 1457 1040 haec
1487 1003 1779 1053 permanentia

200 1065 253 1105 ab
269 1078 410 1104 eorum
430 1066 644 1105 voluntate
660 1066 916 1117 pendet.Sed
931 1066 1027 1105 inde
1043 1065 1187 1105 inferri
1202 1065 1344 1118 nequit
1359 1066 1493 1117 ipsum
1510 1066 1574 1105 ius
1593 1067 1773 1118 ponendi

197 1132 385 1171 ordinem
416 1132 456 1171 in
475 1132 675 1172 eiusmodi
707 1132 979 1181 multitudine,
998 1132 1105 1185 quod
1136 1138 1248 1172 certe
1278 1133 1331 1171 ad
1347 1132 1523 1184 primum
1553 1132 1773 1184 patremfa-

197 1195 335 1234 milias
373 1202 413 1235 et
443 1196 655 1236 dominum
676 1197 865 1249 pertinet,
889 1210 941 1236 ex
971 1209 1115 1236 eorum
1146 1197 1359 1236 voluntate
1381 1197 1616 1245 procedere.
1649 1196 1692 1236 Si
1721 1197 1778 1237 ita

197 1270 321 1310 esset,
340 1263 463 1303 etiam
482 1270 667 1315 potestas
684 1263 887 1303 maritalis
902 1263 944 1302 in
962 1262 1049 1302 viro
1067 1262 1311 1314 procederet
1330 1276 1383 1302 ex
1405 1263 1535 1302 libera
1556 1263 1771 1303 voluntate

195 1329 362 1378 uxoris,
393 1329 489 1381 quia
519 1343 626 1369 uxor
655 1330 708 1369 ad
736 1329 902 1381 nuptias
932 1329 1138 1369 ineundas
1168 1328 1229 1368 sic
1259 1329 1490 1377 consentit,
1523 1337 1566 1368 ut
1595 1329 1774 1381 potuerit

198 1409 282 1436 non
293 1396 544 1443 consentire,
557 1403 597 1436 et
613 1395 797 1435 nativam
815 1395 951 1447 potius
968 1396 1105 1435 colere
1124 1394 1417 1447 virginitatem.
1432 1397 1617 1448 Itemque
1640 1402 1777 1436 aucto-

195 1462 298 1502 ritas
329 1461 482 1501 domini
514 1469 726 1502 crearetur
742 1475 768 1501 a
784 1475 919 1510 servo,
942 1462 1038 1514 quia
1067 1475 1216 1501 servus
1236 1467 1374 1513 potest
1398 1462 1450 1501 ab
1471 1475 1521 1502 eo
1543 1462 1772 1513 discederc;

192 1528 403 1568 autetiam
424 1528 655 1568 auctoritas
667 1528 868 1580 magistro
885 1528 1134 1568 tribueretur
1149 1541 1175 1567 a
1191 1527 1404 1580 discipulo,
1427 1529 1523 1581 quia
1543 1528 1774 1582 discipulus

192 1600 327 1645 potest
348 1592 610 1644 disciplinam
635 1592 818 1632 abnuere
841 1598 880 1632 et
901 1592 1101 1632 scientiae
1130 1591 1413 1644 ignorantiam
1435 1600 1702 1645 anteponere.
1797 1590 1801 1593 Α

251 1656 380 1696 ObiiC.
413 1657 482 1695 IV.
515 1656 595 1696 Hic
624 1658 761 1709 agitur
781 1656 831 1696 de
862 1656 1023 1708 origine
1052 1669 1135 1695 non
1166 1655 1368 1696 historica
1397 1656 1472 1696 sed
1501 1656 1676 1696 iuridica
1707 1671 1775 1709 po-

197 1722 372 1762 testatis.
414 1723 606 1761 Iamvero
636 1722 724 1762 eius
769 1729 882 1762 ortus
911 1735 936 1760 a
966 1721 1251 1773 praevalentia
1279 1721 1381 1761 iuris
1423 1722 1768 1774 praeexsistentis

199 1787 383 1838 explicat
415 1787 633 1825 dumtaxat
662 1785 794 1838 ipsius
835 1785 1039 1837 originem
1083 1785 1351 1834 historicam3
1383 1792 1425 1826 at
1453 1786 1507 1825 ad
1547 1785 1769 1825 iuridicam

195 1865 362 1904 semper
391 1865 625 1892 consensus
655 1852 803 1891 saltem
834 1850 1058 1902 implicitus
1088 1851 1420 1902 praesumendus
1451 1858 1525 1890 est.

246 1919 295 1957 R.
323 1920 439 1970 Neyo
471 1917 694 1956 minorem.
712 1918 819 1957 Nam
848 1916 916 1955 ille
933 1922 1049 1955 ortus
1079 1914 1262 1967 explicat
1276 1915 1411 1968 ipsam
1442 1915 1647 1967 originem
1668 1915 1773 1955 iuri-

195 1984 329 2023 dicam
342 1983 779 2036 potestatis,siquidem
797 1982 981 2033 explicat
992 1981 1196 2034 originem
1213 1981 1315 2021 iuris
1328 1981 1605 2029 aiureVeLut
1621 1981 1770 2020 melius

192 2049 341 2097 dicam,
360 2049 541 2100 explicat
559 2047 780 2100 potestatis
797 2046 1001 2099 originem
1022 2046 1487 2086 historico—iuridicam
1510 2053 1630 2097 prout
1650 2045 1769 2084 acci-

191 2115 245 2153 dit
277 2115 326 2153 de
357 2113 550 2153 omnibus
580 2113 749 2161 iuribus,
772 2125 878 2165 quae
910 2119 1022 2152 certe
1052 2111 1092 2150 in
1125 2117 1321 2151 concreto
1343 2116 1572 2149 nascuntur
1602 2121 1767 2162 semper

195 2192 248 2218 ex
276 2178 387 2218 sacto
418 2177 568 2229 aliquo,
600 2177 688 2217 iure
718 2177 952 2217 informato.
984 2177 1108 2216 Certe
1137 2176 1225 2228 ipse
1255 2181 1369 2215 ortus
1397 2174 1499 2214 iuris
1528 2188 1554 2213 a
1582 2173 1682 2222 iure,
1704 2181 1767 2213 est

191 2244 373 2291 sactum3
405 2250 445 2283 et
483 2243 560 2282 sub
591 2244 672 2283 hoc
702 2249 891 2294 respectu
922 2242 1003 2281 dici
1033 2247 1169 2293 potest
1197 2239 1435 2288 historicus3
1472 2238 1544 2278 sed
1575 2238 1656 2277 hoc
1686 2251 1771 2277 non

193 2309 298 2349 tollit
316 2308 537 2360 quominus
553 2307 606 2347 sit
627 2308 749 2346 etiam
779 2306 996 2354 iuridicus,
1012 2308 1045 2345 si
1076 2305 1239 2344 interno
1262 2317 1373 2343 nexu
1395 2302 1486 2342 iura
1502 2302 1573 2341 illa
1592 2302 1701 2343 inter
1722 2315 1768 2342 se

193 2375 455 2427 colligantur,
487 2382 528 2414 et
555 2387 683 2413 unum
714 2373 766 2413 sit
796 2372 922 2412 veluti
951 2371 1174 2424 explicatio
1205 2378 1277 2409 aut
1306 2370 1481 2409 effectus
1512 2367 1695 2408 alterius.

246 2439 376 2478 Obiic.
408 2441 456 2477 V.
480 2438 713 2478 Dicendum
734 2437 907 2485 videtur,
930 2449 1025 2476 cum
1059 2435 1256 2484 Gioberti,
1280 2433 1485 2473 Mamiani
1514 2440 1638 2486 atque
1657 2432 1762 2479 aliis,

190 2504 480 2544 auctoritatem
511 2504 552 2542 in
569 2502 756 2543 subiecto
787 2500 1053 2542 determinari
1071 2513 1124 2540 ex
1146 2498 1427 2538 aristocratia
1457 2497 1633 2549 ingenii}
1655 2508 1761 2548 qua-

192 2575 315 2609 tenus
346 2569 402 2607 illi
424 2576 575 2608 natura
604 2581 682 2608 sua
711 2570 774 2607 ius
798 2565 1030 2619 imperandi
1059 2564 1313 2618 possideant,
1335 2562 1402 2615 qui
1425 2562 1635 2613 sapientes
1666 2568 1764 2600 sunt

189 2641 312 2687 atque
343 2634 499 2685 optimi.
530 2635 667 2680 Quare
697 2633 865 2681 addunt,
896 2632 1090 2685 populum
1121 2630 1175 2670 ad
1204 2643 1276 2669 eos
1307 2628 1524 2681 eligendos
1554 2625 1747 2678 obligari.

244 2703 294 2741 R.
327 2702 445 2739 Haec
470 2701 722 2740 Liberalium
743 2699 949 2739 mitiorum
979 2698 1140 2738 theoria
1169 2696 1343 2736 ridicula
1363 2707 1535 2747 prorsus
1555 2699 1629 2732 est.
1653 2695 1761 2732 Nam

190 2765 434 2817 ingenium,
467 2765 501 2805 si
532 2778 628 2805 vere
658 2765 767 2804 adsit
797 2771 836 2804 et
866 2777 972 2803 sana
1002 2761 1192 2802 doctrina
1227 2759 1465 2806 imbuatur,
1499 2756 1568 2795 dat
1597 2756 1764 2809 quidem

189 2832 254 2871 ius
300 2831 486 2879 docendi,
518 2844 602 2870 non
633 2830 875 2883 imperandi.
908 2831 978 2869 Ius
1007 2826 1236 2881 imperandi
1266 2824 1396 2865 oritur
1425 2823 1477 2863 ab
1510 2836 1560 2863 ea
1590 2822 1766 2863 subiecti

190 2897 461 2949 praestantia,
478 2909 560 2948 qua
577 2897 621 2936 fit
643 2903 684 2935 ut
701 2908 881 2947 persona
903 2894 1065 2946 publice
1086 2897 1288 2944 appareat
1307 2895 1457 2930 ornata
1477 2888 1564 2930 iure
1585 2888 1766 2942 ponendi
