1970 3203
587 187 723 214 CAPUT
753 188 789 213 ιι.
820 188 872 214 DE
903 188 1134 215 SOClETATE
1164 189 1282 215 oivlLi
1644 179 1721 217 223

145 277 238 303 cum
268 263 363 302 aliis
389 263 515 302 homo
545 261 584 300 vi
613 266 788 300 naturae
819 261 915 301 ferri
946 262 1146 301 dicendus
1177 268 1252 312 est3
1282 262 1361 302 nisi
1387 262 1595 303 inferioris
1616 277 1712 304 con-

143 329 322 375 ditionis,
352 341 476 380 quam
506 327 679 374 belluae,
701 340 774 379 per
790 327 977 367 delirium
997 328 1140 368 haberi
1162 330 1270 368 velit.
1302 329 1502 381 Apposite
1533 331 1574 369 S.
1595 331 1710 370 Tho-

141 406 244 432 mas:
281 406 300 429 ι(
323 392 523 431 Naturale
551 397 614 429 est
643 389 801 429 homini
831 396 874 429 ut
901 391 954 430 sit
983 390 1138 429 animal
1160 393 1315 431 sociale
1346 398 1385 431 et
1416 391 1640 443 politicum,
1667 393 1711 432 in

142 455 398 495 multitudine
419 455 580 502 vivens,
603 453 739 506 magis
759 454 883 492 etiam
914 467 1037 506 quam
1067 454 1207 493 omnia
1237 455 1319 493 alia
1349 455 1561 494 animalia.
1592 456 1712 503 Quod

143 520 305 573 quidem
323 520 524 558 naturalis
545 517 778 558 necessitas
817 518 1016 557 declarat.
1032 518 1137 556 Aliis
1159 519 1267 558 enim
1291 519 1541 559 animalibus
1562 526 1712 560 natura

145 586 412 638 praeparavit
433 585 583 633 cibum,
604 590 845 636 tegumenta
867 584 1054 635 pilorum,
1073 583 1368 631 defensionem,
1388 593 1431 624 ut
1446 586 1604 634 dentes,
1622 599 1713 626 cor-

145 665 239 698 nua,
260 663 432 702 ungues,
453 651 520 690 vel
539 651 687 689 saltem
710 649 973 689 velocitatem
994 649 1046 688 ad
1068 648 1221 702 fugam.
1253 650 1388 690 Homo
1421 658 1559 691 autem
1590 651 1713 691 insti-

144 726 256 756 tutus
286 724 348 755 est
378 717 490 756 nullo
521 717 669 755 horum
701 715 778 754 sibi
807 728 833 753 a
862 722 1010 754 natura
1038 721 1298 766 praeparato,
1321 716 1393 754 sed
1415 717 1506 755 loco
1529 718 1714 757 omnium

146 784 242 822 data
271 790 330 821 est
358 782 396 821 ei
425 782 541 829 ratio,
572 795 645 833 per
663 794 785 834 quarn
806 781 882 821 sibi
903 782 1010 820 haec
1031 781 1170 819 omnia
1191 781 1330 820 officio
1353 795 1548 821 manuum
1572 790 1713 835 posset

145 860 408 900 praeparare,
426 853 466 886 et
484 847 537 886 ad
558 859 663 898 quae
686 845 826 885 omnia
845 846 1135 898 praeparanda
1155 859 1262 884 unus
1283 846 1407 886 homo
1438 861 1523 887 non
1545 849 1713 889 sufficit.

147 915 252 952 Nam
282 925 390 951 unus
410 913 535 951 homo
565 925 638 964 per
669 925 713 951 se
744 911 1000 951 sufficienter
1022 911 1148 952 vitam
1177 912 1412 964 transigere
1442 926 1525 952 non
1556 922 1711 965 posset.

145 980 218 1018 Est
246 978 374 1031 igitur
402 977 559 1017 homini
590 977 782 1016 naturale
812 976 920 1029 quod
941 977 982 1016 in
1003 977 1202 1016 societate
1223 979 1445 1017 multorum
1469 978 1593 1018 vivat.
1616 980 1712 1018 Am-

141 1045 262 1097 plius,
283 1045 376 1084 aliis
407 1043 688 1084 animantibus
710 1043 836 1083 insita
852 1048 915 1082 est
940 1043 1142 1082 naturalis
1171 1044 1375 1084 industria
1408 1045 1461 1083 ad
1490 1045 1630 1084 omnia
1651 1058 1712 1093 ea,

143 1123 248 1162 quae
266 1116 363 1149 sunt
379 1109 438 1149 eis
458 1109 575 1148 utilia
596 1109 660 1148 vel
678 1108 839 1156 nociva,
862 1108 971 1148 sicut
987 1108 1077 1148 ovis
1098 1109 1340 1148 naturaliter
1361 1110 1554 1149 aestimat
1571 1110 1711 1162 lupum

140 1173 366 1212 inimicum.
399 1174 612 1219 Quaedam
641 1172 765 1211 etiam
794 1171 995 1210 animalia
1021 1184 1075 1211 ex
1105 1173 1282 1211 naturali
1313 1172 1516 1212 industria
1546 1186 1708 1226 cogno-

141 1244 264 1278 scunt
294 1238 455 1291 aliquas
484 1237 639 1277 herbas
669 1237 940 1276 medicinales
970 1243 1010 1276 et
1039 1237 1122 1276 alia
1152 1251 1294 1277 eorum
1324 1239 1434 1277 vitae
1456 1239 1712 1279 necessaria.

142 1303 279 1342 Homo
310 1310 447 1341 autem
478 1302 639 1349 horum,
669 1314 776 1353 quae
800 1308 896 1340 sunt
925 1302 1035 1341 vitae
1064 1314 1166 1340 suae
1198 1303 1456 1350 necessaria,
1478 1304 1715 1343 naturalem

143 1365 426 1417 cognitionem
447 1365 573 1404 habet
603 1365 737 1403 solum
767 1364 809 1404 in
839 1365 1062 1412 communi,
1094 1367 1213 1417 quasi
1244 1380 1292 1405 eo
1324 1379 1396 1418 per
1417 1368 1621 1407 rationem
1643 1381 1710 1407 va-

144 1428 254 1467 lente
283 1440 337 1467 ex
367 1427 671 1467 universalibus
693 1427 907 1479 principiis
927 1429 980 1467 ad
1001 1429 1279 1479 cognitionem
1311 1431 1582 1483 singulorum,
1605 1444 1713 1483 quae

149 1492 392 1532 necessaria
421 1497 541 1538 sunt,
571 1491 802 1542 pervenire.
832 1494 926 1532 Non
960 1503 1024 1534 est
1053 1498 1191 1534 autem
1223 1495 1420 1546 possibile
1458 1496 1566 1548 quod
1601 1509 1711 1536 unus

151 1558 275 1597 homo
305 1558 358 1596 ad
378 1557 518 1596 omnia
537 1557 774 1597 huiusmodi
795 1571 866 1610 per
888 1572 1008 1598 suam
1028 1560 1228 1599 rationem
1252 1561 1471 1613 pertingat.
1495 1563 1571 1601 Est
1592 1563 1717 1615 igitur

146 1620 429 1660 necessarium
458 1620 616 1659 homini
646 1621 755 1672 quod
783 1622 827 1660 in
858 1622 1117 1662 multitudine
1162 1624 1299 1671 vivat,
1339 1632 1381 1664 ut
1411 1638 1518 1664 unus
1547 1626 1599 1664 ab
1629 1625 1711 1665 alio

145 1685 372 1732 adiuvetur,
404 1690 443 1723 et
472 1683 626 1723 diversi
655 1683 834 1724 diversis
864 1685 1126 1725 inveniendis
1157 1700 1229 1738 per
1257 1687 1462 1727 rationem
1498 1701 1710 1739 occupen-

144 1756 208 1788 tur
239 1750 312 1799 (1).
342 1761 361 1785 >›

199 1814 324 1853 Proh.
346 1813 422 1852 III.
443 1825 496 1852 ex
517 1813 714 1853 facultate
734 1814 943 1866 loquendi.
967 1815 1103 1854 Homo
1127 1823 1287 1854 tantum
1321 1816 1428 1856 inter
1457 1824 1598 1858 cetera
1627 1818 1722 1857 ani-

146 1876 305 1916 mantia
333 1888 528 1916 sermone
558 1875 703 1915 fruitur
732 1876 772 1915 vi
802 1884 990 1918 naturae.
1022 1879 1146 1931 Atqui
1177 1892 1313 1919 sermo
1336 1887 1397 1919 est
1418 1881 1630 1920 vinculum
1648 1894 1724 1920 so-

151 1940 326 1988 cietatis,
348 1946 388 1979 et
408 1939 461 1978 ad
481 1940 873 1980 communicandum
896 1955 990 1981 cum
1013 1943 1104 1982 aliis
1127 1950 1237 1983 totus
1257 1954 1436 1996 quantus
1458 1950 1520 1985 est
1553 1945 1724 1985 ordina-

150 2015 227 2046 tur.
245 2007 357 2059 Ergo
379 2011 553 2045 naturae
575 2005 748 2045 intentio
769 2007 811 2046 in
828 2007 995 2048 homine
1012 2010 1274 2060 procreando
1297 2010 1464 2049 minime
1482 2010 1558 2050 fuit
1574 2017 1616 2050 ut
1634 2011 1722 2063 ipse

152 2085 306 2123 segrex
340 2071 524 2119 viveret,
556 2072 630 2111 sed
661 2078 703 2111 ut
733 2074 944 2113 consortio
975 2082 1203 2114 ceterorum
1249 2081 1442 2116 uteretur.
1474 2077 1565 2117 Hoc
1597 2077 1721 2116 etiam

155 2142 448 2190 argumentum
468 2138 640 2177 affertur
669 2151 696 2176 a
725 2138 766 2177 S.
790 2138 966 2187 Thoma,
997 2140 1057 2179 sic
1077 2140 1226 2180 aiente:
1253 2156 1272 2179 ε(
1297 2142 1388 2181 Hoc
1410 2142 1536 2182 etiam
1557 2142 1723 2182 eviden-

157 2203 314 2243 tissime
345 2203 581 2243 declaratur
609 2216 683 2256 per
711 2204 804 2253 hoc,
835 2205 943 2256 quod
964 2212 1027 2245 est
1048 2208 1258 2258 proprium
1280 2207 1460 2247 hominis
1481 2208 1723 2260 loquutione

160 2268 230 2316 uti,
262 2281 334 2320 per
362 2281 487 2319 quam
515 2281 622 2308 unus
652 2269 778 2309 homo
809 2270 902 2309 aliis
933 2283 1051 2310 suum
1084 2278 1329 2325 conceptum
1371 2273 1551 2313 totaliter
1588 2281 1723 2326 potest

158 2332 403 2385 exprimere.
432 2333 527 2372 Alia
556 2335 718 2386 quidem
742 2335 941 2375 animalia
962 2337 1198 2388 exprimunt
1218 2344 1358 2379 mutuo
1379 2340 1599 2392 passiones
1620 2353 1721 2380 suas

154 2396 332 2436 diversis
362 2397 508 2436 modis.
542 2398 684 2449 Magis
721 2398 848 2449 igitur
885 2399 1010 2439 homo
1051 2408 1114 2441 est
1156 2402 1532 2442 communicativus
1574 2403 1722 2451 alteri,

157 2473 279 2513 quam
309 2460 595 2513 quodcumque
624 2461 735 2500 aliud
766 2461 920 2501 animal
950 2463 1058 2515 quod
1096 2466 1267 2517 gregale
1308 2465 1493 2513 videtur,
1523 2472 1566 2506 ut
1594 2479 1720 2518 grus,

153 2524 328 2565 formica
357 2531 397 2565 et
425 2526 516 2578 apis
546 2526 620 2578 (2).
653 2540 672 2563 >›
704 2527 756 2566 Et
776 2526 874 2567 alibi
894 2527 1005 2568 idem
1026 2535 1145 2582 urget
1168 2536 1458 2582 argumentum
1480 2544 1531 2572 ex
1548 2545 1596 2572 eo
1613 2533 1722 2585 quod

154 2596 315 2640 natura,
347 2605 441 2631 cum
471 2591 680 2644 sapienter
709 2597 823 2644 agat,
844 2593 985 2645 nequit
1010 2594 1191 2635 tribuere
1211 2596 1392 2636 medium
1412 2597 1648 2638 ordinatum
1669 2598 1722 2637 ad

144 2654 270 2694 finem
313 2654 494 2707 aliquem
517 2687 526 2703 ‚
572 2655 670 2707 quin
699 2655 930 2695 subiectum
972 2658 1109 2709 ipsum
1152 2659 1314 2700 ordinet
1352 2661 1405 2700 ad
1433 2662 1558 2702 finem
1586 2662 1699 2701 illum
1712 2676 1722 2711 3

150 2720 298 2758 «Cum
328 2720 488 2759 homini
518 2721 639 2761 datus
668 2721 722 2761 sit
752 2734 888 2762 sermo
918 2735 944 2762 a
973 2729 1150 2772 natura,
1182 2733 1221 2764 et
1250 2738 1387 2768 sermo
1428 2728 1640 2768 ordinetur
1669 2728 1723 2767 ad

197 2824 247 2864 (1)
272 2823 326 2856 De
348 2826 527 2867 regimine
551 2827 776 2870 Principum,
799 2827 853 2860 lib.
879 2829 903 2867 I,
928 2838 1004 2870 cap.
1027 2830 1054 2862 2.

196 2878 247 2919 (2)
272 2879 368 2912 Loco
385 2881 550 2921 superius
574 2881 692 2915 citato.
