1970 3203
216 178 297 220 240
590 191 656 218 ius
683 191 886 219 NATURAE
907 202 928 209 -
949 193 1058 221 PARS
1086 193 1125 220 ιι.
1155 194 1222 221 ms
1252 195 1424 223 socrALE

216 265 439 306 Multitudo
469 265 595 318 igitur
624 274 664 306 et
692 265 923 306 auctoritas
952 266 1160 308 elementa
1196 274 1293 309 sunt
1322 269 1587 319 essentialia,
1619 283 1673 310 ex
1702 270 1795 324 qui—

214 332 293 372 bus
323 332 538 372 societatis
567 338 719 372 natura
748 333 977 385 consurgit,
1009 333 1231 375 Multitudo
1260 348 1307 376 se
1335 336 1463 377 habet
1492 337 1625 378 instar
1654 343 1796 378 mate-

214 395 315 445 riae,
346 395 578 436 auctoritas
606 396 742 437 instar
770 396 941 437 formae.

265 463 323 503 Ut
350 462 524 516 quisque
553 461 677 502 facile
706 463 931 516 perspicit,
971 464 1199 505 auctoritas
1237 465 1374 506 civilis
1405 466 1447 506 in
1475 467 1565 508 iure
1607 469 1802 509 consistit

213 528 437 569 ordinandi
467 527 784 577 multitudinem,
815 529 952 582 quoad
980 530 1108 569 finem
1137 529 1320 571 civitatis
1349 534 1668 586 assequendum;
1701 534 1802 575 sub-

214 593 339 634 iectio
370 592 505 633 civilis
534 592 577 632 in
612 592 849 633 obedientia
869 599 909 634 et
930 593 1070 634 officio
1108 594 1324 646 reponitur
1354 597 1553 649 sequendi
1573 597 1797 650 impulsum

223 660 276 699 ab
307 659 557 700 auctoritate
586 659 894 711 procedentem,
924 671 999 711 pro
1029 659 1127 699 finis
1156 660 1390 712 adeptione.

268 723 380 762 Hinc
410 722 606 775 sequitur,
636 722 927 763 auctoritatem
958 722 1245 775 maximopere
1274 724 1441 765 differre
1470 739 1496 765 a
1525 727 1721 775 dominio,
1760 734 1800 767 et

217 787 520 827 subiectionem
551 787 715 827 civilem
746 800 772 826 a
793 786 1004 827 servitute.
1037 788 1145 827 Nam
1176 788 1417 837 dominium,
1448 795 1492 828 ut
1512 790 1617 830 alias
1640 791 1794 831 dictum

217 859 292 901 est,
323 853 365 891 in
396 852 597 892 facultate
642 852 835 892 consistit
877 852 1124 905 disponendi
1156 866 1231 906 pro
1266 853 1380 893 libito
1411 854 1461 894 de
1489 867 1534 894 re
1568 855 1708 908 aliqua
1736 857 1790 896 ad

214 918 426 972 propriam
459 918 693 959 utilitatem.
725 919 865 965 Quare
887 918 977 958 eius
996 919 1268 959 characteres
1289 933 1373 959 non
1394 920 1517 960 modo
1539 921 1791 974 discrepant,

215 997 360 1024 verum
393 983 518 1023 etiam
551 982 844 1023 contradicunt
866 982 1036 1022 omnino
1056 982 1170 1023 notis
1190 982 1339 1035 quibus
1360 990 1525 1024 constat
1545 985 1788 1025 auctoritas.

218 1049 271 1087 Et
299 1060 403 1087 sane
435 1047 663 1087 dominium
693 1051 886 1087 versatur
915 1048 1030 1087 circa
1058 1060 1153 1095 res,
1182 1059 1265 1087 non
1297 1047 1411 1087 circa
1440 1061 1644 1099 personas
1660 1062 1669 1096 ;
1702 1050 1792 1089 eius

212 1128 316 1155 usus
346 1114 531 1167 procedit
559 1127 585 1153 a
612 1114 817 1162 libertate,
847 1127 933 1153 non
953 1113 1006 1153 ab
1038 1112 1190 1163 officio;
1222 1114 1312 1153 eius
1333 1113 1429 1153 finis
1450 1120 1513 1154 est
1534 1114 1692 1156 utilitas
1709 1128 1794 1155 non

213 1181 404 1228 aliorum,
435 1180 510 1220 sed
539 1180 706 1220 domini.
739 1180 896 1220 Contra
916 1179 1146 1219 auctoritas
1168 1179 1323 1219 directe
1344 1185 1541 1231 operatur
1561 1180 1676 1221 circa
1706 1194 1794 1233 per-

215 1259 357 1296 sonas;
388 1245 479 1286 eius
509 1245 755 1286 exercitium
785 1258 811 1284 a
839 1244 1002 1284 ratione
1031 1243 1296 1297 praecipitur;
1327 1257 1412 1284 non
1441 1250 1603 1297 spectat
1637 1245 1794 1285 bonum

214 1312 447 1366 superioris
465 1344 474 1361 ‚
506 1312 579 1352 sed
609 1311 763 1351 bonum
793 1311 921 1350 totius
951 1309 1275 1350 communitatis.
1313 1312 1498 1363 Itemque
1542 1324 1717 1359 servus,
1752 1311 1795 1350 in

212 1385 413 1434 quantum
444 1378 661 1426 eiusmodi,
679 1380 952 1429 comparatur
972 1376 1111 1425 rebus;
1133 1376 1324 1416 absolute
1345 1377 1497 1429 pendet
1518 1376 1570 1416 ab
1591 1376 1794 1418 arbitratu

213 1446 381 1494 domini,
412 1445 578 1485 actione
609 1457 686 1484 sua
714 1456 799 1483 non
828 1443 1055 1496 proprium,
1085 1443 1160 1482 sed
1189 1442 1343 1482 domini
1375 1443 1700 1483 emolumentum
1730 1443 1797 1482 in-

209 1513 341 1554 tendit
369 1513 444 1564 (1).
477 1511 544 1550 Nil
574 1510 657 1550 tale
688 1509 840 1549 accidit
869 1508 1048 1557 subdito,
1079 1508 1147 1560 qui
1178 1508 1303 1548 etiam
1323 1508 1365 1547 in
1387 1513 1587 1561 quantum
1609 1514 1672 1550 est
1693 1509 1796 1549 sub-

211 1581 332 1629 ditus,
363 1578 568 1618 rationem
599 1588 807 1628 personae
836 1574 987 1616 retinet
1015 1587 1067 1614 ac
1096 1574 1274 1627 propriis
1302 1573 1462 1614 iuribus
1505 1580 1701 1623 ornatur;
1734 1575 1788 1614 ad

210 1644 466 1698 operandum
497 1645 687 1681 movetur
715 1652 799 1679 non
830 1639 882 1679 ab
912 1637 1096 1687 arbitrio,
1118 1638 1192 1678 sed
1213 1651 1238 1677 a
1258 1639 1364 1690 lege,
1387 1651 1509 1687 quae,
1530 1642 1574 1676 ut
1595 1637 1790 1686 diximus,

149 1740 152 1743 -
210 1718 273 1755 est
302 1708 508 1751 ordinatio
539 1706 738 1753 rationis;
783 1705 1067 1758 operationem
1100 1703 1217 1756 ponit
1256 1717 1341 1743 non
1371 1708 1539 1756 propter
1577 1703 1785 1754 privatum

207 1777 363 1817 bonum
391 1771 645 1824 imperantis,
677 1770 752 1809 sed
781 1775 950 1822 propter
979 1767 1199 1808 utilitatem
1229 1779 1496 1806 communem
1530 1766 1657 1807 totius
1686 1780 1783 1806 cor-

208 1839 322 1893 poris
353 1836 535 1884 socialis,
567 1835 686 1875 cuius
714 1834 803 1886 ipse
833 1839 894 1873 est
925 1845 1034 1884 pars.
1067 1831 1329 1882 Quapropter
1365 1830 1424 1869 ita
1452 1829 1627 1882 irnperio
1659 1829 1791 1870 subii—

206 1908 323 1953 citur,
353 1911 397 1944 ut
425 1901 684 1943 subiectione
713 1913 791 1940 sua
819 1912 903 1939 non
924 1897 1056 1946 alteri,
1078 1897 1152 1937 sed
1173 1896 1252 1936 sibi
1278 1895 1445 1945 serviat;
1467 1896 1544 1936 etsi
1566 1909 1651 1936 non
1672 1908 1783 1936 seor-

206 1985 299 2011 sum
322 1969 524 2020 inspecto‚
548 1964 622 2005 sed
638 1970 845 2016 quatenus
862 1961 1075 2002 iunctione
1092 1973 1188 2001 cum
1204 1959 1298 2000 aliis
1315 1959 1562 2001 societatem
1579 1961 1781 2000 efformat.

262 2036 354 2081 Qua
383 2032 425 2070 in
455 2044 500 2070 re
529 2029 759 2069 notandum
791 2033 879 2075 est,
910 2026 1066 2066 bonum
1095 2037 1319 2065 commune
1358 2037 1442 2063 non
1472 2037 1566 2064 esse
1595 2024 1704 2064 idem
1735 2038 1786 2064 ac

207 2101 363 2141 bonum
391 2094 562 2135 maioris
592 2092 735 2145 partis,
766 2091 840 2131 secl
861 2103 956 2131 esse
984 2090 1140 2130 bonum
1161 2089 1288 2128 totius
1319 2087 1641 2136 communitatiS,
1672 2089 1782 2140 quod

206 2165 274 2204 vel
303 2163 458 2202 directe
488 2158 555 2197 vel
584 2156 785 2197 indirecte
814 2155 857 2194 in
888 2153 1109 2194 utilitatem
1140 2153 1325 2193 omnium
1358 2151 1567 2192 sociorum
1585 2152 1720 2201 cedat,
1743 2157 1783 2192 et

208 2241 289 2281 quo
320 2237 443 2265 nemo
476 2220 632 2274 privari
663 2225 809 2272 potest,
830 2218 910 2258 nisi
939 2217 982 2257 in
1012 2229 1192 2270 poenam
1213 2215 1364 2269 patrati
1397 2215 1608 2256 facinoris.
1641 2216 1781 2262 Quare

205 2292 422 2336 societatis
449 2295 599 2329 natura
620 2286 792 2327 omnino
823 2284 1083 2337 pervertitur,
1115 2283 1277 2336 quoties
1305 2295 1504 2322 numerus
1535 2282 1685 2335 aliquis
1717 2282 1781 2321 ci-

205 2359 332 2406 vium,
363 2356 452 2396 sive
482 2364 661 2405 magnus
689 2351 778 2391 sive
807 2361 975 2402 parvus,
996 2348 1050 2387 ad
1075 2360 1121 2387 se
1141 2359 1308 2386 omnem
1330 2346 1547 2386 utilitatem
1568 2346 1779 2398 publicam

203 2428 388 2470 revocat,
411 2418 561 2460 ceteris
577 2415 776 2457 exclusis.
807 2416 939 2454 Immo
960 2412 1131 2453 socialis
1150 2412 1309 2451 iustitia
1332 2412 1510 2452 laeditur
1531 2411 1697 2452 etiamsi
1720 2412 1786 2451 vel

205 2488 331 2528 unius
362 2485 581 2524 dumtaxat
611 2479 716 2520 socii
747 2478 1004 2531 praesidium
1033 2489 1084 2516 ac
1115 2476 1247 2516 tutela
1277 2476 1528 2529 negligatur.

256 2553 321 2593 49.
354 2550 610 2588 Pnoposrrio
641 2546 699 2584 2ss
721 2542 959 2584 Multitudo
988 2540 1162 2581 socialis
1184 2540 1386 2593 prooez'me
1407 2554 1492 2580 non
1507 2542 1784 2592 constatper-

204 2616 322 2659 sonis
350 2612 577 2665 separatis,
606 2609 680 2650 secl
702 2607 906 2660 familiis.

248 2737 298 2779 (1)
323 2733 487 2767 Diximus
511 2731 550 2762 ιή
574 2733 756 2773 quantum
780 2726 975 2765 eiusmodi,
1000 2726 1096 2758 idest
1110 2725 1142 2757 in
1159 2725 1330 2765 quantum
1345 2721 1490 2764 proprie
1508 2724 1565 2755 cst
1591 2731 1730 2761 servus,
1754 2725 1791 2755 et

203 2792 237 2826 in
260 2788 468 2833 operatione
492 2784 752 2821 consideratur,
776 2792 883 2823 quam
907 2780 1009 2813 alteri
1031 2779 1198 2812 collocat.
1222 2779 1312 2809 Nam
1338 2779 1368 2809 si
1391 2775 1640 2809 consideretur
1664 2777 1786 2817 quoad

205 2849 381 2882 naturam,
405 2844 440 2875 et
462 2840 495 2872 in
519 2841 689 2879 quantum
713 2839 769 2869 est
792 2837 900 2869 homo
917 2861 925 2874 ,
947 2833 1129 2877 personali
1152 2832 1288 2874 gaudet
1311 2830 1503 2872 dignitate,
1536 2839 1607 2871 qua
1629 2830 1698 2873 ipsi
1721 2831 1784 2864 do-

203 2902 298 2935 mino
322 2894 482 2938 aequalis
507 2895 574 2930 est,
597 2894 632 2924 et
658 2891 792 2923 iuribus
815 2888 1003 2922 instruitur
1027 2896 1118 2928 quae
1141 2895 1163 2918 a
1184 2883 1319 2918 nemine
1342 2883 1467 2917 violari
1490 2884 1630 2917 debent-
