1970 3203
474 215 610 242 CAPUT
638 214 659 239 1.
690 213 742 239 DE
771 212 868 239 mae:
896 211 949 238 ET
982 209 1141 241 omnmo
1170 207 1416 235 GENERATIM
1646 191 1724 229 121

155 290 432 338 tunus.'Quod
459 288 584 340 igitur
613 299 695 326 non
725 287 949 338 respondet
977 285 1063 331 fini,
1092 283 1204 324 nullo
1235 282 1356 322 modo
1386 280 1542 321 ambitu
1571 279 1719 319 iurium

155 358 398 400 continetur.
412 357 652 400 Praeterea,
669 353 794 392 homo
812 358 931 403 prout
946 352 1071 390 finem
1089 356 1263 401 spectat,
1276 348 1425 388 officiis
1446 345 1722 397 adstringitur

155 421 300 474 quibus
331 418 436 458 solvi
458 418 608 470 nequit.
627 418 738 468 Ergo
755 415 896 454 officia
910 415 951 453 in
972 413 1139 452 homine
1160 413 1358 453 terminos
1379 411 1579 464 quosdam
1597 409 1722 448 exhi-

155 487 262 532 bent,
293 497 397 537 quos
427 482 637 524 transilire
658 494 741 521 non
762 480 870 527 licet,
887 480 1055 520 obtentu
1072 478 1184 518 iuris.
1207 478 1315 517 Hinc
1346 478 1637 528 undecumque
1660 475 1727 513 ius

155 551 321 602 aliquod
351 548 549 589 advenire
577 547 768 587 videatur
789 579 797 594 ,
828 557 1054 596 numquam
1085 544 1252 583 extendi
1282 550 1417 595 potest
1445 542 1498 581 ad
1527 541 1579 589 id,
1621 540 1730 592 quod

153 615 292 656 officio
310 621 409 655 actu
427 613 628 666 obliganti
645 611 916 651 contradicat.
935 609 1054 655 Quod
1072 608 1180 647 enim
1198 608 1335 647 officio
1354 607 1589 659 opponitur,
1606 611 1724 656 turpe

155 685 231 719 est.
264 679 329 717 Ad
359 683 475 730 turpe
504 683 640 716 autem
671 688 753 714 non
784 674 903 714 datur
930 673 1024 721 ius,
1055 671 1257 723 siquidem
1287 671 1349 710 vis
1379 671 1467 710 eius
1496 669 1630 709 omnis
1674 681 1726 708 ex

155 745 298 790 ordine
328 751 368 785 et
397 745 490 796 lege
520 742 822 795 proficiscitur;
853 754 878 779 a
907 741 998 791 lege
1019 745 1156 777 autem
1180 743 1219 776 et
1239 737 1382 776 ordine
1403 735 1611 788 proficisci
1639 748 1721 774 non

156 814 304 861 potest,
337 808 445 860 quod
473 807 555 859 legi
585 813 624 846 et
654 805 786 845 ordini
815 804 1073 843 adversatur.

780 936 1024 974 AssrlcULus
1054 934 1105 972 II.

501 1066 566 1105 De
594 1068 756 1105 natm-a
786 1068 827 1104 et
845 1064 1085 1117 partitione
1114 1062 1367 1115 officiorum.

208 1202 270 1240 15.
303 1200 405 1248 Quid
434 1198 628 1239 officium.
658 1197 880 1250 Obligatio‚
904 1210 986 1249 qua
1013 1197 1082 1235 lex
1104 1201 1280 1234 naturae
1302 1194 1556 1232 voluntatem
1573 1190 1625 1229 ad
1655 1188 1725 1228 ali-

154 1264 252 1316 quid
268 1263 507 1303 faciendum
524 1262 588 1301 vel
606 1261 872 1301 omittendum
890 1260 1125 1313 adstringit,
1143 1260 1332 1312 officium
1341 1256 1589 1296 nominatur.
1606 1254 1725 1292 Haec

156 1337 297 1370 autem
329 1327 529 1380 obligatio
558 1327 601 1367 in
630 1328 775 1367 morali
805 1327 986 1380 quadam
1016 1325 1269 1366 necessitate
1291 1324 1372 1363 sita
1402 1328 1475 1369 est,
1498 1334 1571 1360 seu
1594 1320 1633 1359 in
1655 1319 1726 1357 im-

158 1394 434 1446 possibilitate
455 1393 652 1432 manendi
668 1393 709 1431 in
730 1392 874 1431 ordine
894 1405 944 1431 ac
961 1391 1066 1443 legis
1086 1388 1332 1436 reverentia,
1351 1385 1604 1427 contrarium
1622 1384 1723 1430 eius,

159 1457 268 1510 quod
297 1457 401 1496 ratio
425 1456 562 1503 dictat,
584 1456 806 1507 operando.
830 1455 898 1494 Sic
920 1469 1013 1494 cum
1033 1453 1244 1494 hominem
1266 1452 1319 1491 ad
1338 1464 1422 1490 non
1443 1449 1724 1489 mentiendum

158 1520 333 1572 obligari
364 1520 550 1568 dicimus;
573 1532 656 1558 non
684 1520 792 1559 aliud
821 1519 1061 1572 significare
1090 1518 1295 1563 volumus,
1324 1515 1403 1554 nisi
1423 1527 1517 1553 eum
1547 1512 1627 1550 hac
1647 1524 1723 1550 ne-

158 1583 355 1624 cessitate
384 1584 513 1623 teneri
538 1596 546 1622 ;
576 1589 620 1622 ut
648 1584 683 1621 si
713 1583 845 1623 ordini
873 1583 1103 1622 adhaerere
1124 1581 1233 1628 velit,
1256 1578 1420 1619 mentiri
1447 1590 1529 1616 non
1561 1575 1722 1622 debeat;

155 1648 221 1687 sin
249 1647 483 1694 mentiatur,
512 1647 710 1687 continuo
742 1647 949 1686 desciscat
978 1646 1030 1685 ab
1061 1644 1214 1684 ordine.
1246 1645 1380 1694 Atque
1400 1641 1506 1679 haec
1537 1637 1718 1678 definitio

160 1711 341 1752 officium
354 1710 576 1763 respicitin
591 1710 815 1759 abstracto,
834 1723 932 1748 nam
955 1709 996 1748 in
1017 1714 1214 1748 concreto
1231 1707 1322 1758 ipsa
1342 1704 1451 1745 actio
1465 1703 1529 1742 vel
1546 1700 1723 1740 actionis

162 1777 346 1825 omissio,
375 1778 427 1816 ad
449 1790 570 1829 quam
601 1776 846 1828 obligamur,
878 1775 1062 1815 officium
1094 1773 1174 1813 dici
1203 1773 1319 1812 solet.

211 1845 273 1884 16.
305 1844 405 1893 Quid
433 1843 683 1895 praecedat:
713 1844 781 1883 Ius
813 1854 865 1882 an
896 1842 1090 1882 officium.
1114 1839 1224 1879 Ordo
1245 1838 1348 1877 iuris
1376 1840 1569 1887 respectu
1599 1831 1724 1871 officii

158 1909 416 1950 considerari
445 1915 579 1960 potest
609 1909 675 1948 vel
705 1908 894 1948 absolute
915 1906 1050 1959 quoad
1070 1904 1319 1945 obiectivam
1341 1901 1582 1942 eorumdem
1603 1910 1726 1950 gene-

157 1975 372 2023 rationem,
402 1975 468 2014 vel
497 1974 680 2022 relative,
711 1974 848 2026 quoad
877 1973 1078 2024 originem
1099 1984 1221 2023 quam
1242 1970 1397 2009 habent
1425 1968 1467 2006 in
1498 1966 1590 2018 ipsa
1611 1977 1728 2004 crea-

160 2050 261 2090 tura,
293 2040 359 2080 cui
387 2040 538 2080 insunt.
569 2041 616 2079 In
646 2040 778 2091 prima
807 2038 1152 2084 consideratione,
1182 2036 1247 2075 ius
1284 2033 1495 2087 praecedit
1523 2031 1721 2072 officium.

159 2109 207 2146 In
227 2111 386 2146 tantum
407 2106 516 2145 enim
533 2112 750 2145 creaturae
763 2105 990 2144 rationales
1012 2102 1162 2142 officiis
1183 2101 1509 2153 adstringuntur,
1532 2098 1573 2137 in
1589 2109 1724 2149 quan-

161 2178 246 2212 tum
277 2173 391 2212 Deus
417 2171 482 2210 ius
509 2171 636 2211 habet
678 2170 923 2210 subiiciendi
953 2183 1026 2209 eas
1055 2168 1211 2216 ordini,
1242 2181 1363 2220 quem
1400 2165 1488 2205 eius
1517 2162 1722 2215 sapientia

160 2235 418 2288 praescribit.
451 2235 590 2281 Quare
619 2234 857 2286 ontologice
887 2240 926 2273 et
955 2246 1028 2285 per
1057 2246 1101 2272 se
1122 2232 1234 2283 prius
1264 2236 1327 2270 est
1347 2230 1424 2278 ius,
1455 2227 1600 2268 deinde
1625 2226 1722 2266 offi-

160 2299 295 2348 cium;
324 2299 517 2338 nimirum
547 2298 660 2350 prius
691 2305 753 2338 est
780 2297 845 2337 ius
874 2297 915 2336 in
938 2298 1038 2345 Deo,
1061 2295 1208 2335 deinde
1229 2294 1412 2335 officium
1433 2293 1474 2332 in
1504 2290 1719 2330 creaturis.

160 2364 255 2403 Dixi
280 2365 404 2417 prius
437 2365 501 2403 ias
532 2364 575 2403 in
604 2364 696 2403 Deo
713 2379 728 2410 ‚·
750 2364 846 2416 quia
866 2364 979 2402 Deus
998 2362 1156 2402 iuribus
1176 2367 1336 2400 tantum
1366 2363 1547 2405 ornatur,
1570 2355 1720 2396 officiis

157 2441 241 2467 non
271 2426 510 2467 devincitur.
533 2428 626 2466 Non
647 2427 755 2466 enim
786 2427 1040 2478 superiorem
1070 2424 1207 2472 habet,
1238 2438 1263 2463 a
1293 2436 1371 2476 quo
1389 2423 1524 2474 legem
1554 2427 1594 2459 et
1613 2418 1723 2458 obli-

155 2493 367 2544 gationem
396 2491 598 2544 accipiat;
629 2505 707 2531 nec
736 2492 789 2530 ad
804 2492 929 2531 finem
951 2491 1129 2543 aliquem
1150 2488 1462 2541 adipiscendum
1493 2486 1719 2531 ordinatur,

156 2556 229 2596 sed
258 2555 347 2607 ipse
377 2561 440 2595 est
460 2568 678 2606 supremus
700 2554 892 2594 dominus
913 2560 953 2594 et
973 2554 1068 2592 finis
1089 2559 1129 2592 et
1148 2566 1296 2592 norma
1315 2565 1460 2591 rerum
1481 2555 1725 2589 ceterarum.

210 2621 283 2660 Sin
313 2621 444 2660 altera
474 2620 751 2659 consideratio
772 2621 856 2668 fiat,
878 2619 1072 2658 nimirum
1093 2619 1128 2657 si
1149 2618 1382 2671 origoiuris
1414 2624 1453 2656 et
1482 2615 1609 2655 officii
1627 2627 1725 2666 spe-

158 2692 290 2726 ctetur
317 2687 359 2726 in
388 2686 480 2738 ipsa
500 2685 693 2725 rationali
715 2691 906 2725 creatura
927 2698 1049 2737 quam
1072 2684 1279 2732 afficiunt;
1301 2682 1468 2722 indubie
1488 2681 1564 2720 iuri
1596 2678 1729 2732 praeit

162 2749 356 2791 officium.
386 2751 561 2799 Etenim,
590 2756 634 2790 ut
663 2757 760 2791 ante
780 2751 907 2798 innui,
924 2756 1097 2790 eatenus
1118 2757 1310 2789 creatura
1329 2747 1548 2787 rationalis
1569 2744 1728 2784 iuribus

164 2812 387 2864 instruitur,
417 2820 620 2867 quatenus
650 2815 774 2854 finem
805 2828 830 2853 a
857 2819 1009 2853 natura
1037 2813 1326 2866 praestitutum
1355 2811 1492 2859 habet,
1522 2809 1574 2848 ad
1604 2819 1724 2859 quem

164 2891 266 2917 usus
293 2892 427 2919 rerum
459 2893 506 2919 ac
535 2879 725 2932 propriae
755 2879 980 2921 activitatis
1002 2878 1245 2919 exercitium
1273 2876 1514 2918 necessaria
1542 2878 1638 2913 sunt
1658 2871 1721 2910 vel
