1970 3203
233 180 311 222 306
605 191 671 218 lus
699 191 901 218 NATURAE
922 201 942 207 -
965 191 1072 218 PARS
1100 191 1139 217 11.
1168 192 1236 218 ius
1265 192 1436 219 sociALE

240 269 398 316 serant3
430 266 589 306 scilicet
618 266 698 306 nisi
729 266 911 306 societas
954 264 1153 317 religiosa
1196 264 1406 305 formetur.
1438 266 1515 305 Vel
1558 265 1649 317 ipso
1683 264 1808 317 igitur

231 342 407 374 naturae
452 332 597 373 ordine
627 338 788 372 tantum
824 332 1041 384 inspecto,
1075 323 1201 371 hemo
1231 331 1284 370 ad
1328 332 1530 373 eiusmodi
1565 331 1810 371 societatem

238 399 467 438 ineundam
496 397 719 449 impellitur
741 411 825 437 non
846 399 981 438 solum
998 397 1141 436 innato
1159 396 1338 448 quodam
1360 396 1570 445 instinctu,
1588 397 1661 436 sed
1684 396 1809 436 etiam

235 475 288 502 ex
320 462 460 501 officio
492 461 655 501 colendi
683 462 817 501 Deum
850 468 888 501 et
919 475 971 501 ex
999 460 1187 513 generali
1218 459 1484 513 obligatione,
1515 474 1638 514 quam
1670 459 1810 508 habet,

234 525 511 579 prosequendi
543 525 730 565 ordinem
760 539 785 565 a
814 531 964 564 natura
994 525 1265 577 propositum.

285 592 377 630 117.
405 590 629 631 Praedicta
657 590 876 631 inclinatio
906 590 1086 630 nobilius
1126 590 1322 642 expletur
1366 590 1409 629 vi
1451 590 1676 630 Ecclesiae.
1708 589 1812 628 Cum

233 655 348 695 Deus
377 655 419 694 in
448 654 662 707 praesenti
691 667 830 693 rerum
862 653 1099 694 conditione
1114 652 1325 693 hominem
1356 653 1410 693 ad
1437 653 1625 694 altiorem
1643 658 1812 701 statum,

233 734 384 773 nempe
415 721 590 775 gratiae,
607 721 809 768 evexerit,
827 721 944 773 eique
962 720 1161 760 veritates
1177 721 1258 760 fide
1278 721 1511 761 credendas
1531 721 1810 773 proposuerit,

230 793 318 826 tum
350 786 521 825 modum
551 799 631 838 quo
663 786 874 826 colendus-
893 786 946 826 sit
967 794 1006 826 et
1033 786 1172 826 media
1187 786 1337 838 quibus
1357 786 1558 826 caelestia
1578 786 1688 826 bona
1704 799 1809 826 con-

231 866 472 906 sequamur,
491 853 798 902 determinarit3
821 852 1057 892 Ecclesiam
1074 865 1148 905 per
1165 852 1375 892 Christum
1393 851 1579 901 instituit,
1598 859 1809 904 tamquam

231 933 377 960 veram
412 926 452 960 et
481 920 689 959 visibilem
721 919 979 967 societatem,
1010 933 1083 971 per
1113 925 1244 959 totum
1275 918 1418 959 orbem
1449 919 1642 959 diffusam
1666 951 1674 967 ‚
1705 932 1810 971 quae

232 985 423 1038 singulos
454 984 648 1024 homines
679 997 758 1023 sua
799 983 959 1024 unitate
989 983 1278 1036 coniungeret.
1311 983 1379 1023 Sic
1417 983 1460 1022 in
1497 983 1708 1034 praesenti
1738 995 1810 1022 so—

232 1048 364 1089 cietas
394 1048 608 1100 religiosa,
631 1047 685 1087 ad
715 1060 840 1100 quam
863 1060 1078 1096 vocamur,
1101 1048 1434 1100 supernaturalis
1455 1054 1530 1095 est,
1563 1053 1603 1087 et
1624 1047 1809 1086 divinam

233 1113 362 1153 habet
394 1113 599 1167 originem
617 1127 627 1162 3
650 1126 904 1165 quamquam
924 1111 1186 1153 inclinationi
1208 1111 1333 1152 etiam
1353 1118 1529 1152 naturae
1559 1111 1812 1163 respondeat

235 1183 276 1217 et
306 1177 456 1217 altiore
486 1178 651 1218 ratione
681 1176 916 1216 satisfaciat
933 1176 1086 1225 officio,
1108 1189 1188 1228 quo
1210 1174 1489 1215 essentialiter
1510 1174 1811 1227 adstringimur

226 1254 329 1293 erga
360 1241 495 1281 Deum
529 1242 602 1292 (1).

286 1305 407 1352 Quod
437 1305 577 1358 igitur,
602 1305 727 1345 etiam
749 1304 1006 1344 revelatione
1036 1304 1243 1356 praecisa,
1274 1303 1479 1355 impulsus
1508 1304 1598 1354 ipse
1628 1309 1808 1342 naturae

234 1371 448 1424 postulare
477 1370 710 1418 videbatur,
732 1384 758 1410 a
778 1371 867 1410 Deo
890 1370 1015 1409 nobis
1037 1382 1291 1409 concessum
1313 1380 1388 1416 est,
1419 1376 1459 1408 et
1488 1369 1653 1421 quidem
1684 1368 1810 1419 longe

230 1436 467 1489 perfectius,
500 1436 539 1475 vi
570 1436 802 1485 Ecclesiae,
825 1449 876 1476 ea
897 1436 1030 1476 forma
1051 1448 1182 1488 eoque
1204 1434 1449 1488 organismo
1471 1435 1663 1483 donatae,
1685 1446 1808 1486 quem

226 1514 327 1541 mox
355 1513 590 1541 innuemus.

282 1565 371 1605 118.
406 1565 520 1606 Finis
540 1559 768 1605 Ecclesiae.
792 1564 896 1603 Cum
926 1564 1075 1616 religio
1098 1577 1181 1604 non
1203 1564 1256 1603 sit
1277 1563 1358 1603 nisi
1385 1563 1569 1616 ligamen
1601 1562 1808 1616 quoddam

229 1630 389 1669 morale
418 1629 528 1669 inter
544 1629 679 1668 Deum
705 1634 745 1667 et
764 1627 969 1677 homines,
990 1634 1141 1667 natura
1163 1641 1241 1668 sua
1263 1626 1366 1666 nihil
1382 1627 1493 1665 aliud
1514 1626 1808 1678 praestitutum

224 1695 365 1743 habet,
396 1708 520 1747 quam
552 1694 737 1733 divinum
759 1695 915 1733 cultum
937 1700 977 1734 et
1006 1693 1189 1734 hominis
1209 1693 1462 1742 felicitatem,
1484 1705 1568 1732 non
1589 1692 1808 1732 deciduam

266 1814 320 1854 (1)
346 1816 582 1855 Argumenta,
605 1813 735 1854 quibus
753 1813 974 1845 christianae*
985 1813 1172 1854 religionis
1190 1812 1352 1846 divinitas
1367 1813 1648 1850 demonstratur,
1661 1813 1811 1844 huonon

224 1867 421 1905 afferimus,
445 1867 579 1909 quippe
603 1877 696 1907 quae
720 1878 741 1899 a
763 1869 892 1899 nostro
919 1867 1082 1900 instituto
1106 1867 1221 1900 aliena
1244 1870 1337 1906 sunt,
1361 1870 1396 1899 et
1420 1868 1565 1910 proprie
1582 1868 1627 1900 ad
1656 1867 1810 1900 Theolo-

223 1922 318 1962 giam
342 1922 529 1963 pertinent.
554 1922 642 1954 Cum
659 1930 726 1954 nos
743 1922 840 1963 apud
857 1922 1064 1954 Catholicos
1082 1931 1285 1954 sermonem
1301 1922 1511 1960 habeamus,
1529 1922 1604 1955 eius
1621 1923 1809 1955 veritatem

224 1978 259 2007 et
283 1975 479 2008 caelestem
504 1974 679 2015 originem
702 1977 889 2015 tamquam
912 1975 1076 2007 omnibus
1100 1978 1325 2017 compertam
1348 1976 1568 2008 assumimus
1585 2002 1593 2014 ,
1616 1978 1651 2008 et
1674 1976 1809 2008 factum

221 2029 475 2061 tantummodo
497 2028 591 2061 illius
617 2028 855 2061 exsistentiae
880 2029 1153 2062 consideramus
1168 2055 1175 2068 ,
1199 2039 1291 2070 quae
1324 2030 1533 2070 ceteroquin
1555 2030 1601 2062 ad
1625 2029 1700 2062 eius
1725 2030 1809 2062 divi-

221 2081 368 2113 nitatem
381 2081 674 2122 persuadendam
687 2084 939 2123 argumentum
952 2081 1211 2114 validissimum
1228 2081 1447 2124 suppeditat.
1456 2083 1545 2114 Nam
1563 2084 1623 2114 aut
1640 2082 1808 2114 effectum

223 2135 299 2167 sine
323 2144 437 2167 causa
460 2135 651 2168 admittere
675 2138 833 2177 oportet,
857 2138 918 2168 aut
945 2136 1126 2168 Christum
1149 2146 1273 2168 verum
1297 2145 1382 2168 esse
1406 2137 1521 2168 Deum
1539 2136 1724 2169 fatendum
1741 2138 1811 2168 est.

223 2189 382 2230 Legibus
407 2188 498 2222 enim
521 2189 763 2231 experientiae
788 2192 822 2222 et
845 2189 995 2222 rationis
1019 2193 1199 2231 repugnat
1222 2193 1260 2223 ut
1283 2200 1405 2223 merus
1429 2192 1549 2229 homo,
1573 2200 1679 2223 cruce
1710 2191 1807 2223 dam-

224 2247 343 2281 natuS,
367 2242 578 2281 doctrinam,
602 2242 770 2275 sensibus
795 2246 830 2275 et
847 2243 1038 2284 superbiae
1053 2244 1230 2276 humanae
1244 2245 1435 2285 tantopere
1452 2243 1702 2281 reluctantem,
1717 2242 1808 2276 inter

225 2297 501 2338 persecutiones
526 2299 561 2328 et
586 2297 771 2338 supplicia,
794 2297 862 2329 toti
885 2297 963 2330 orbi
986 2298 1209 2339 persuadere
1225 2297 1392 2339 potuerit.
1410 2297 1505 2329 Audi
1520 2298 1588 2330 hac
1603 2297 1636 2329 in
1665 2306 1704 2328 re
1721 2297 1807 2329 Cae-

225 2362 345 2385 sarem
369 2352 534 2390 Balbum,
558 2351 610 2384 sic
633 2351 816 2393 sapienter
842 2351 1133 2384 ratiocinantem:
1160 2362 1175 2379 ‹<
1200 2352 1346 2393 Eppure
1369 2355 1426 2384 tra
1458 2353 1557 2383 tante
1582 2350 1808 2393 opposizioni

224 2416 242 2438 e
267 2409 392 2438 contro
418 2406 463 2437 ad
487 2405 570 2446 ogni
594 2405 742 2446 ragione
767 2415 785 2437 e
807 2405 1026 2446 probabilita
1049 2405 1233 2438 filosofica.
1254 2405 1433 2447 politicae
1451 2405 1596 2443 storica,
1620 2407 1746 2437 contro
1763 2404 1808 2436 ad

226 2458 310 2498 ogni
333 2458 548 2490 andamento
572 2459 749 2490 consueto
767 2457 863 2497 degli
877 2456 992 2489 eventi
1005 2456 1132 2495 umam,
1147 2460 1277 2497 queste
1295 2457 1473 2490 stoltezze
1487 2456 1655 2489 cristiane
1679 2465 1700 2488 o
1714 2455 1810 2488 della

223 2521 330 2544 croce
355 2512 383 2543 s'
400 2521 507 2544 erano
533 2521 663 2553 sparse
686 2511 732 2543 fin
756 2512 812 2544 da'
829 2510 940 2553 tempi
964 2511 997 2543 di
1023 2512 1176 2544 Traiano
1200 2515 1288 2549 cosi,
1312 2513 1378 2544 che
1402 2511 1513 2544 Plinio
1537 2511 1566 2543 si
1589 2511 1744 2551 lagnava
1767 2520 1809 2542 ne

223 2566 346 2599 fosser
371 2566 505 2598 deserti
528 2566 537 2598 i
560 2566 684 2608 tempii
707 2567 762 2598 de'
778 2566 872 2598 numi
896 2566 1011 2608 patrii,
1035 2576 1054 2598 e
1078 2566 1143 2599 che
1167 2566 1200 2598 al
1224 2566 1394 2608 principio
1420 2566 1477 2598 del
1495 2566 1541 2597 III
1558 2565 1682 2598 secolo
1706 2575 1749 2597 se
1765 2574 1808 2597 ne

230 2629 436 2660 Scorgeano
461 2621 551 2662 pieni
574 2621 596 2653 il
618 2621 786 2662 palazzo,
813 2622 951 2659 Roma,
974 2621 1008 2653 le
1030 2621 1221 2662 province,
1245 2621 1277 2653 le
1301 2621 1440 2661 legioni.
1477 2621 1504 2652 E
1528 2622 1623 2653 tutto
1643 2630 1690 2652 un
1713 2620 1806 2652 altro

224 2674 350 2708 secolo
375 2675 478 2712 duro,
502 2674 644 2712 crebbe,
669 2675 772 2706 soffri
797 2677 949 2715 questa,
982 2675 1046 2707 che
1070 2675 1183 2707 taluni
1207 2684 1344 2707 osa-van
1375 2674 1553 2707 chiamare
1590 2675 1729 2707 societa
1752 2683 1807 2706 se-

223 2728 334 2764 creta,
358 2726 401 2758 ed
426 2725 507 2758 altri
531 2726 659 2758 scuola
681 2726 869 2764 filosofica,
894 2737 952 2759 ma
975 2727 1040 2759 che
1065 2736 1127 2759 era
1149 2726 1372 2759 moltitudine
1397 2736 1415 2758 e
1432 2726 1530 2759 forse
1555 2726 1614 2767 gia
1637 2726 1807 2768 pluralita

222 2779 304 2811 dell'
324 2779 471 2820 impero,
495 2788 605 2811 senza
626 2789 696 2811 una
719 2780 903 2821 congiura,
927 2789 1038 2813 senza
1062 2791 1130 2813 una
1146 2781 1399 2818 sollevazione,
1418 2790 1528 2813 senza
1550 2791 1595 2814 un
1620 2781 1674 2814 sol
1697 2782 1804 2813 fram-

222 2830 425 2863 mischiarsi
448 2830 539 2862 nelle
563 2830 717 2872 dispute,
739 2832 835 2873 negli
857 2832 1034 2870 interessi,
1057 2833 1148 2865 nelle
1170 2832 1379 2874 turpitudini
1397 2833 1478 2865 dell'
1492 2833 1644 2875 Impero:
1668 2834 1712 2866 ed
1738 2843 1802 2866 ora

220 2876 271 2918 un*
290 2884 347 2917 bel
375 2885 410 2917 di
434 2884 546 2917 siamo
570 2894 637 2926 per
660 2886 790 2918 vedere
814 2886 1061 2928 l’Imperatore
1085 2885 1174 2918 farsi
1198 2886 1367 2919 cristiano
1385 2912 1392 2925 ‚
1423 2896 1531 2920 senza
1554 2897 1600 2920 un
1623 2886 1800 2920 interesse
