1970 3203
615 275 751 302 CAPUT
779 276 818 303 11.
848 277 900 303 DE
929 276 1156 305 SOCIETATE
1187 280 1305 306 eivim
1661 269 1739 309 ⁶277

181 352 232 391 iis
261 350 535 404 impertienda
555 365 692 392 sermo
712 359 786 403 est3
816 355 922 395 haec
943 369 968 394 a
988 355 1075 395 iure
1096 363 1270 397 naturae
1304 358 1565 409 praecipitur,
1587 365 1630 399 ut
1650 373 1738 411 pro-

177 418 313 458 tervia
342 417 575 469 impiorum,
607 417 789 458 divinam
818 421 953 473 legem
975 422 1270 473 spernentium,
1292 423 1549 475 reprimatur.
1583 426 1676 471 Qua
1695 424 1738 464 in

178 496 223 522 re
255 483 481 523 similitudo
502 483 595 522 duci
616 489 750 536 potest
770 498 796 524 a
824 485 986 537 legibus
1006 487 1278 536 naturalibus;
1299 489 1340 527 in
1363 503 1464 542 quas
1481 490 1578 529 licet
1599 489 1734 530 civilis

172 553 361 599 potestas
383 546 447 586 ius
467 547 622 586 nullum
643 547 808 597 habeat,
840 548 1059 601 (siquidem
1089 563 1114 588 a
1144 550 1283 590 divina
1309 552 1554 592 auctoritate
1585 566 1736 605 proce-

171 612 306 663 dunt);
339 620 480 653 tamen
511 613 639 651 multa
660 611 770 652 iubet
801 613 865 653 vel
886 613 1073 665 prohibet
1102 628 1207 666 quae
1227 615 1313 656 iure
1334 617 1511 656 naturali
1541 631 1735 670 compre-

175 676 423 715 henduntur.
446 677 490 716 Id
511 677 719 728 sapienter
740 678 785 716 fit
804 677 857 716 ad
877 690 926 717 ea
942 678 1078 730 magis
1099 679 1400 727 confirmanda,
1417 681 1567 721 saltem
1585 689 1734 721 exten-

167 742 271 790 sive,
294 742 458 782 adiecta
478 743 670 782 nimirum
690 756 801 782 nova
822 744 1123 796 praeceptione,
1140 754 1179 783 et
1210 744 1357 784 tutiora
1378 745 1568 786 facienda
1588 747 1735 787 timore

169 821 413 859 poenarum,
436 809 503 861 qui
523 815 741 860 protervos
760 808 921 848 animos
942 809 993 848 ad
1015 809 1382 862 obtemperandum
1403 812 1582 851 inducat.

226 874 304 913 His
335 874 565 926 explicatis,
598 874 749 926 liquido
778 879 890 927 patet
919 889 998 927 quo
1029 875 1185 915 circulo
1217 884 1438 928 operatura
1460 886 1521 916 est
1546 885 1732 929 potestas

178 939 416 991 legislativa
436 940 582 980 civilis.
600 941 662 978 Ea
678 940 786 980 enim
808 940 959 988 omnia,
976 954 1080 993 quae
1097 949 1271 982 externa
1293 949 1387 983 sunt
1404 950 1443 983 et
1459 943 1610 982 civium
1627 944 1732 984 inter

171 1016 218 1043 se
233 1002 286 1042 ad
302 1003 454 1043 bonum
473 1017 692 1044 commune
708 1005 1015 1055 procurandum
1032 1005 1256 1046 relationes
1277 1006 1513 1059 respiciunt,
1531 1015 1650 1059 prout
1668 1015 1733 1046 ta—

170 1082 266 1108 men
288 1069 420 1108 ordini
444 1069 589 1109 morali
611 1082 693 1108 non
715 1069 933 1109 detrahant
953 1070 1026 1110 sed
1057 1070 1192 1122 potius
1213 1071 1431 1111 conserant
1446 1105 1455 1120 ,
1478 1072 1567 1112 eius
1590 1072 1731 1112 ditioni

167 1132 411 1180 subduntur,
434 1132 486 1172 ab
508 1145 638 1184 eaque
659 1134 878 1184 generales
897 1146 1066 1172 normas
1092 1135 1279 1186 recipere
1309 1143 1495 1186 possunt.
1518 1137 1564 1175 In
1585 1136 1732 1188 quibus

170 1198 327 1237 normis
348 1197 681 1249 praescribendis
702 1198 770 1237 lex
800 1197 934 1237 civilis
955 1198 1273 1250 applicationem
1296 1202 1519 1252 quamdam
1541 1201 1730 1241 continet

171 1271 210 1302 et
241 1263 625 1303 determinationem
655 1263 791 1315 magis
819 1263 1112 1315 particularem
1134 1264 1264 1316 ipsius
1294 1266 1399 1317 legis
1429 1266 1632 1306 naturalis
1654 1268 1730 1317 (1).

168 1329 288 1374 Quod
316 1328 572 1381 quadruplici
589 1328 749 1368 ratione
770 1329 826 1368 fit.
849 1329 1044 1376 Primum,
1075 1338 1279 1382 quatenus
1309 1332 1627 1383 praeceptiones
1647 1332 1729 1371 ali-

166 1407 271 1445 quas
286 1394 388 1434 iuris
404 1394 620 1441 naturalis,
641 1394 817 1434 adiectis
846 1395 1059 1434 nonnullis
1092 1396 1234 1445 poenis
1255 1396 1295 1435 in
1324 1397 1404 1436 hac
1425 1398 1521 1446 vita,
1544 1398 1730 1438 subeun-

166 1459 242 1507 dis,
273 1473 384 1498 nova
413 1460 582 1499 roborat
603 1459 831 1499 sanctione.
864 1460 1032 1507 Deinde,
1048 1458 1256 1512 ‘quatenus
1282 1462 1442 1512 legibus
1471 1471 1645 1504 naturae
1665 1477 1732 1515 ge-

165 1525 376 1565 neralibus
406 1526 628 1564 nonnullas
648 1525 1011 1566 determinationes
1041 1526 1151 1565 addit
1173 1540 1246 1578 pro
1275 1527 1396 1567 factis
1426 1530 1728 1580 peculiaribus,

166 1590 284 1628 iuxta
312 1590 512 1636 locorum,
535 1595 764 1641 temporum
785 1603 835 1628 ac
865 1602 1137 1642 personarum
1169 1590 1421 1631 varietatem.
1447 1592 1598 1641 Tertio,
1622 1607 1729 1646 qua-

168 1662 290 1692 tenus
320 1652 507 1692 actiones
536 1653 744 1692 humanas
772 1653 1010 1693 moderatur
1038 1654 1154 1692 iuxta
1183 1667 1316 1694 novas
1355 1656 1592 1703 relationes,
1623 1671 1727 1710 quas

168 1718 293 1757 homo
312 1717 473 1756 ratione
490 1716 705 1758 societatis
725 1718 910 1770 suscipit,
927 1717 1047 1770 idque
1070 1720 1368 1759 convenienter
1385 1727 1557 1761 naturae
1582 1723 1727 1774 princi-

164 1778 254 1833 piis.
277 1782 433 1827 Quarto
460 1782 645 1834 denique,
668 1790 872 1835 quatenus
893 1791 963 1822 aut
982 1784 1084 1831 iura,
1107 1785 1252 1836 quibus
1273 1786 1397 1825 homo
1421 1787 1459 1825 vi
1477 1794 1651 1827 naturae
1673 1788 1729 1826 in-

160 1845 342 1893 struitur,
359 1845 474 1885 iuxta
495 1847 693 1886 socialem
714 1847 968 1899 exigentiam
991 1856 1211 1900 temperat,
1234 1856 1356 1901 atque
1377 1857 1471 1901 apte
1503 1863 1597 1889 cum
1619 1851 1727 1889 alio-

159 1923 248 1949 rum
272 1911 515 1950 exsistentia
532 1911 736 1961 conciliat;
754 1918 823 1951 aut
840 1925 949 1952 nova
964 1912 1053 1952 iura
1070 1913 1230 1953 civibus
1245 1914 1385 1954 tribuit
1401 1914 1623 1953 conditioni
1641 1928 1730 1966 per-

164 1987 362 2013 sonarum
385 1983 425 2014 et
445 1976 655 2014 communi
674 1975 782 2015 bono
803 1977 1132 2016 accommodata.
1156 1979 1202 2016 In
1224 1977 1371 2029 quibus
1389 1988 1526 2017 tamen
1549 1978 1726 2031 diligen-

161 2047 222 2078 ter
256 2040 488 2078 cavendum
524 2048 598 2087 est,
624 2053 675 2080 ne
709 2041 800 2092 plus
821 2041 899 2080 sibi
929 2042 1125 2088 tribuens,
1159 2041 1328 2080 obtentu
1350 2042 1445 2081 boni
1477 2043 1724 2091 communis,

165 2104 256 2144 iura
284 2105 423 2158 aliqua
455 2106 663 2145 naturalia
691 2107 867 2159 perimat
888 2107 951 2146 vel
982 2107 1176 2147 offendat.
1199 2107 1318 2153 Quod
1339 2109 1449 2148 enim
1469 2109 1511 2147 in
1532 2109 1724 2148 iniuriam

164 2170 386 2218 sociorum,
409 2171 497 2211 sive
517 2172 693 2223 plurium
710 2172 797 2211 sive
814 2186 1053 2224 paucorum,
1078 2174 1202 2213 immo
1226 2174 1352 2214 etiam
1374 2174 1494 2213 unius
1510 2175 1725 2223 redundat;

163 2237 204 2276 id
229 2237 282 2275 ad
309 2238 435 2276 finem
457 2238 669 2278 societatis
689 2242 895 2290 pertinere
926 2252 1009 2278 non
1038 2246 1182 2290 potest,
1205 2239 1314 2291 quod
1345 2247 1483 2279 autem
1506 2241 1629 2280 finem
1652 2254 1724 2280 so-

161 2299 309 2340 cialem
341 2302 560 2353 egreditur,
593 2302 831 2342 auctoritati
861 2302 1027 2342 minime
1057 2303 1264 2354 competit.

211 2366 274 2405 85.
295 2367 417 2418 Legis
437 2368 730 2419 proprietates.
755 2369 890 2419 Leges
912 2368 952 2406 in
973 2368 1111 2419 primis
1132 2369 1334 2408 honestas
1355 2381 1449 2408 esse
1471 2374 1644 2420 oportet,
1666 2383 1727 2410 se-

160 2445 238 2470 cus
258 2431 353 2470 finis
376 2432 518 2471 sociali
539 2446 623 2471 non
643 2433 929 2473 convenirent.
960 2434 1105 2485 Iniqua
1126 2435 1196 2474 lex
1217 2447 1300 2473 non
1330 2442 1391 2473 est
1412 2435 1492 2482 lex,
1515 2435 1587 2475 secl
1617 2436 1723 2487 legis

159 2494 382 2547 corruptio,
414 2502 454 2535 et
474 2495 527 2534 ad
548 2495 821 2535 obediendum
851 2510 933 2536 non
955 2497 1110 2549 obligat
1143 2499 1216 2550 (2).
1249 2498 1406 2537 Deinde
1441 2498 1659 2550 requiritur
1680 2506 1723 2538 ut

157 2557 279 2598 utiles
304 2558 385 2598 sint
406 2590 415 2605 ,
437 2567 476 2597 et
497 2558 659 2610 quidem
681 2559 853 2600 utilitate
883 2561 1082 2612 generali,
1111 2574 1185 2600 seu
1215 2575 1320 2613 quae
1350 2575 1433 2601 non
1453 2563 1494 2602 in
1515 2563 1721 2615 privatam

158 2635 381 2674 personam
403 2630 473 2662 aut
493 2623 533 2661 in
554 2631 711 2674 partem
734 2630 893 2664 tantum
916 2625 1128 2665 societatis
1149 2639 1241 2664 cum
1270 2626 1439 2667 alterius
1461 2627 1721 2674 detrimento,

162 2686 288 2725 sedin
305 2699 451 2726 omnes
471 2686 626 2727 directe
637 2687 702 2726 vel
714 2688 861 2727 saltem
881 2688 1080 2728 indirecte
1096 2689 1310 2728 redundet.
1325 2691 1456 2731 Secus
1468 2704 1551 2731 non
1567 2691 1722 2730 bonum

155 2763 388 2800 commune,
407 2752 480 2792 sed
496 2752 700 2804 privatum
720 2755 985 2806 respicerent.
1011 2754 1150 2794 Tertio
1168 2754 1318 2795 debent
1338 2769 1430 2796 esse
1449 2757 1723 2803 universales,

199 2891 250 2931 (1)
275 2891 364 2924 Vide
386 2894 422 2925 S.
445 2894 619 2932 THOMAM,
643 2895 798 2928 Samma
821 2895 867 2927 tlt.
893 2897 934 2928 1.·
957 2897 1006 2928 22³³
1031 2904 1060 2936 q.
1088 2897 1195 2935 XCV,
1218 2908 1245 2929 a.
1272 2898 1303 2929 2.

203 2946 252 2985 (²2)
278 2946 369 2978 vide
392 2948 427 2980 S.
449 2948 621 2987 THOMAM,
644 2950 797 2983 Summa
822 2951 868 2983 tlt.
894 2952 932 2982 1.·
956 2952 1012 2983 2³²³
1036 2951 1196 2991 qXCVI,
1219 2962 1246 2984 a.
1273 2954 1299 2984 4.
