1970 3203
467 210 603 237 CAPUT
630 210 656 235 1.
686 210 740 237 DE
769 211 864 238 FINE
894 212 1169 241 OPERATIONIS
1198 213 1405 240 HUMANAE
1674 202 1725 241 29

158 288 266 329 fecto
286 281 408 340 patet,
431 286 470 326 vi
490 293 664 327 naturae
685 287 892 328 obiectum
912 289 1045 341 ipsum
1065 290 1233 339 intendi,
1250 297 1374 343 atque
1394 291 1660 344 irrequietum
1682 292 1730 331 il-

157 352 240 392 lum
258 357 412 391 statum
428 350 519 391 ideo
535 350 577 389 in
593 350 713 390 nobis
729 351 969 400 excitari‚ut
980 353 1033 392 ad
1045 353 1251 395 obiectum
1269 356 1608 407 consequendum
1627 353 1728 394 nita-

157 432 260 458 mur.
275 419 379 458 Cum
396 417 534 470 itaque
550 416 766 457 rationalis
783 431 915 457 causa
931 418 1063 457 ordini
1082 426 1258 460 naturae
1273 420 1315 459 in
1332 421 1542 472 operando
1566 421 1731 461 confor-

155 494 271 522 mare
282 494 327 521 se
344 480 503 529 debeat;
516 480 780 532 manifestum
795 482 841 520 fit
856 481 908 521 ab
925 494 975 521 ea
992 481 1198 522 obiectum
1214 484 1350 535 ipsum
1370 484 1447 524 sibi
1466 485 1724 525 conveniens

156 545 305 586 debere
320 543 470 596 appeti,
487 557 569 584 non
586 557 685 584 vero
702 544 880 597 quietem
895 546 990 585 inde
1006 545 1215 595 orituram,
1233 548 1312 587 nisi
1330 548 1436 589 forte
1454 548 1716 588 secundario.

157 611 199 651 Si
215 617 363 650 contra
377 611 506 657 fieret,
523 610 740 650 rationalis
755 611 920 651 animae
939 619 1075 652 motus
1090 613 1337 654 rectitudine
1355 615 1596 667 privaretur.
1612 617 1722 655 Nam

157 674 348 726 voluptas
364 674 527 726 proprie
544 680 582 713 et
594 687 666 725 per
675 688 721 714 se
738 689 821 715 non
837 675 1020 727 impellit,
1038 675 1118 715 nisi
1139 679 1251 717 entia
1271 691 1325 718 ex
1340 678 1539 719 instinctu
1557 684 1718 718 tantum

158 736 385 789 operantia,
406 737 752 789 quemadmodum
773 746 870 779 sunt
889 739 1019 779 bruta.
1041 741 1160 780 Haec
1176 741 1298 790 enim,
1314 748 1456 794 utpote
1482 742 1640 782 ratione
1658 756 1731 782 ca-

157 802 304 850 rentia,
326 802 511 842 ordinem
531 815 558 842 a
577 811 728 844 natura
746 805 948 845 intentum
969 819 1053 845 non
1073 805 1375 855 internoscunt‚
1397 807 1471 847 sed
1493 813 1653 846 tantum
1671 820 1726 846 ex

158 869 379 910 affectione
394 867 465 908 illa
493 868 725 922 irrequieta,
746 884 852 924 quae
872 871 1101 924 indigentia
1131 872 1290 921 dicitur,
1312 880 1639 913 commoventur.
1671 874 1725 912 Et

157 935 353 987 quoniam
374 934 493 981 haec,
512 939 556 974 ut
574 934 669 973 talis
689 941 764 984 est,
786 935 839 974 ad
858 935 1037 988 quietem
1059 936 1197 985 tendit,
1219 950 1325 989 quae
1346 937 1528 990 gignitur
1558 949 1609 976 ex
1631 936 1724 975 ade-

157 998 295 1051 ptione
325 997 432 1046 boni,
454 997 552 1037 hinc
573 998 725 1050 optime
746 999 894 1039 dicitur
913 1000 1029 1051 quies
1050 1000 1251 1040 eiusmodi
1272 1013 1367 1041 esse
1389 1000 1485 1039 finis
1509 1013 1581 1038 cur
1602 999 1722 1038 bruta

158 1070 390 1117 operentur.

212 1128 409 1168 Obiie.11.
426 1129 484 1168 Ut
501 1129 670 1169 Ahrens
691 1130 751 1180 (1)
774 1135 813 1170 et
834 1129 1033 1169 Damiron
1050 1130 1111 1181 (2)
1126 1130 1358 1182 opinantur,
1382 1141 1623 1181 supremum
1653 1128 1729 1167 ho-

155 1194 280 1235 minis
295 1194 446 1234 bonum
463 1194 504 1233 in
521 1195 703 1234 omnium
719 1195 807 1235 eius
823 1194 1068 1235 facultatum
1083 1196 1319 1236 evolutione
1336 1196 1459 1235 situm
1478 1200 1550 1234 est.
1578 1195 1625 1233 In
1643 1193 1725 1232 hoc

158 1260 268 1301 enim
290 1260 509 1300 cuiuslibet
524 1260 631 1300 entis
646 1260 844 1312 perfectio
861 1261 1062 1310 consistit,
1080 1269 1122 1302 ut
1137 1261 1328 1314 proprias
1350 1262 1573 1301 facultates
1590 1260 1724 1312 expli-

159 1331 235 1366 cet.
258 1327 375 1366 Haec
390 1326 516 1379 igitur
536 1326 759 1378 explicatio
775 1327 943 1374 ultimus
962 1327 1058 1367 finis
1079 1327 1259 1367 hominis
1282 1327 1458 1367 dicenda
1480 1327 1566 1367 erit.

209 1390 258 1428 R.
281 1390 399 1429 Haec
421 1389 626 1430 sententia
646 1389 695 1438 si,
714 1395 759 1430 ut
778 1390 907 1430 verba
922 1396 1085 1439 sonant,
1102 1391 1314 1444 accipitur,
1332 1390 1373 1430 in
1399 1391 1542 1443 primis
1566 1403 1649 1429 non
1670 1389 1726 1429 di-

157 1452 330 1504 stinguit
344 1452 450 1492 inter
464 1466 702 1505 supremum
719 1453 884 1502 bonum,
901 1454 1009 1506 quod
1026 1467 1122 1494 vere
1138 1455 1191 1494 sit
1206 1455 1373 1495 ultimus
1386 1455 1492 1502 finis,
1508 1461 1547 1494 et
1570 1467 1722 1506 supre—

158 1528 272 1555 mum
302 1516 466 1564 bonum,
496 1516 604 1568 quod
633 1516 950 1557 destinationem
979 1517 1160 1557 hominis
1187 1518 1232 1557 in
1258 1519 1340 1558 hac
1362 1519 1446 1558 vita
1465 1517 1716 1569 implendam

155 1581 364 1634 respiciat.
374 1582 532 1621 Deinde
541 1582 753 1622 confundit
764 1583 1013 1623 elementum
1028 1583 1304 1624 subiectivum
1316 1584 1526 1624 felicitatis
1539 1597 1633 1624 cum
1645 1584 1722 1623 ele-

155 1653 295 1688 mento
324 1646 544 1688 obiectivo.
574 1648 765 1688 Evolutio
786 1648 895 1688 enim
916 1648 1174 1697 facultatum,
1195 1649 1237 1688 in
1259 1650 1500 1701 operatione
1519 1649 1721 1697 consistit,

156 1710 341 1763 operatio
361 1717 501 1751 autem
522 1710 754 1751 subiectiva
774 1719 837 1752 est
857 1720 897 1752 et
917 1712 1031 1752 circa
1051 1712 1259 1752 obiectum
1287 1713 1453 1766 aliquod
1474 1720 1678 1760 versatur,
1695 1726 1721 1751 a

156 1790 235 1829 quo
265 1790 503 1817 mensuram
525 1777 715 1828 propriae
733 1778 1000 1830 perfectionis
1019 1778 1205 1829 suscipit.
1225 1780 1280 1819 At
1300 1787 1459 1828 contra,
1484 1780 1532 1820 de
1554 1779 1716 1819 obiecto

154 1842 292 1895 agitur
310 1843 352 1882 in
372 1844 455 1883 fine
475 1843 618 1883 ultimo
642 1843 969 1885 determinando.
995 1844 1151 1893 Tertio,
1174 1858 1412 1897 supremum
1434 1846 1587 1885 bonum
1607 1844 1648 1883 in
1674 1856 1720 1883 re

152 1921 327 1961 prorsus
342 1908 586 1962 impossibili
599 1909 787 1950 collocat.
799 1910 878 1957 Qui
890 1911 998 1950 enim
1012 1912 1133 1951 fietut
1144 1924 1289 1951 omnes
1302 1912 1482 1951 hominis
1499 1912 1721 1951 facultates

152 1976 195 2015 in
224 1977 305 2016 hac
334 1976 421 2015 vita
449 1975 681 2016 omnimode
701 1976 970 2028 explicentur,
993 1991 1086 2016 cum
1108 1978 1160 2016 ad
1180 1977 1221 2016 id
1242 1984 1281 2016 et
1302 1986 1465 2030 tempus
1488 1984 1527 2018 et
1548 1977 1658 2016 vires
1679 1982 1721 2014 et

154 2040 440 2093 opportunitas
459 2040 551 2092 ipsa
571 2039 757 2079 deficiat?
777 2041 834 2080 Ut
853 2040 955 2080 nihil
971 2041 1106 2080 dicam
1123 2041 1232 2092 quod
1247 2041 1345 2081 illae
1362 2041 1419 2081 ita
1435 2042 1542 2081 inter
1562 2054 1607 2081 se
1629 2040 1720 2092 ple—

154 2117 326 2157 rumque
342 2117 386 2144 se
397 2103 563 2151 habent,
580 2109 624 2142 ut
639 2103 762 2143 unius
777 2104 1035 2152 exercitium,
1047 2103 1290 2156 praesertim
1302 2104 1337 2142 si
1350 2105 1515 2156 plenum
1529 2106 1592 2151 sit,
1603 2116 1722 2143 exer-

157 2166 296 2207 citium
309 2167 478 2208 alterius
498 2180 669 2220 prorsus
689 2167 897 2207 excludat.
910 2168 1095 2220 Itemque
1110 2166 1293 2207 omnium
1313 2167 1555 2207 facultatum
1573 2168 1718 2208 evolu—

153 2233 224 2281 tio,
238 2233 400 2274 etiamsi
416 2232 625 2286 possibilis
641 2240 764 2282 esset,
776 2239 914 2273 tamen
931 2247 1024 2273 cum
1041 2233 1185 2286 augeri
1200 2233 1352 2286 iugiter
1367 2234 1456 2274 sine
1473 2235 1555 2274 fine
1572 2233 1718 2286 possit,

153 2312 380 2352 numquam
400 2300 454 2339 ad
474 2305 632 2339 certum
648 2299 870 2339 terminum
887 2304 1106 2352 spectaret;
1128 2305 1170 2338 ut
1191 2299 1377 2339 omittam
1394 2300 1716 2348 vicissitudines,

152 2365 390 2413 varietates,
402 2364 628 2413 molestias,
642 2364 844 2405 defectum
860 2365 1088 2417 potestatis,
1105 2370 1346 2418 ceterasque
1367 2365 1715 2418 imperfectiones,

153 2440 259 2480 quae
275 2429 549 2468 evolutionem
562 2428 672 2467 hanc
684 2427 942 2477 comitantur,
956 2441 1143 2481 quaeque
1158 2442 1184 2468 a
1199 2442 1297 2468 vero
1308 2429 1390 2469 fine
1408 2430 1550 2468 ultimo
1563 2429 1712 2469 abesse

152 2490 311 2531 debent.
331 2491 527 2544 Denique,
543 2491 649 2531 haec
665 2491 803 2544 opinio
819 2492 1029 2531 hominem
1046 2491 1187 2532 ordine
1208 2492 1444 2532 destitutum
1466 2505 1516 2531 ac
1532 2506 1712 2545 praepo-

152 2564 308 2598 sterum
330 2557 466 2597 efficit.
488 2558 596 2597 Nam
615 2556 662 2605 si,
683 2562 727 2596 ut
746 2563 842 2597 ante
863 2557 959 2606 dixi,
981 2558 1105 2598 homo
1127 2557 1342 2599 ordinatus
1362 2565 1512 2598 natura
1543 2573 1620 2599 sua
1641 2566 1715 2607 est3

152 2620 241 2660 eius
260 2619 480 2661 facultates
499 2620 557 2660 ita
575 2620 682 2660 inter
697 2634 742 2661 se
761 2625 1042 2673 temperentur
1055 2626 1227 2674 oportet,
1245 2628 1288 2663 ut
1308 2636 1392 2663 una
1409 2623 1652 2670 dominetur,
1675 2630 1716 2662 et

153 2693 318 2727 ceterae
339 2687 513 2728 subsint.
532 2686 712 2727 Proinde
729 2687 882 2727 bonum
897 2687 1125 2728 maximum
1142 2688 1194 2728 ad
1216 2689 1446 2742 principem
1463 2689 1717 2738 facultatem,

197 2839 247 2879 (1)
273 2839 388 2872 Cour’s
412 2839 457 2872 de
481 2839 582 2873 droit
604 2843 764 2882 natur-el,
788 2844 800 2875 1
823 2847 913 2885 part.
936 2845 1024 2886 gen„
1052 2845 1150 2887 chap.
1176 2846 1188 2877 I
1211 2846 1228 2888 ξ
1257 2847 1284 2879 4.

198 2891 247 2930 (2)
275 2891 419 2924 Morale
441 2894 464 2923 t.
491 2892 513 2930 I,
535 2893 690 2928 Pre'face.
