1970 3203
301 243 437 269 CAPUT
466 243 517 268 111.
547 242 599 269 nr:
629 242 859 269 soc1ETATE
888 243 1108 274 REL1G1osA
1138 243 1319 270 NIMIRUM
1347 245 1542 273 ECCLEslA
1624 235 1701 274 321

192 318 319 358 Obiz'c.
350 321 399 357 V.
435 318 676 369 Religiosae
705 318 886 358 familiae
905 318 1073 357 inutiles
1097 327 1194 358 sunt
1214 319 1321 358 bono
1343 320 1466 361 civili.
1487 323 1599 374 Ergo
1619 322 1701 361 im·-

137 384 363 434 pediendae
393 390 501 430 sunt,
533 383 751 435 quominus
782 384 1061 431 efformentur;
1084 396 1133 422 ac
1164 384 1197 422 si
1228 385 1467 425 efformatae
1494 386 1579 425 iam
1608 387 1702 436 sint,

132 446 426 486 dissolvendae
457 456 587 486 erunt.

182 510 231 548 R.
263 511 311 548 In
329 510 471 561 primis
500 511 607 550 haec
625 511 801 551 obiectio
816 511 921 552 falso
938 512 1100 551 laborat
1120 513 1345 564 supposito.
1369 515 1572 554 Subaudit
1587 516 1698 556 enim

132 573 333 614 eiusmodi
356 582 501 615 coetus
522 575 742 627 religiosos
762 588 846 615 non
868 576 1032 615 differre
1053 589 1079 614 a
1095 577 1479 617 consociationibus
1501 591 1614 618 mere
1636 579 1699 618 ci-

137 640 297 688 vilibus,
319 647 418 691 puta
438 647 718 680 mercatorum
748 649 820 681 aut
840 641 1060 688 artificum,
1091 655 1265 694 quarum
1295 645 1473 694 pretium
1504 657 1557 684 ex
1587 645 1701 684 civili

132 706 408 746 emolumento
451 707 743 747 dimetiendum
776 707 840 747 sit.
872 708 992 753 Quod
1024 720 1107 747 non
1138 714 1201 747 est
1225 708 1292 747 ita.
1325 710 1479 750 Coetus
1510 710 1620 750 enirn
1640 710 1702 750 illi

130 770 420 821 praestitutum
436 771 602 818 habent,
623 784 707 810 non
727 777 936 810 terrenam
954 771 1178 819 utilitatem,
1200 772 1273 811 sed
1291 774 1525 821 caelestem,
1545 788 1696 827 nempe

135 836 260 875 finem
283 836 418 887 ipsum
441 836 678 876 Ecclesiae:
710 836 776 875 cui
798 843 934 875 utrum
956 837 1174 877 conferant
1191 849 1324 877 necne
1355 851 1438 877 non
1458 853 1483 878 a
1503 840 1695 891 politicis,

133 900 200 953 qui
224 900 273 938 de
294 901 375 939 hac
395 914 439 940 re
461 901 561 940 nihil
582 900 830 952 intelligunt,
843 901 915 940 sed
932 900 983 940 ab
1005 900 1197 940 Ecclesia
1213 900 1494 940 definiendum
1512 908 1584 942 est.
1608 904 1695 942 De-

130 965 227 1004 inde
248 966 328 1005 hoc
349 965 495 1016 ipsum,
527 966 635 1017 quod
655 965 864 1011 obiiciunt,
895 965 1073 1004 falsitate
1094 966 1266 1004 laborat.
1298 966 1418 1013 Nam,
1440 973 1483 1005 ut
1503 967 1690 1006 omittam

135 1031 333 1070 maiorem
355 1038 515 1081 partem
536 1032 684 1069 horum
706 1040 899 1070 coetuum
921 1031 986 1070 vel
1003 1031 1169 1070 assidue
1188 1030 1229 1069 in
1246 1031 1465 1071 educanda
1484 1031 1699 1072 iuventute

134 1102 173 1135 et
192 1095 420 1134 litterarum
441 1094 696 1133 incremento
718 1095 929 1146 occupari,
943 1095 1007 1134 vel
1028 1095 1177 1133 saltem
1199 1095 1363 1147 aliquod
1385 1109 1489 1146 opus
1511 1096 1699 1135 caritatis

135 1173 237 1212 erga
256 1159 489 1212 proximum
511 1172 721 1206 exercere,
741 1160 849 1211 quod
873 1159 962 1198 sine
980 1160 1102 1199 dubio
1131 1160 1173 1198 in
1195 1160 1359 1199 civilem
1381 1161 1598 1200 utilitatem
1629 1175 1698 1201 re-

139 1224 309 1273 dundat3
333 1231 444 1264 certe
460 1224 516 1262 illi
536 1224 626 1276 ipsi,
648 1224 714 1275 qui
737 1224 928 1275 propriae
949 1224 1190 1275 perfectioni
1213 1231 1252 1263 et
1272 1224 1409 1264 divino
1432 1226 1560 1266 cultui
1580 1227 1702 1266 unice

132 1298 300 1338 vacant,
318 1290 484 1329 inutiles
501 1290 692 1330 societati
714 1290 794 1328 (lici
811 1303 895 1329 non
912 1296 1098 1342 possunt,
1121 1303 1215 1329 cum
1234 1290 1366 1329 eidem
1388 1291 1604 1342 multiplex
1624 1292 1702 1331 bo-

133 1367 233 1392 num
264 1354 496 1404 importent.
528 1355 573 1392 In
596 1353 739 1405 primis
760 1353 868 1392 enim
899 1353 934 1392 si
963 1353 1143 1392 societas
1172 1354 1296 1393 atliea
1325 1368 1409 1393 non
1440 1355 1503 1400 sit,
1534 1362 1699 1406 gratum

133 1417 289 1456 habere
319 1416 438 1455 debet
467 1423 506 1455 et
535 1424 746 1468 tamquam
778 1416 968 1468 publicae
998 1416 1161 1456 utilitati
1192 1418 1432 1457 conducens
1475 1420 1584 1470 quod
1625 1432 1702 1458 ex-

138 1488 248 1522 stent
263 1482 453 1521 homines
475 1483 563 1521 Deo
585 1482 747 1533 penitus
768 1482 1005 1533 mancipati,
1027 1482 1095 1534 qui
1117 1482 1360 1522 excelsioris
1386 1484 1549 1524 virtutis
1572 1497 1700 1524 exer-

139 1548 236 1588 citio
259 1554 298 1587 et
318 1547 561 1587 assiduitate
583 1560 750 1599 precum
773 1548 955 1586 divinam
977 1561 1097 1599 opem
1127 1549 1169 1587 in
1191 1548 1431 1588 universam
1455 1550 1701 1591 societatem

136 1612 371 1663 implorent.
394 1612 565 1659 Deinde,
588 1613 624 1651 si
645 1612 904 1663 potissimum
922 1613 1135 1653 societatis
1157 1613 1307 1652 bonum
1328 1627 1412 1652 non
1434 1614 1476 1653 in
1498 1615 1702 1655 materiali

137 1679 211 1718 sed
240 1678 281 1717 in
302 1678 450 1717 morali
481 1678 754 1729 prosperitate
775 1679 898 1717 situm
920 1684 994 1726 est,
1025 1678 1209 1730 profecto
1240 1679 1460 1719 utilissima
1489 1681 1703 1720 censenda

140 1750 235 1783 sunt
257 1742 468 1782 consortia
490 1742 573 1790 illa,
587 1755 693 1794 quae
714 1750 753 1782 et
768 1743 993 1791 individua,
1006 1743 1153 1796 quibus
1175 1750 1381 1790 constant,
1395 1744 1448 1783 ad
1469 1745 1595 1784 animi
1618 1759 1704 1798 per-

141 1809 364 1849 fectionem
386 1815 641 1860 promovent,
664 1815 702 1847 et
722 1809 903 1860 reliquos
924 1810 1116 1860 exemplo
1137 1810 1285 1848 saltem
1306 1809 1543 1858 informant,
1567 1818 1607 1850 et
1628 1825 1702 1851 ve—

134 1872 209 1912 luti
236 1871 552 1924 propugnacula
572 1872 774 1923 quaedam
796 1872 959 1912 virtutis
983 1873 1025 1910 in
1047 1872 1247 1912 societate
1268 1873 1535 1922 constituunt,
1559 1876 1705 1914 adver-

137 1951 209 1977 sus
233 1936 427 1974 vitiorum
450 1944 628 1975 conatus
648 1942 688 1975 et
711 1936 943 1975 illecebras.

189 2003 240 2040 Et
261 2013 364 2040 sane
385 2000 556 2039 debetur
584 2000 650 2038 his
671 2000 856 2039 coetibus
887 2000 994 2051 quod
1015 1999 1289 2039 barbarorum
1311 2000 1513 2039 colluvies
1533 2014 1618 2040 non
1638 2015 1704 2053 pe-

136 2067 250 2106 nitus
272 2079 412 2105 mores
442 2065 707 2117 oppresserit,
737 2065 811 2104 sed
841 2065 894 2103 ad
914 2071 1178 2116 praesentem
1201 2065 1404 2103 culturam
1434 2065 1704 2116 perveniendi

137 2130 322 2184 patuerit
351 2129 498 2168 aditus.
531 2129 728 2170 Claustra
756 2129 867 2168 enirn
896 2128 1186 2180 religiosorum
1222 2128 1450 2175 hominurn,
1480 2129 1547 2181 qui
1578 2130 1702 2168 modo

141 2197 193 2237 ab
223 2196 363 2248 impiis
391 2202 607 2246 tantopere
637 2194 948 2246 vituperantur,
978 2194 1099 2233 nobis
1134 2203 1436 2234 conservarunt
1465 2208 1547 2234 non
1578 2195 1700 2234 modo

143 2262 310 2302 codices
331 2261 578 2313 scriptorum
600 2260 861 2312 antiquorum
893 2261 1019 2312 (quod
1048 2259 1127 2311 ipsi
1150 2259 1273 2299 etiam
1293 2260 1524 2299 adversarii
1545 2273 1703 2300 conce-

142 2329 273 2378 dunt),
306 2327 390 2374 sed,
411 2326 519 2378 quod
540 2326 675 2366 maius
697 2332 771 2374 est,
801 2325 994 2365 virtutem
1017 2325 1140 2365 etiam
1171 2332 1211 2364 et
1232 2338 1394 2364 morum
1422 2327 1701 2365 honestatem.

138 2396 226 2434 Nec
248 2393 328 2432 nisi
348 2392 460 2431 illinc
481 2392 720 2444 prodierunt
750 2391 826 2430 viri
847 2392 1115 2439 immortales,
1147 2391 1214 2443 qui
1243 2391 1451 2431 irruentes
1484 2392 1704 2431 barbariae

140 2464 318 2498 conatus
353 2455 593 2495 retuderunt
627 2469 677 2494 ac
715 2456 1063 2495 restaurationem
1098 2455 1276 2502 civilem,
1307 2468 1388 2506 qua
1419 2454 1604 2503 fruimur,
1635 2455 1704 2494 in-

136 2522 214 2561 cho
225 2527 359 2559 arunt.

749 2586 994 2624 ARTlcULus
1024 2585 1096 2623 111.

167 2692 234 2731 De
264 2691 425 2731 mutuis
456 2690 736 2730 relationibus
765 2690 1000 2729 Ecclesiam
1032 2690 1144 2728 inter
1173 2693 1213 2729 et
1241 2690 1413 2729 Statum
1438 2690 1675 2742 politicum.

195 2793 282 2831 132.
311 2793 397 2832 Duo
428 2802 618 2831 errorum
648 2801 812 2842 genera.
854 2790 1018 2841 Duplex
1059 2788 1297 2829 absurditas
1338 2788 1382 2827 in
1409 2789 1491 2827 hac
1529 2790 1707 2829 materia

143 2854 240 2905 pelli
271 2853 402 2893 debet:
431 2866 516 2892 una
540 2859 603 2892 est
626 2852 972 2900 Protestantismi,
1002 2851 1069 2904 qui
1090 2851 1326 2891 Ecclesiam
1355 2852 1548 2904 politicae
1565 2860 1704 2893 aucto-

143 2919 255 2960 ritati
285 2918 496 2966 submittit;
528 2919 660 2958 altera
679 2918 1135 2971 Indzfferentistarum,
1156 2918 1223 2971 qui
1243 2925 1459 2970 utramque
1479 2929 1562 2957 non
1583 2918 1706 2959 modo

226 2998 509 3029 LIBERATORE—
523 2994 657 3027 Ethica
680 2998 715 3027 et
737 2995 803 3027 Ius
825 2998 998 3028 naturae.
1587 2994 1627 3026 21
