1970 3203
179 209 231 249 64
491 219 556 246 IUS
585 218 786 246 NATURAE
807 228 828 233 -
849 218 957 244 PARS
987 218 1010 244 1.
1040 219 1105 245 IUS
1134 219 1401 246 INDIVIDUAIE

705 359 1176 399 PROPOSITIONES.

210 496 272 533 54.
304 495 559 532 Pnoposrmo
592 489 647 530 1³.
671 490 734 529 Ex
755 503 915 538 amor-e,
938 489 1041 528 aliis
1061 489 1209 538 debito,
1225 489 1372 542 primo
1397 491 1581 530 resultat
1604 494 1650 529 ut
1671 502 1734 529 ne-

157 558 312 597 minem
343 556 576 603 laedamus,
601 555 725 607 idque
754 567 804 593 επ
833 554 969 606 officio
993 555 1187 606 perfecto
1218 567 1291 593 seu
1322 552 1520 592 z'ur‘c'dc‘co.

205 623 328 663 Prob.
360 624 492 662 Amor
522 620 614 661 aliis
645 620 806 660 debitus
836 633 909 672 pro
939 632 1086 658 norma
1115 619 1241 659 habet
1270 612 1483 667 amorem,
1514 633 1593 671 quo
1625 633 1728 659 nos—

149 687 349 739 metipsos
379 685 600 737 diligimus.
632 686 686 724 At
715 697 814 723 vero
844 683 1082 722 huiusmodi
1117 696 1234 722 amor
1259 682 1339 722 hoc
1372 682 1632 734 potissimum
1655 682 1735 722 sibi

150 751 361 798 adsciscit,
380 758 424 790 ut
451 751 657 789 iacturam
688 748 740 787 ab
770 747 863 786 aliis
892 747 1044 787 iniuste
1071 747 1231 787 illatam
1251 759 1507 794 aversemur,
1530 745 1731 785 liberum-

149 831 228 871 que
257 823 504 870 appetamus
533 822 773 855 nostrorum
817 813 969 853 iurium
1000 827 1050 853 ac
1080 813 1273 866 propriae
1313 812 1539 852 activitatis
1580 812 1735 852 exerci-

150 882 264 921 tium.
297 881 481 932 Idipsum
511 879 638 932 igitur
666 878 759 917 aliis
790 878 897 917 velle
919 877 1130 917 debemus:
1148 885 1192 917 ut
1212 877 1364 916 iniuria
1381 890 1433 916 ex
1453 881 1569 928 parte
1590 883 1735 916 nostra

151 948 276 1001 plane
306 953 471 993 vacent,
502 959 552 984 ac
573 944 663 984 sine
679 943 972 995 impedimento
994 957 1040 983 se
1062 956 1220 995 suaque
1242 955 1414 983 servare
1435 948 1559 994 atque
1576 956 1733 993 augere

147 1014 319 1067 possint.
336 1013 379 1052 Si
397 1025 520 1052 secus
538 1011 726 1058 facimus,
739 1023 823 1048 non
839 1009 962 1048 modo
979 1009 1132 1049 bonum
1150 1009 1324 1049 aliorum
1342 1022 1425 1049 non
1442 1022 1731 1060 procuramus,

145 1079 220 1119 sed
237 1091 310 1118 eos
326 1076 578 1117 infeliciores
594 1075 761 1115 efficere
779 1073 953 1125 positive
970 1074 1273 1114 contendimus.
1292 1075 1385 1121 Qua
1414 1073 1456 1112 in
1473 1087 1517 1113 re
1534 1074 1733 1113 maximo-

145 1158 242 1198 pere
263 1143 516 1184 discedimus
530 1142 582 1181 ab
601 1141 756 1189 ordine,
775 1140 842 1192 qui
859 1140 978 1179 nobis
995 1152 1181 1180 amorem
1201 1154 1303 1192 erga
1323 1140 1429 1180 alios
1447 1139 1660 1192 praecipit,
1694 1146 1734 1179 et

144 1210 349 1250 naturalis
368 1209 551 1248 iustitiae
573 1207 736 1259 legibus
757 1205 1029 1257 refragamur.
1049 1205 1167 1252 Quod
1188 1206 1351 1245 facinus
1373 1218 1422 1244 eo
1446 1204 1734 1245 detestabilius

147 1282 221 1326 est,
243 1276 353 1329 quod
383 1273 580 1327 obligatio
611 1271 825 1320 eiusmodi,
859 1272 958 1310 aliis
990 1284 1075 1310 non
1108 1271 1296 1319 nocendi,
1319 1271 1517 1311 facillima
1547 1271 1734 1310 omnium

147 1349 239 1383 est:
270 1356 364 1382 cum
393 1353 477 1380 non
506 1340 561 1379 ad
591 1338 799 1379 actionem
830 1338 1097 1385 exerendam,
1132 1337 1174 1376 in
1205 1351 1284 1390 quo
1315 1337 1419 1377 forte
1449 1337 1569 1377 labor
1600 1343 1638 1376 et
1667 1337 1732 1375 in-

147 1406 413 1446 commodum
444 1403 558 1444 cerni
588 1407 741 1455 posset,
772 1402 846 1441 sed
875 1406 1036 1440 tantum
1067 1400 1119 1439 ad
1141 1401 1411 1440 omittendam
1442 1399 1690 1451 adstringat.

201 1473 294 1511 Hoc
325 1471 510 1510 officium
541 1470 613 1508 illa
641 1467 849 1508 sententia
878 1467 1055 1519 exprimi
1086 1467 1222 1507 solet:
1257 1466 1383 1512 Quod
1413 1467 1490 1506 tihi
1509 1467 1620 1519 fieri
1649 1479 1734 1505 non

153 1539 224 1586 ris,
257 1538 391 1577 alteri
419 1551 468 1576 ne
486 1537 648 1588 facias.
681 1534 800 1581 Quod
828 1539 969 1574 autem
1000 1533 1052 1573 sit
1081 1533 1264 1573 officium
1292 1533 1521 1585 perfectum
1544 1546 1618 1573 seu
1638 1532 1731 1572 iuri-

148 1602 286 1641 dicum
309 1634 318 1650 ,
349 1601 520 1641 evidens
551 1605 624 1639 est.
658 1600 765 1639 Nam
797 1599 937 1638 officia
967 1598 1152 1651 perfecta
1181 1612 1256 1638 seu
1286 1598 1462 1638 iuridica
1491 1604 1696 1637 vocantur
1718 1629 1726 1645 ,

147 1682 254 1721 quae
285 1682 336 1707 ex
367 1666 526 1708 iustitia
556 1666 771 1712 debentur,
800 1673 838 1705 et
858 1678 1032 1717 quorum
1055 1664 1227 1717 proinde
1252 1664 1524 1705 observantia
1545 1663 1584 1702 vi
1606 1664 1731 1703 etiam

147 1733 260 1786 exigi
277 1738 423 1785 potest.
440 1733 645 1779 Iamvero,
663 1743 786 1770 nemo
804 1743 887 1769 non
906 1730 1015 1769 videt
1032 1730 1084 1768 ad
1101 1736 1349 1782 conceptum
1365 1728 1548 1768 iustitiae
1565 1734 1606 1768 et
1622 1742 1734 1768 com-

147 1799 285 1839 munis
314 1797 578 1851 aequalitatis
596 1797 817 1849 pertinere,
838 1803 883 1836 ut
902 1796 1040 1835 nullus
1060 1795 1178 1834 alteri
1197 1795 1393 1834 iniuriam
1415 1795 1579 1844 inferat3
1607 1801 1732 1847 atque

145 1865 199 1904 ad
228 1863 269 1902 id
299 1862 615 1902 custodiendum
647 1861 850 1913 adstringi
881 1860 920 1899 vi
941 1872 1063 1912 posse
1084 1873 1137 1899 ex
1167 1866 1318 1898 natura
1347 1859 1541 1899 coactiva
1564 1858 1729 1897 iurium.

200 1931 264 1969 Ex
285 1930 366 1969 hoc
388 1932 615 1981 praecepto
637 1926 918 1979 consequitur,
940 1931 983 1965 ut
1008 1925 1219 1965 neminem
1240 1925 1479 1965 interimere
1499 1925 1635 1970 liceat,
1657 1929 1728 1963 aut

145 1996 295 2036 mortis
324 1993 507 2047 periculo
538 2004 761 2044 exponere,
794 1996 865 2030 aut
894 1991 1118 2030 vulnerare
1148 1991 1215 2029 vel
1244 1996 1494 2042 percutere3
1526 1995 1598 2028 aut
1617 1988 1729 2028 aliud

147 2061 370 2114 quidquam
403 2058 582 2105 efficere,
612 2057 721 2108 quod
742 2054 913 2094 alterius
933 2053 1209 2094 incolumitati
1240 2058 1363 2105 atque
1384 2052 1611 2105 integritati
1633 2065 1732 2092 cor—

147 2124 261 2178 poris
291 2123 550 2162 adversetur.
1376 2126 1378 2128 '
1402 2158 1405 2160 ,

202 2192 292 2238 Quo
323 2202 422 2229 vero
453 2187 590 2240 magis
619 2186 786 2226 animus
815 2184 978 2236 corpori
1009 2190 1224 2237 praestat,
1265 2184 1437 2236 eiusque
1467 2183 1578 2223 bona
1606 2182 1729 2222 bonis

148 2256 362 2310 corporeis
383 2254 648 2299 antecellunt,
667 2265 715 2291 eo
736 2250 1011 2303 flagitiosiora
1032 2257 1128 2290 sunt
1149 2263 1288 2302 opera,
1306 2262 1413 2302 quae
1435 2248 1612 2301 proximi
1635 2246 1741 2287 ani—'

146 2335 257 2361 mum
288 2319 469 2366 laedunt,
487 2325 526 2356 et
547 2315 790 2368 perfectioni
811 2314 1049 2355 intellectus
1071 2316 1135 2353 vel
1156 2314 1381 2354 voluntatis
1411 2320 1576 2353 nocent.
1600 2312 1719 2351 Veti-

143 2393 231 2427 tum
262 2386 387 2437 igitur
415 2385 507 2435 lege
538 2388 712 2421 naturae
743 2387 830 2429 est,
862 2380 966 2419 alios
996 2393 1022 2418 a
1052 2380 1230 2420 veritate
1262 2379 1484 2426 abducere,
1515 2384 1639 2431 atque
1669 2378 1725 2417 ad

145 2465 329 2494 errorem
360 2450 576 2496 inclinare,
606 2461 750 2487 eorum
772 2446 1016 2498 disciplinae
1037 2445 1256 2494 obsistere,
1276 2445 1414 2484 verbis
1437 2450 1508 2483 aut
1528 2443 1720 2494 exemplo

144 2518 260 2570 ipsos
289 2515 342 2554 ad
373 2514 473 2553 vitia
503 2512 708 2565 pellicere,
739 2516 810 2550 aut
839 2523 883 2549 re
914 2510 998 2549 ulla
1024 2523 1181 2549 vexare
1202 2521 1310 2561 quae
1332 2522 1494 2548 morum
1515 2508 1720 2547 innocen—

146 2584 246 2625 tiam
276 2581 542 2621 contaminet.
576 2580 626 2618 Et
655 2577 852 2630 quoniam
881 2577 989 2616 haec
1019 2589 1091 2628 per
1121 2589 1166 2616 se
1196 2576 1307 2615 mala
1337 2581 1457 2622 sunt,
1488 2587 1573 2613 non
1603 2574 1726 2613 modo

147 2650 200 2689 ab
233 2646 417 2688 externis
447 2645 621 2691 actibus,
653 2644 727 2684 sed
756 2643 879 2683 etiam
911 2643 963 2682 ab
985 2643 1172 2690 internis,
1194 2641 1450 2694 cogitatione
1472 2640 1665 2680 nimirum
1691 2649 1730 2679 et

144 2717 302 2755 affectu
324 2746 332 2762 ‚
364 2711 506 2764 repelli
536 2710 698 2749 debent.
730 2710 864 2748 Secus
893 2709 1088 2747 voluntas
1117 2708 1157 2746 in
1188 2720 1363 2759 pravum
1392 2705 1599 2746 obiectum
1632 2712 1728 2745 ten-

149 2780 292 2826 deret,
323 2781 446 2828 atque
475 2773 627 2813 exinde
658 2773 863 2826 pravitate
891 2772 1190 2824 inquinaretur.

203 2843 389 2895 Denique
420 2854 514 2881 cum
545 2840 598 2878 ad
626 2839 838 2879 hominem
856 2838 966 2878 bona
987 2838 1113 2878 etiam
1136 2843 1310 2876 externa
1330 2836 1577 2888 pertineant,
1599 2837 1640 2875 in
1661 2837 1725 2876 his

151 2920 314 2961 quoque
345 2917 468 2946 nemo
483 2903 635 2943 iniuste
652 2903 879 2943 laedendus
896 2907 969 2942 est.
988 2901 1128 2947 Quare
1149 2901 1214 2941 ius
1230 2906 1379 2940 natura
1395 2899 1521 2940 violat
1542 2901 1727 2954 quisquis
