1970 3203
446 161 473 180 ι’-ῐ

832 225 1012 252 INDEX

170 299 260 334 ART.
302 300 361 334 IV.
387 300 439 334 De
449 301 650 345 principiis,
668 301 907 334 moralitatem
923 302 1024 334 actui
1039 301 1201 334 humano
1218 300 1512 346 impertientibus.
1526 301 1637 335 Actus

430 362 584 395 morales
609 362 674 396 alii
698 362 917 406 obligatorii,
943 362 1009 396 alii
1032 361 1139 396 liberi
1188 387 1488 397 ......
1549 362 1637 406 Pag.

191 420 304 456 PROP.
333 420 364 456 1.
389 421 501 455 Actus
529 422 686 456 humani
708 423 949 462 moralitatem
966 422 1166 457 desumunt
1181 434 1224 457 ex
1241 423 1377 466 obiecto,
1395 435 1438 459 ex
1453 424 1528 468 fine
1544 429 1576 458 et
1592 435 1636 458 ex

428 482 706 515 circumstantiis
730 506 1554 516 ...............
1580 479 1582 481 ’
1615 494 1634 516 >>

229 550 249 573 »
320 538 353 573 2.
378 538 458 572 Etsi
481 539 621 574 dantur
649 545 751 574 actus
783 540 940 574 humani
961 539 1163 573 secundum
1187 542 1335 585 speciem
1359 546 1393 574 et
1415 540 1631 574 abstractam

431 600 748 634 considerationem
765 601 1018 645 indifferentes,
1036 601 1168 634 nullus
1188 606 1305 634 tamen
1323 600 1434 634 datur
1450 606 1552 634 actus
1570 601 1634 634 hu-

430 669 564 692 manus
589 659 798 703 indifferens
821 660 861 692 in
886 658 1086 699 individuO,
1111 670 1174 692 seu
1200 664 1357 692 concrete
1373 663 1562 703 spectatus.
1613 669 1633 691 5>

383 718 588 752 Solvuntur
613 718 841 763 difficultates
844 741 1553 752 .............
1612 728 1632 750 >>

167 776 258 811 ART.
316 776 358 811 V.
385 777 437 810 De
450 777 724 821 imputabilitate
737 778 921 810 actionum
936 777 1198 811 humanarum.
1216 777 1309 819 Quid
1323 777 1587 822 imputabilitas
1612 788 1632 809 »

195 836 310 870 PROP.
337 834 367 870 1.
394 835 511 869 Homo
533 835 723 880 praeditus
747 840 798 869 est
824 835 980 868 libertate
1022 860 1555 875 ..........
1613 846 1633 867 »

230 906 249 927 »
323 893 356 929 2.
382 894 505 935 Actus,
531 895 602 927 sive
627 894 742 927 bonus
766 894 838 926 sive
863 894 997 933 malus,
1025 893 1165 926 homini
1189 893 1292 926 libere
1316 895 1447 937 aye-nti,
1474 894 1552 926 iure
1567 892 1638 924 im-

425 958 585 998 putatur
617 977 1558 987 .................
1619 962 1639 984 )>

230 1023 249 1044 >>
324 1009 356 1044 3.
382 1010 440 1043 Ex
465 1012 702 1055 imputatione
725 1016 827 1045 actus
851 1012 931 1044 iure
958 1012 1039 1045 laus
1064 1016 1133 1045 aut
1155 1012 1375 1056 vituperium
1399 1011 1555 1054 emeryit.
1618 1020 1638 1042 »

231 1080 250 1103 >>
323 1067 356 1103 4.
381 1067 461 1100 Etsi
483 1069 742 1112 imputabilitas
773 1080 857 1103 cum
890 1070 1094 1103 moralitate
1125 1080 1264 1114 semper
1292 1071 1561 1113 coniunyatur‚
1594 1067 1638 1101 ab

436 1128 502 1161 illa
529 1133 648 1162 tamen
672 1129 851 1174 distinqui
874 1130 971 1164 debet
1021 1153 1553 1164 ..........
1613 1139 1633 1160 »

383 1188 586 1223 Solvuntur
611 1189 844 1234 difficultates
847 1214 1555 1226 .............
1617 1199 1636 1221 >>

169 1250 260 1285 ART.
303 1250 360 1284 VI.
387 1250 439 1284 De
464 1251 586 1284 merito
612 1256 645 1284 et
668 1250 848 1285 demerito.
875 1251 970 1293 Quid
996 1251 1167 1284 meritum
1193 1251 1248 1284 vel
1273 1251 1498 1285 demeritum.
1549 1275 1556 1283 .
1617 1260 1637 1282 >>

194 1309 305 1343 PRoP.
332 1307 364 1343 1.
389 1308 506 1342 Homo
531 1309 668 1342 actibus
692 1310 768 1343 suis·
788 1315 907 1354 potest
929 1309 1030 1354 apud
1054 1310 1144 1343 alios
1170 1311 1299 1343 mereri
1323 1310 1378 1343 vel
1402 1309 1582 1342 demereri.
1619 1318 1639 1339 »

235 1379 253 1400 »
326 1367 359 1402 2.
386 1367 503 1401 Homo
529 1369 666 1402 actibus
692 1370 770 1403 suis
795 1371 924 1404 mereri
937 1374 1057 1414 potest
1079 1370 1134 1403 vel
1150 1369 1324 1404 demereri
1337 1370 1443 1402 etiam
1460 1367 1561 1412 apud
1577 1376 1638 1399 so-

432 1427 588 1460 cietatem
611 1451 1556 1462 .................
1616 1436 1636 1457 >>

234 1495 252 1517 >>
327 1481 360 1517 3.
386 1483 503 1517 Homo
529 1485 665 1519 actibus
689 1487 766 1519 suis
791 1487 921 1519 mereri
937 1490 1056 1530 potest
1080 1486 1136 1519 vel
1160 1485 1333 1519 demereri
1348 1484 1449 1529 apud
1467 1484 1632 1518 Deum.»

387 1544 590 1579 Solvuntur
614 1546 844 1592 difficultates
847 1569 1555 1580 .............
1616 1554 1635 1576 >>

171 1605 261 1641 ART.
288 1605 361 1640 VII.
388 1606 439 1640 De
458 1607 699 1650 passionibus.
727 1607 821 1648 Quid
847 1606 1065 1640 sensibilitas
1083 1625 1127 1632 —
1143 1606 1237 1648 Quid
1264 1606 1379 1651 passio
1394 1624 1437 1632 —
1454 1604 1637 1649 Concupi-

433 1666 569 1700 scibilis
598 1670 633 1700 et
657 1667 852 1701 irascibilis
870 1687 913 1693 —
932 1667 1118 1701 Passiones
1151 1666 1264 1712 partis
1289 1665 1576 1712 concupiscibilis
1594 1683 1637 1691 —

431 1724 619 1760 Passiones
645 1727 759 1771 partis
784 1727 978 1761 irascibilis
997 1746 1039 1752 —
1058 1726 1208 1760 Errores
1232 1727 1302 1761 duo
1315 1751 1555 1761 .....
1617 1736 1636 1758 >>

194 1784 304 1818 PROP.
333 1782 363 1818 1.
389 1783 592 1826 Passiones,
614 1797 682 1831 per
699 1797 735 1820 se
751 1792 934 1831 spectatae,
952 1798 1015 1821 nec
1032 1787 1142 1820 bonae
1166 1797 1228 1820 nec
1247 1787 1364 1820 malae
1388 1791 1477 1820 sunt
1495 1786 1637 1819 morali-

437 1847 509 1884 ter;
535 1849 625 1876 sunt
648 1855 739 1886 vero,
765 1850 947 1889 quatenus
972 1846 1165 1889 imperium
1190 1846 1343 1878 rationis
1366 1849 1587 1889 sequuntur.
1613 1854 1633 1876 >>

231 1912 250 1934 >)
325 1900 358 1935 2.
384 1900 576 1935 Passiones
601 1903 640 1935 in
666 1903 809 1936 homine
832 1907 935 1947 eqent
959 1903 1202 1936 moderamine
1227 1903 1379 1935 rationis
1425 1929 1431 1935 .
1484 1927 1491 1935 .
1542 1927 1550 1934 .
1611 1913 1631 1934 »

388 1961 594 1996 Solvuntur
618 1962 848 2007 difficultates
903 1988 1551 1997 ............
1611 1973 1631 1994 >>

168 2020 359 2056 ART.VIIl.
378 2021 430 2056 De
456 2022 632 2057 habitibus
650 2028 767 2068 prout
785 2023 834 2057 ad
860 2033 975 2057 mores
999 2028 1169 2067 spectant,
1195 2034 1260 2057 seu
1284 2022 1327 2057 de
1344 2024 1526 2056 virtute-et
1542 2023 1635 2055 vitio.

433 2080 528 2121 Quid
549 2080 696 2114 habitus
710 2100 754 2106 —
769 2081 864 2123 Quid
890 2081 1004 2115 virtus
1018 2081 1168 2123 -Quid
1192 2080 1320 2114 vitium
1371 2106 1378 2114 .
1429 2106 1436 2114 .
1488 2105 1495 2113 .
1546 2105 1553 2113 .
1615 2090 1635 2111 )>

194 2138 304 2173 PROP.
330 2136 361 2172 1.
388 2137 505 2172 Homo
530 2138 579 2172 ad
596 2139 751 2184 perfecte
776 2139 1002 2184 operandum
1026 2140 1163 2184 indiget
1186 2140 1379 2173 virtutibus
1429 2165 1436 2172 .
1487 2163 1494 2172 .
1545 2164 1553 2172 .
1614 2149 1633 2170 »

233 2210 253 2232 γ)
325 2197 357 2233 72.
393 2198 549 2232 Virtutes
573 2199 794 2233 naturaliter
817 2210 893 2233 non
918 2201 1179 2245 acquiruntur,
1206 2201 1281 2233 nisi
1302 2211 1371 2244 per
1394 2199 1638 2244 frequentiam

438 2263 590 2292 actuum
616 2283 1559 2294 .................
1620 2267 1640 2289 )>

234 2330 253 2352 »
326 2317 359 2353 3.
393 2318 516 2352 Virtus
541 2319 690 2352 moralis
715 2320 875 2353 consistit
897 2321 936 2353 in
962 2319 1092 2362 medio,
1118 2331 1181 2354 seu
1207 2321 1244 2353 in
1270 2319 1531 2364 adaequatione
1555 2327 1639 2351 cum

435 2379 564 2423 reyula
588 2381 740 2413 rationis
797 2403 1556 2414 ..............
1618 2389 1638 2410 >>

195 2439 307 2474 PROP.
332 2438 364 2473 4.
398 2439 552 2473 Virtutes
577 2440 780 2474 cardinales
804 2442 842 2474 in
867 2440 1027 2474 moribus
1050 2445 1140 2474 sunt
1162 2445 1343 2485 quatuor:
1369 2439 1528 2473 videlicet
1546 2448 1638 2483 pru-

436 2498 566 2539 dentia,
591 2500 738 2538 iustitia,
765 2501 996 2544 temperantia
1021 2503 1054 2533 et
1077 2499 1251 2544 fortitudo
1256 2523 1495 2533 .....
1550 2524 1557 2532 .
1620 2508 1640 2530 )>

439 2557 534 2598 Quid
558 2557 757 2591 Prudentia
771 2579 814 2583 —
829 2559 924 2600 Quid
950 2558 1091 2592 Iustitia
1106 2577 1150 2584 -
1166 2557 1260 2599 Quid
1286 2556 1476 2591 Fortitudo
1491 2576 1533 2582 —
1549 2555 1643 2598 Quid

436 2616 926 2662 Temperantia—Reductio
951 2618 1107 2652 aliarum
1125 2617 1301 2651 virtutum
1315 2616 1360 2650 ad
1378 2618 1534 2661 quatuor
1552 2626 1621 2649 enu
1633 2634 1644 2639 -

438 2681 593 2711 meratas
619 2702 1558 2712 .................
1620 2687 1639 2708 >>

389 2736 592 2769 Solvuntur
617 2735 845 2781 difficultates
911 2759 1558 2770 ............
1619 2743 1638 2764 >>

177 2793 281 2828 CAP.
313 2792 369 2828 111.
395 2794 449 2828 DE
473 2804 600 2828 NORMA
625 2803 860 2829 OPERATmNis
885 2803 1067 2828 HUMANAE.
1093 2793 1360 2837 Argumentum
1386 2797 1421 2827 et
1438 2791 1594 2837 partitio.
1621 2802 1640 2824 »

179 2854 271 2890 Am.
345 2855 369 2889 Ι.
395 2855 447 2889 De
463 2861 633 2900 conceptu
648 2860 681 2890 et
696 2857 901 2890 exsistentia
920 2856 1006 2900 leyis
1022 2854 1214 2889 naturalis.
1243 2853 1337 2896 Quid
1363 2852 1436 2887 Lex
1450 2873 1492 2878 —
1506 2851 1640 2886 Divisio

443 2912 548 2958 Legis
566 2938 1558 2950 ..................
1617 2922 1637 2945 >>

1653 213 1727 254 371

1686 361 1732 396 58

1665 482 1728 517 ibi.

1682 657 1729 691 59

1682 716 1728 750 6O

1683 773 1726 809 61

1686 832 1732 867 62

1671 950 1734 984 ibi.

1688 1007 1733 1042 63

1663 1126 1725 1160 ibi.

1686 1186 1732 1221 64

1688 1247 1734 1281 65

1669 1305 1731 1339 ibi.

1687 1421 1732 1456 66

1664 1482 1727 1516 ibi.

1685 1541 1730 1577 67

1687 1723 1732 1758 68

1683 1843 1730 1877 72

1662 1901 1725 1935 ibi.

1681 1959 1728 1994 73

1685 2077 1731 2112 74

1682 2135 1728 2170 76

1670 2255 1731 2291 ibi.

1689 2375 1734 2409 77

1671 2495 1736 2530 ibi.

1690 2674 1736 2708 78

1691 2730 1736 2765 81

1692 2790 1736 2824 84

1671 2910 1732 2947 ibi.
