1970 3203
458 214 593 242 CAPUT
622 214 672 240 111.
702 214 755 241 DE
784 214 943 242 soc1AL1
970 212 1156 241 UNlTATE
1186 212 1376 240 GENTIUM
1626 197 1701 238 361

140 289 230 329 fieri
260 302 383 341 posse
413 302 463 328 ac
492 301 566 341 pro
595 288 706 328 civili
726 289 974 329 familiarum
994 288 1206 329 societate.
1230 287 1431 328 Rationes
1452 286 1574 335 enim,
1595 298 1701 339 quae

146 355 366 394 ostendunt
386 353 637 394 dominatum
660 355 844 395 omnium
865 354 1077 394 sociorum
1096 353 1500 406 imperfectissimum
1523 365 1631 401 esse,
1649 358 1702 398 et,

140 419 342 471 praecisis
355 419 838 472 circumstantiis,parum
848 427 1020 459 naturae
1037 424 1477 470 consonum;respectu
1487 417 1702 458 societatis

137 486 439 527 ethnarchicae
461 487 628 528 minime
648 488 799 528 valent.
831 489 948 528 Haeo
969 488 1078 527 enim
1100 487 1298 528 coalescit
1319 486 1567 535 nationibus,
1598 499 1702 539 quae

144 550 266 603 longe
290 551 508 603 pauciores
530 559 625 593 sunt
644 565 816 592 numero
846 557 886 592 et
906 565 932 591 a
950 551 1038 591 suis
1068 552 1297 591 rectoribus
1326 555 1702 603 repraesentantur,

142 617 209 669 qui
230 617 460 669 generatim
483 618 658 658 scientia
678 624 717 658 et
737 611 885 658 virtute
907 617 1079 670 praediti
1109 622 1443 669 praesumuntur.
1476 617 1615 662 Quare
1636 615 1706 654 im-

143 684 380 737 pedimenta
409 698 461 725 ex
481 684 644 724 defectu
666 685 828 726 debitae
849 684 1098 737 cognitionis
1127 691 1198 724 aut
1219 698 1270 724 ex
1292 684 1466 723 tumultu
1502 682 1706 735 cupidita-

142 757 226 789 tum
248 756 288 789 et.
308 750 429 791 turba
448 749 692 790 iudiciorum
724 749 1061 802 discrepantium,
1092 750 1133 788 in
1155 763 1206 789 ea
1227 749 1430 789 societate
1452 747 1622 788 minime
1652 747 1704 787 ti-

140 813 291 853 menda
310 820 418 853 sunt.
440 815 503 853 Ex
518 814 601 853 alia
621 827 720 854 vero
741 820 857 866 parte
875 819 1202 854 consentaneum
1218 813 1340 853 valde
1361 812 1533 860 videtur,
1550 818 1593 851 ut
1613 825 1704 851 cum

143 891 289 918 omnes
317 878 511 918 nationes
541 878 649 919 idem
670 879 735 918 ius
756 892 900 918 secum
920 877 1055 918 ferant
1083 878 1125 917 in
1147 877 1347 918 societate
1377 877 1458 916 hac
1479 875 1705 916 universali

143 944 415 993 efformanda;
445 944 552 984 idem
583 944 647 984 ius
668 933 872 985 retineant
891 944 932 983 in
957 949 1160 997 potestate
1182 943 1470 984 communibus
1500 942 1703 983 delibera—

145 1007 325 1047 tionibus
346 1008 591 1047 exercenda.

194 1074 257 1113 36.
285 1073 452 1125 Triplex
470 1077 671 1125 potestas.
694 1076 751 1115 Ut
770 1075 970 1128 cuiusque
990 1074 1250 1116 auctoritatis
1266 1075 1378 1115 notio
1395 1075 1483 1124 fert,
1501 1074 1562 1114 sic
1579 1074 1704 1115 etiam

142 1138 371 1180 auctoritas
387 1139 720 1179 internationalis
740 1140 889 1192 triplici
919 1141 990 1180 illa
1009 1146 1226 1193 potestate,
1251 1141 1505 1192 leyz'slatz'va,
1538 1155 1703 1181 exseca-

143 1203 227 1243 tiva
249 1208 290 1243 et
311 1203 556 1252 iudiciaria,
581 1203 786 1244 instructa
807 1217 902 1244 esse
923 1204 1102 1252 deberet,
1135 1219 1228 1244 cum
1251 1204 1401 1245 ceteris
1423 1204 1707 1246 functionibus

142 1282 247 1322 quae
266 1269 361 1309 inde
383 1269 609 1309 dimanant.
641 1270 778 1315 Quare
799 1270 888 1310 eius
909 1270 1087 1322 partium
1108 1269 1213 1310 foret
1231 1271 1348 1323 leges
1369 1271 1548 1311 condere
1569 1272 1705 1323 quoad

142 1342 307 1375 mutuos
338 1335 552 1375 nationum
586 1342 801 1388 respectus
831 1336 1097 1385 ordinandos,
1133 1349 1358 1389 earumque
1394 1337 1705 1377 exsecutionem

143 1412 378 1452 procurare,
399 1405 521 1451 atque
542 1399 853 1440 controversias
875 1400 1060 1453 gentium
1090 1413 1267 1441 noscere
1287 1414 1337 1442 ac
1360 1401 1561 1442 dirimere.
1587 1402 1710 1441 Exin-

144 1465 194 1504 de
215 1478 324 1514 vero,
347 1465 452 1505 inter
471 1465 554 1505 alia
574 1466 715 1514 multa,
738 1466 816 1506 tria
837 1467 1117 1507 emolumenta
1136 1467 1319 1508 maxime
1340 1474 1707 1521 consequerentur.

144 1529 340 1578 Primum,
362 1536 404 1569 ut
420 1530 554 1569 codex
570 1530 718 1582 aliquis
739 1530 1071 1571 internationalis
1101 1538 1358 1584 exsurgeret,
1381 1545 1460 1584 quo
1481 1545 1564 1572 non
1586 1532 1710 1572 modo

144 1595 209 1635 ius
229 1595 411 1647 gentium
434 1596 622 1636 naturale
644 1595 779 1648 magis
801 1598 1120 1637 confirmaretur
1140 1603 1180 1637 et
1201 1598 1464 1647 claresceret,
1486 1599 1560 1638 sed
1581 1598 1705 1637 etiam

144 1659 209 1699 ius
229 1659 414 1711 gentium
436 1659 657 1712 positivum
679 1660 1033 1710 determinatione,
1056 1662 1301 1703 certitudine
1323 1669 1363 1703 et
1384 1662 1622 1702 constantia
1643 1663 1708 1702 do-

144 1729 326 1763 naretur.
357 1723 528 1772 Deinde,
550 1729 593 1764 ut
610 1724 718 1764 bella
738 1725 843 1766 inter
863 1725 1053 1766 diversas
1073 1726 1265 1767 nationes
1286 1732 1502 1767 cessarent
1523 1727 1704 1775 omnino;

150 1803 245 1829 cum
260 1789 446 1841 gentium
464 1789 708 1840 discordiae,
729 1805 836 1844 quae
852 1791 955 1832 forte
971 1792 1212 1841 inciderent,
1234 1793 1286 1833 ab
1302 1793 1612 1834 internationali
1628 1807 1707 1833 au-

146 1855 335 1896 ctoritate
357 1855 680 1896 diiudicarentur
713 1863 753 1897 et
786 1864 1154 1910 componerentur,
1193 1872 1272 1898 neo
1303 1858 1387 1899 fere
1417 1859 1500 1898 alia
1528 1858 1707 1899 bellandi

145 1935 276 1963 causa
296 1928 549 1974 superesset,
568 1922 647 1962 nisi
671 1922 828 1963 crimen
849 1923 1027 1964 fortasse
1045 1925 1261 1964 cuiusdam
1283 1924 1462 1965 nationis
1484 1924 1708 1977 peculiaris

144 1987 409 2040 puniendum,
430 2001 536 2041 quae
556 1988 706 2028 iudicio
728 1990 945 2041 potestatis
964 1990 1295 2030 internationalis
1317 1991 1445 2031 armis
1475 1991 1707 2032 obsisteret.

147 2055 237 2101 Quo
258 2061 408 2094 evento
423 2054 573 2093 bellum
593 2068 677 2094 non
693 2055 818 2095 aliam
834 2055 1045 2097 notionem
1064 2056 1305 2106 includeret,
1319 2057 1398 2096 nisi
1414 2070 1586 2110 poenae,
1607 2071 1712 2110 quae

146 2119 313 2159 nocenti
334 2132 359 2158 a
379 2118 545 2170 publica
565 2119 814 2160 auctoritate
835 2120 1059 2173 infligatur.
1082 2121 1269 2160 Tandem
1291 2121 1585 2162 rebellionibus
1605 2136 1712 2162 ansa

146 2182 231 2223 sere
251 2183 366 2223 nulla
384 2183 695 2236 relinqueretur,
707 2185 857 2237 quippe
876 2198 1116 2237 supremum
1136 2185 1218 2226 hoc
1239 2186 1416 2226 tribunal
1436 2186 1569 2238 litigia
1589 2186 1712 2226 etiam

150 2249 405 2298 diiudicaret,
428 2263 533 2302 quae
553 2250 657 2291 forte
677 2251 941 2304 insurgerent
969 2253 1077 2292 inter
1096 2266 1314 2305 supremos
1342 2253 1644 2306 gubernatores
1674 2259 1714 2293 et

148 2314 383 2366 peculiares
404 2315 590 2367 populos.

201 2381 261 2421 37.
296 2381 404 2429 Quae
425 2380 517 2421 iura
537 2384 579 2421 et
601 2381 749 2422 officia.
773 2381 971 2435 Denique,
993 2395 1045 2422 ne
1063 2382 1183 2435 plura
1203 2382 1536 2431 consecter,iura
1553 2383 1715 2423 ethnar-

147 2445 267 2485 chiae
288 2450 326 2485 et
338 2445 478 2485 officia
492 2445 707 2486 nationum
723 2447 944 2496 sociarum,
959 2447 1093 2487 eidem
1104 2447 1413 2500 respondentia,
1426 2461 1478 2488 ex
1494 2450 1576 2489 fine
1593 2448 1718 2488 dime-

146 2509 285 2548 tienda
305 2516 400 2548 sunt
421 2509 634 2549 societatis
655 2510 1004 2559 internationalis,
1025 2524 1156 2564 eaque
1179 2511 1391 2563 sigillatim
1415 2511 1584 2552 definire
1601 2525 1716 2565 prae-

149 2573 327 2614 sentium
344 2575 643 2615 elementorum
659 2575 811 2615 limites
832 2575 1007 2615 excedit.
1039 2576 1096 2616 Ut
1116 2575 1272 2628 aliquid
1291 2582 1431 2616 tamen
1451 2575 1629 2616 breviter
1651 2576 1717 2615 in-

147 2651 274 2677 nuam
294 2639 419 2680 finem
436 2639 647 2692 imponam
669 2639 808 2680 verbis
830 2639 1066 2692 Taparellii,
1084 2653 1188 2692 quae
1208 2640 1336 2680 latine
1351 2641 1411 2681 sic
1428 2647 1592 2681 sonant:
1612 2640 1715 2680 Obe-

148 2703 304 2744 dientia
324 2705 621 2745 ethanarchica
641 2705 777 2745 minus
799 2712 931 2758 urget,
953 2719 1077 2758 quam
1095 2706 1330 2746 obedientia
1349 2706 1494 2755 civilis,
1515 2713 1600 2745 tum
1618 2705 1714 2758 quia

150 2782 302 2809 munus
318 2771 587 2824 magistratus
604 2770 863 2811 ethnarchici
880 2784 925 2811 se
942 2771 1125 2811 extendit
1140 2772 1193 2811 ad
1204 2784 1351 2823 pauca,
1366 2785 1459 2811 cum
1479 2784 1616 2823 pauca
1630 2770 1714 2810 sint

151 2842 306 2887 puncta
325 2843 544 2879 contactus
564 2838 670 2878 inter
688 2837 880 2878 nationes
896 2837 1172 2887 consociatas;
1195 2845 1281 2879 tum
1302 2838 1397 2891 quia
1417 2838 1478 2878 sic
1500 2837 1575 2877 fert
1596 2844 1709 2877 natu-

153 2913 202 2939 ra
217 2902 455 2942 earumdem
466 2902 692 2952 nationum,
705 2910 873 2955 propter
887 2902 1070 2943 nativam
1085 2901 1590 2955 independentiam,quam
1603 2900 1716 2940 amit-
