1970 3203
434 236 568 262 CAPUT
596 235 645 261 111.
675 234 728 260 DE
756 233 901 261 NORMA
931 231 1206 260 OPERATIONIS
1234 230 1440 257 HUMANAE
1643 218 1719 258 105

157 314 352 355 fundatur
381 325 507 364 supra
536 311 698 352 ratione
727 313 836 360 boni,
867 324 973 364 quae
1003 315 1079 350 est:
1108 311 1282 349 Bonum
1311 312 1392 357 est,
1423 310 1539 362 quod
1576 309 1722 349 omnia

157 381 375 432 appetunt.
406 378 500 417 Hoc
522 384 588 418 est
606 390 707 430 ergo
729 378 905 429 primum
927 382 1194 429 praeceptum
1216 375 1334 428 legis,
1356 376 1466 426 quod
1489 375 1643 415 bonum
1664 381 1728 415 est

156 442 407 492 faciendum,
430 449 469 483 et
489 444 835 496 prosequendum,
856 449 896 483 et
916 442 1071 482 malum
1088 441 1316 480 vitandum.
1334 441 1387 480 Et
1403 452 1529 492 super
1544 440 1625 479 hoc
1641 440 1727 479 sun-

159 509 311 549 dantur
327 508 469 548 omnia
488 508 572 548 alia
591 514 816 561 praecepta
835 508 943 560 legis
962 513 1151 555 naturae,
1173 513 1216 547 ut
1239 507 1400 548 scilicet
1420 508 1563 547 omnia
1585 506 1657 546 illa
1673 506 1729 545 sa-

160 574 311 614 cienda
329 574 565 626 pertineant
585 574 638 612 ad
667 580 892 626 praecepta
921 572 1028 624 legis
1056 579 1246 619 naturae,
1267 586 1373 624 quae
1402 571 1508 612 ratio
1537 571 1724 624 practica

156 638 432 691 apprehendit
452 651 546 678 esse
565 638 676 678 bona
696 638 881 677 humana
902 638 975 689 (1).
999 653 1018 675 »

205 702 270 740 Ex
286 701 497 753 praedicto
515 701 716 754 principio
734 702 887 753 optime
904 700 1081 741 sumitur
1098 713 1245 740 norma
1261 700 1313 739 ad
1326 700 1623 752 praestantiam
1635 699 1717 739 sin—

117 773 121 777 '
153 768 345 818 gulorum
367 768 598 807 officiorum
610 767 916 815 dimetiendam,
933 772 973 806 et
988 766 1291 806 nobilissimum
1308 765 1504 805 motivum
1524 765 1724 817 operandi

155 830 454 883 suppeditatur.
473 831 578 869 Nam
597 830 750 870 bonum
765 831 993 869 humanum
1009 829 1051 868 in
1068 829 1213 869 ordine
1228 828 1488 880 potissimum
1506 828 1628 866 situm
1646 833 1723 876 est;

158 895 360 948 siquidem
389 896 514 934 homo
544 894 706 935 ratione
736 893 1011 940 constituitur,
1033 892 1184 932 rationi
1205 900 1344 932 autem
1365 891 1467 931 ordo
1487 891 1724 942 respondet.

159 959 270 999 Hinc
292 972 344 999 ex
364 958 549 1009 generali
571 965 807 1010 praecepto:
828 958 1002 996 Bonam
1022 960 1084 996 est
1093 955 1454 1008 prosequendum,
1472 954 1611 993 statim
1628 967 1725 993 con-

159 1021 357 1074 sequitur,
377 1032 422 1060 ut
442 1025 628 1061 naturae
657 1022 762 1060 ordo
782 1024 988 1061 ser-vetar.
1011 1021 1128 1067 Quae
1147 1019 1272 1071 igitur
1294 1019 1434 1059 officia
1449 1032 1502 1058 ex
1518 1018 1726 1058 nobiliori-

160 1087 238 1127 bus
259 1088 531 1128 relationibus
551 1095 796 1140 exsurgunt,
819 1101 869 1127 ac
891 1087 1062 1140 proinde
1083 1087 1292 1127 excellunt
1313 1087 1355 1125 in
1385 1086 1541 1134 ordine;
1563 1099 1614 1125 ea
1635 1084 1722 1125 iure

158 1151 387 1204 meritoque
407 1152 569 1203 potiora
589 1152 822 1192 iudicantur
843 1159 881 1191 et
903 1150 1052 1190 ceteris
1073 1151 1379 1202 anteponenda.
1411 1151 1593 1201 Itemque
1624 1163 1719 1189 cum

156 1217 271 1266 ordo,
292 1231 447 1257 nexum
469 1218 511 1257 in
532 1218 684 1258 finibus
705 1224 746 1258 et
763 1218 1052 1258 reductionem
1073 1217 1196 1256 unius
1216 1217 1269 1256 ad
1291 1217 1467 1256 alterum
1485 1215 1720 1268 patefaciat;

155 1282 237 1321 hoc
258 1283 384 1322 habet
404 1284 626 1336 proprium,
648 1290 703 1332 ut,
725 1283 1071 1335 quemadmodum
1102 1282 1279 1322 ostendit
1298 1281 1497 1321 mundum
1519 1280 1724 1320 visibilem

157 1345 212 1384 ad
231 1347 456 1394 hominem,
479 1355 519 1387 et
537 1347 579 1386 in
599 1347 767 1387 homine
788 1347 878 1398 ipso
908 1359 1059 1397 corpus
1089 1346 1141 1385 ad
1169 1346 1352 1385 animum
1383 1344 1578 1392 ordinari,
1599 1350 1725 1396 atque

158 1411 282 1450 huius
299 1411 520 1451 facultates
536 1411 752 1451 inferiores
770 1411 823 1450 ad
838 1423 1089 1463 supremam,
1108 1423 1270 1450 summo
1283 1410 1392 1449 bono
1409 1409 1719 1460 perficiendam;

163 1477 224 1516 sic
247 1477 373 1516 etiam
389 1483 591 1517 monstret
605 1476 766 1528 apicem
784 1483 823 1515 et
838 1476 1056 1516 terminum
1074 1476 1259 1514 ultimum
1276 1475 1401 1514 huius
1419 1473 1540 1513 seriei
1556 1472 1723 1513 nonnisi

163 1542 204 1580 in
229 1541 371 1581 divina
391 1541 526 1592 gloria
545 1541 728 1594 reperiri.
758 1541 1037 1587 Quamobrem
1067 1541 1226 1580 homini
1246 1540 1467 1592 persuadet
1488 1546 1533 1580 ut
1553 1539 1587 1578 si
1608 1552 1725 1590 prae-

158 1606 421 1646 stantissima
449 1607 610 1646 ratione
640 1606 802 1658 operari
834 1607 942 1654 velit,
966 1619 1205 1659 supremum
1226 1606 1307 1645 hoc
1328 1605 1526 1645 motivum
1549 1610 1721 1656 spectet,

155 1673 264 1725 quod
275 1686 375 1724 prae
387 1672 580 1712 omnibus
596 1671 896 1712 nobilissimum
915 1678 1032 1712 estet
1048 1686 1141 1711 cum
1159 1672 1344 1711 maxima
1361 1672 1450 1710 eius
1466 1669 1722 1722 perfectione

155 1735 371 1776 sociatum.
395 1735 440 1774 Id
461 1736 570 1775 enim
591 1735 724 1787 ipsum
747 1736 854 1787 quod
874 1748 1114 1786 supremum
1145 1735 1297 1774 bonum
1318 1733 1499 1773 hominis
1521 1733 1723 1779 continet,

155 1801 320 1854 adeptio
342 1801 535 1840 nimirum
555 1800 688 1841 ultimi
704 1801 813 1848 finis,
830 1801 1015 1840 continet
1032 1800 1157 1840 etiam
1171 1806 1403 1839 extremum
1419 1799 1532 1838 illum
1546 1798 1722 1850 gradum

157 1864 324 1904 divinae
343 1863 513 1916 gloriae,
535 1863 604 1916 qui
624 1864 676 1903 ab
698 1864 865 1905 homine
886 1864 1100 1917 procurari
1121 1870 1270 1916 potest.

663 2061 906 2101 Solvuntur·
933 2061 1207 2114 difficultates

208 2189 298 2230 108.
333 2187 462 2228 Obiic.
492 2189 523 2228 I.
554 2189 618 2228 Ita
639 2201 684 2228 se
706 2188 859 2228 habent
879 2194 1104 2240 praecepta
1123 2186 1229 2240 legis
1249 2187 1452 2227 naturalis
1472 2186 1513 2225 in
1535 2187 1717 2235 homine,

156 2255 293 2306 quoad
311 2253 485 2306 praxim,
498 2252 606 2293 sicut
616 2266 662 2292 se
679 2253 835 2292 habent
850 2253 1053 2304 principia
1067 2252 1479 2304 speculativa,quoad
1492 2252 1723 2292 scientiam.

157 2318 282 2370 Atqui
304 2318 345 2356 in
366 2318 431 2356 his
447 2318 567 2368 plura
582 2324 678 2356 sunt
696 2316 827 2369 prima
843 2316 1059 2368 principia.
1076 2317 1187 2367 Ergo
1199 2316 1322 2356 etiam
1339 2315 1381 2354 in
1397 2315 1477 2354 illis
1494 2316 1614 2366 plura
1631 2328 1725 2356 esse

161 2381 312 2421 debent
333 2380 468 2432 prima
487 2388 723 2432 praecepta.

210 2447 259 2484 R.
287 2445 409 2484 Cone.
432 2445 531 2483 mai.
554 2450 594 2483 et
608 2445 703 2483 dz‘sz‘.
723 2444 828 2483 min:
846 2445 975 2483 Plura
996 2450 1094 2483 sunt
1113 2443 1246 2495 prima
1262 2443 1479 2494 principia,
1495 2443 1603 2483 idest
1621 2444 1728 2496 prin-

156 2509 268 2560 cipia
283 2521 357 2561 per
369 2521 415 2547 se
427 2514 540 2556 nota,
558 2521 675 2554 eonc;
691 2507 797 2546 idest
812 2507 1018 2558 principia
1032 2519 1116 2545 non
1132 2505 1386 2545 revocabilia
1397 2506 1450 2545 ad
1461 2506 1588 2554 aliud,
1608 2520 1726 2559 nego.

157 2575 269 2614 Dist.
290 2574 445 2626 pariter
468 2585 744 2626 consequens:
767 2572 894 2610 Plura
910 2584 1004 2611 esse
1026 2571 1176 2610 debent
1196 2570 1330 2622 prima
1359 2577 1598 2623 praecepta,
1620 2572 1727 2611 idest

156 2652 263 2692 quae
282 2639 522 2694 immediate
536 2651 581 2678 se
596 2638 821 2678 intellectui
838 2637 1104 2689 patefaciant,
1122 2649 1234 2684 conc;
1252 2636 1359 2676 idest
1374 2650 1482 2688 quae
1498 2638 1551 2676 ad
1567 2638 1724 2676 nullum

157 2704 270 2744 aliud
290 2704 574 2745 universalius
595 2717 646 2743 ac
668 2702 898 2754 simplicius
919 2709 1185 2754 praeceptum
1206 2702 1470 2750 reducantur,
1497 2716 1615 2754 nego.

215 2770 494 2822 Comparatio,
507 2771 560 2810 ad
572 2783 694 2823 quam
707 2767 883 2808 recurrit
895 2767 1084 2816 obiectio,
1101 2767 1222 2807 nobis
1234 2781 1318 2807 non
1332 2768 1448 2808 obest
1459 2768 1532 2807 sed
1544 2768 1723 2820 prodest.

145 2938 147 2941 ,
204 2908 254 2949 (1)
279 2909 434 2942 Summa
457 2909 506 2943 th.
530 2911 576 2942 La
597 2911 652 2943 22³
667 2920 699 2951 q.
723 2911 847 2949 XCIV,
870 2920 898 2942 a.
922 2911 939 2942 2
