1970 3203
581 256 717 282 CAPUT
746 256 784 281 11.
812 256 864 282 DE
895 255 1121 284 socOETATE
1151 257 1269 283 civim
1634 246 1710 287 287

136 335 328 384 pateant,
360 335 445 369 tum
476 344 528 370 ex
556 336 672 382 parte
700 331 795 370 finis
825 331 892 383 qui
922 336 984 370 est
1013 331 1111 370 ordo
1141 331 1323 371 iustitiae
1345 363 1353 379 ,
1386 336 1471 370 tum
1502 345 1555 371 ex
1585 337 1709 384 parte

137 409 292 437 causae
321 409 424 449 quae
459 401 522 435 est
555 395 720 448 publica
750 401 934 448 potestas
955 427 964 443 ,
1013 402 1097 434 tum
1134 396 1297 435 demum
1331 409 1383 436 ex
1417 404 1533 448 parte
1569 399 1710 447 modi,

134 467 299 514 propter
329 461 634 501 solemnitatem
665 460 823 500 funerei
854 468 1090 513 apparatur,
1124 474 1202 513 quo
1230 462 1452 513 peragitur.
1486 463 1606 504 Unde
1637 464 1706 503 in-

136 532 295 566 tuentes
324 538 406 564 non
438 526 491 564 ad
521 524 713 564 delictum
744 525 882 573 allicit,
914 524 988 564 sed
1017 539 1041 564 a
1073 526 1220 565 delicto
1251 534 1413 574 avocat,
1436 541 1531 566 cum
1560 528 1701 580 ipsum

135 588 394 641 conspiciant
426 595 539 627 tanta
569 587 748 640 pernicie
778 589 1032 629 comitatum.

186 655 371 707 Denique
390 655 532 694 ultima
549 654 772 694 difficultas
795 654 1082 707 quaestionem
1099 654 1142 692 in
1160 655 1302 706 primis
1320 656 1456 695 eludit.
1476 658 1570 697 Non
1591 658 1703 697 enim

139 722 188 761 de
218 721 376 760 maiore
408 720 581 761 utilitate
612 734 665 760 ex
695 720 942 761 nocentibus
974 720 1188 771 capienda,
1221 721 1293 760 sed
1324 722 1373 761 de
1404 723 1546 764 ordine
1576 724 1697 765 iusti-

135 786 219 826 tiae
247 786 384 838 agitur
405 793 445 825 et
472 785 560 825 iure
581 786 757 825 tuendae
788 785 1013 825 societatis.
1038 785 1198 825 Deinde
1230 786 1392 826 etiamsi
1424 788 1581 828 utilitas
1602 802 1700 841 spe-

135 852 239 891 ctari
269 852 379 899 velit,
402 856 513 891 certe
535 851 857 891 emolumentum
878 850 1069 903 publicae
1089 851 1329 891 securitatis
1358 857 1397 892 et
1426 853 1701 906 redintegrati

135 914 304 962 ordinis,
335 914 481 967 quavis
515 914 597 953 alia
626 914 831 955 materiali
860 914 1033 953 utilitate
1063 916 1344 966 praestantius
1374 923 1448 956 est.

182 982 246 1021 95.
276 979 565 1031 Respondetur
595 979 897 1020 obiectionibus
927 980 1101 1020 Ahrens.
1130 980 1329 1032 Sophista
1350 981 1418 1020 hic
1439 981 1518 1020 tria
1547 982 1703 1022 obiicit.

133 1046 163 1083 I.
195 1043 421 1083 Hominem
450 1043 685 1083 interimere
720 1044 874 1083 malum
911 1056 1016 1084 esse.
1059 1044 1099 1082 Si
1146 1057 1245 1096 ergo
1275 1044 1511 1085 auctoritati
1556 1045 1700 1086 liceret

135 1116 311 1149 mortem
340 1107 497 1146 homini
527 1107 728 1159 infligere,
750 1113 917 1160 propter
945 1114 1150 1159 patratum
1172 1108 1390 1160 flagitium;
1419 1109 1700 1150 stabilendum

132 1181 243 1214 esset
271 1174 350 1213 hoc
381 1173 639 1226 principium:
658 1174 948 1213 Licetmalum
977 1173 1128 1220 facere,
1151 1175 1246 1226 quia
1274 1176 1379 1215 alter
1409 1177 1564 1215 malum
1586 1175 1700 1216 fecit.

130 1240 181 1278 ΙΙ.
211 1239 373 1286 Homo,
405 1251 497 1277 cum
527 1250 707 1289 persona
736 1238 788 1277 sit
819 1244 858 1277 et
888 1237 982 1276 finis
1011 1238 1052 1276 in
1084 1238 1237 1276 mundo
1256 1270 1264 1285 ‚
1297 1251 1507 1290 nunquam
1536 1239 1580 1277 in
1610 1253 1700 1280 rem

129 1309 168 1343 et
195 1302 373 1342 medium
404 1302 590 1342 converti
619 1309 765 1354 potest.
798 1302 844 1341 Id
864 1310 1000 1342 autem
1032 1302 1129 1342 facit
1160 1315 1294 1354 poena
1323 1303 1489 1354 capitis.
1520 1304 1628 1342 Nam
1649 1304 1705 1344 ad

130 1372 332 1406 terrorem
363 1366 454 1405 aliis
483 1366 780 1415 incutiendum,
809 1366 967 1406 homini
990 1367 1116 1405 vitam
1147 1368 1300 1406 adimit.
1334 1368 1406 1406 ΙΙΙ.
1430 1369 1500 1406 Ius
1532 1368 1704 1409 vivendi

131 1447 156 1472 a
186 1438 338 1473 natura
357 1432 555 1484 procedit.
579 1433 691 1484 Ergo
722 1432 852 1472 amitti
874 1433 1215 1484 nequit,*propter
1244 1433 1452 1473 actionem
1475 1440 1703 1487 utcumque

131 1512 317 1551 pravam.

183 1563 513 1616 Respondemus,
545 1564 698 1602 malum
729 1576 821 1603 esse
851 1563 1060 1603 hominem
1082 1563 1319 1603 interimere
1348 1564 1598 1604 auctoritate
1626 1564 1704 1616 pri-

129 1632 254 1674 vata,
287 1632 461 1678 excepto
492 1639 594 1666 casu
622 1626 756 1666 iustae
786 1626 1040 1667 defensionis
1060 1659 1069 1675 ,
1100 1641 1184 1666 non
1214 1641 1312 1667 vero
1343 1627 1592 1668 auctoritate
1623 1642 1704 1680 pu-

132 1691 252 1730 blica.
284 1692 416 1730 Secus
445 1691 555 1730 bella
585 1691 709 1730 etiam
737 1691 887 1731 rationi
918 1700 1212 1744 repugnarent,
1244 1692 1352 1744 quod
1389 1698 1499 1731 certe
1531 1694 1705 1733 Ahrens

130 1767 215 1793 non
244 1754 481 1794 assentitur.
513 1755 705 1795 Iamvero
726 1769 862 1807 poena
892 1756 1038 1808 capitis
1069 1755 1119 1795 ab
1143 1757 1390 1796 auctoritate
1421 1757 1567 1797 sociali
1598 1757 1702 1796 infli-

129 1817 250 1869 gitur;
282 1831 331 1857 ac
352 1817 522 1869 proinde
553 1819 779 1859 absurdum
801 1820 898 1859 illud
920 1821 1087 1860 minime
1110 1821 1304 1873 sequitur.
1326 1821 1390 1860 Ad
1411 1822 1587 1862 alterum
1604 1821 1695 1861 dico

128 1887 350 1922 nocentem
380 1882 515 1934 potius
545 1895 590 1922 se
621 1883 822 1935 dignitate
852 1896 930 1923 sua
958 1884 1166 1936 personali
1197 1884 1400 1935 spoliare,
1433 1898 1538 1931 curn,
1571 1885 1698 1925 obse-

128 1949 317 1988 cundans
348 1949 670 2001 cupiditatibus,
711 1963 757 1990 se
792 1950 940 1991 belluis
971 1951 1185 1991 assimilet.
1227 1950 1265 1989 S.
1301 1952 1486 1990 Thomas
1523 1951 1700 1990 eandem

129 2015 415 2055 difficultatem
460 2015 535 2054 sibi
575 2029 836 2068 proponens:
884 2016 1085 2056 Occidere
1133 2017 1345 2056 hominem
1390 2017 1621 2056 secundum
1664 2029 1707 2056 se

129 2083 291 2121 malum
323 2085 392 2129 est,
426 2082 487 2120 sic
508 2082 730 2133 respondet
754 2096 761 2123 :
807 2098 826 2120 «
858 2083 1054 2129 Quamvis
1083 2084 1294 2123 hominem
1323 2084 1365 2123 in
1394 2097 1471 2123 sua
1501 2083 1701 2136 dignitate

130 2150 371 2184 manentem
403 2145 619 2193 occidere,
663 2146 714 2185 sit
744 2147 973 2186 secundum
1003 2159 1047 2187 se
1087 2148 1263 2195 malum;
1309 2154 1448 2187 tamen
1487 2146 1701 2187 hominem

128 2216 393 2261 peccatorem
423 2211 614 2250 occidere
644 2216 781 2262 potest
810 2223 904 2250 esse
940 2211 1103 2259 bonum,
1138 2211 1246 2252 sicut
1280 2211 1472 2252 occidere
1512 2209 1708 2250 bestiam.

129 2275 254 2315 Peior
282 2276 390 2315 enim
421 2282 483 2316 est
512 2276 647 2315 malus
677 2277 827 2325 homo,
872 2290 994 2329 quam
1026 2277 1185 2325 bestia,
1222 2282 1261 2316 et
1295 2278 1387 2329 plus
1417 2281 1540 2316 nocet
1570 2276 1647 2327 (1).
1683 2290 1703 2313 »

129 2339 286 2379 Postea
313 2339 534 2391 subiungit,
566 2339 607 2378 id
636 2340 801 2380 nonnisi
831 2341 1020 2392 publicae
1042 2341 1275 2380 auctoritati
1305 2341 1452 2388 licere,
1486 2339 1551 2378 cui
1582 2352 1707 2379 com-

128 2404 261 2443 missa
291 2410 354 2443 est
384 2416 484 2442 cura
514 2403 699 2455 eorporis
729 2404 923 2453 socialis,
954 2405 1060 2444 sicut
1089 2404 1329 2456 praecidere
1360 2404 1591 2443 membrum
1621 2416 1709 2455 pu-

127 2467 278 2506 tridum
317 2467 492 2519 pertinet
530 2467 582 2505 ad
610 2467 845 2516 medicum,
892 2469 957 2508 cui
994 2468 1219 2508 commissa
1259 2474 1321 2507 est
1366 2480 1468 2507 cura
1511 2466 1709 2519 corporis

126 2534 291 2586 physici
312 2536 387 2587 (Ξ).
411 2534 504 2582 Sed,
534 2541 578 2574 ut
607 2534 760 2574 directe
789 2536 1080 2587 respondeam,
1115 2548 1223 2587 nego
1259 2547 1431 2587 prorsus
1460 2533 1704 2574 conversio-

123 2611 220 2638 nem
249 2599 364 2638 illam
396 2598 493 2638 finis
521 2598 563 2636 in
593 2598 785 2647 medium,
815 2613 938 2651 quam
960 2599 1098 2640 obiicit
1120 2598 1402 2639 adversarius.
1422 2599 1530 2638 Nam
1559 2610 1702 2651 poena

128 2663 276 2715 capitis
306 2678 389 2704 non
420 2664 529 2703 aliud
558 2663 686 2712 facit,
714 2664 794 2704 nisi
823 2666 931 2718 quod
961 2665 1086 2705 vitam
1118 2665 1388 2718 temporalem
1417 2665 1598 2704 hominis
1628 2664 1696 2702 in-

128 2726 280 2766 dividui
297 2728 350 2766 ad
366 2728 554 2767 ordinem
572 2727 752 2768 iustitiae
773 2735 813 2769 et
830 2729 1008 2770 salutem
1029 2729 1236 2782 publicam
1258 2729 1509 2770 servandam
1530 2727 1698 2779 dirigat.

175 2852 224 2892 (1)
250 2852 405 2886 Summa
422 2854 468 2886 th.
485 2855 525 2886 2.·
542 2855 597 2887 2.“
616 2864 647 2896 q.
665 2856 788 2894 LXIV,
806 2860 870 2890 art.
886 2858 904 2890 2
924 2858 970 2891 ad
987 2859 1013 2891 3.

170 2906 221 2945 (2)
249 2906 310 2945 Ibi,
333 2911 398 2940 art.
421 2911 446 2941 3.
