1970 3203
412 227 549 256 CAPUT
578 228 631 253 111.
661 227 714 253 DE
743 225 891 252 NORMA
921 223 1196 251 OPERATIONIS
1226 222 1433 249 HUMANAE
1636 208 1715 249 107

185 307 252 348 Ad
272 306 461 357 singulas
481 310 620 344 autem
636 302 862 355 opiniones,
880 315 986 355 quae
1002 302 1153 341 allatae
1169 305 1276 348 sunt,
1294 311 1449 351 repono
1467 311 1612 337 earum
1630 297 1706 337 sal-

134 371 298 411 sitatem
310 369 432 408 facile
451 367 847 407 demonstrari.Nam
860 364 1348 406 effatumHobbesianum
1360 376 1443 402 non
1452 362 1574 402 modo
1588 367 1705 401 caret

130 434 462 490 proprietatibus,
474 433 622 486 quibus
641 431 832 484 insigniri
855 431 975 471 debet
995 431 1170 482 primum
1192 429 1436 482 principium
1458 427 1565 480 legis
1587 433 1703 466 natu-

131 501 242 549 ralis,
259 500 334 540 sed
350 499 487 547 etiam,
504 498 566 538 sic
583 497 755 537 confuse
771 496 1040 549 propositum,
1060 496 1113 535 ad
1129 508 1267 535 mores
1284 493 1574 534 informandos
1590 493 1703 532 nullo

129 564 251 604 modo
266 564 389 611 valet,
403 576 497 602 cum
513 575 644 614 aeque
660 561 713 600 ad
724 561 944 600 honestum
961 566 1001 599 et
1014 566 1129 610 turpe
1140 559 1250 598 flecti
1266 558 1411 610 possit,
1425 557 1547 597 modo
1560 563 1715 596 utrum-

131 643 209 683 que
235 630 289 669 ad
309 642 457 681 pacem
486 628 553 667 vel
579 628 730 667 bellum
760 626 959 666 conferat.
980 626 1103 665 quta
1130 637 1229 663 vero
1260 624 1451 676 regulam
1469 623 1707 671 Thomasii‚

130 693 259 733 multa
274 691 455 731 hominis
472 690 612 730 officia
626 688 1038 741 laberentur,qu0ties
1050 701 1123 740 pro
1134 687 1184 727 iis
1196 687 1447 740 pauperiem,
1467 699 1708 734 aerumnas,

132 758 240 806 odia,
259 763 657 805 tormenta,mortem
673 755 809 808 ipsam
825 755 963 794 subire
974 759 1194 806 oporteret.
1209 753 1396 805 Denique
1410 752 1540 792 Grotii
1557 760 1596 792 et
1615 752 1709 791 Puf-

133 822 323 864 fendorfii
352 821 600 875 principium
625 822 766 874 nequit
794 833 888 860 esse
909 820 1085 872 primum
1106 826 1284 858 naturae
1306 824 1587 870 praeceptum,
1610 831 1705 856 cum

137 889 303 929 aliunde
318 889 496 940 pendeat
510 901 588 927 nec
601 887 654 926 ad
667 887 806 926 omnia
818 886 1089 938 protendatur
1099 885 1318 924 officiaEa
1328 884 1451 932 enim,
1464 897 1570 936 quae
1584 884 1708 922 homo

135 965 239 1004 erga
254 951 438 1004 seipsum
454 965 503 990 ac
520 950 781 1003 potissimum
798 963 900 1002 erga
917 951 1049 990 Deum
1067 956 1282 1002 praestare
1298 954 1471 996 tenetur,
1485 947 1707 987 manifeste

134 1029 218 1056 non
239 1016 439 1064 eontinet;
461 1029 568 1068 quae
587 1015 766 1068 quidem,
789 1021 831 1054 ut
850 1015 926 1055 rite
946 1013 1125 1054 advertit
1145 1012 1413 1059 Heineccius,
1429 1013 1566 1051 locum
1584 1011 1713 1050 habe-

134 1087 236 1129 rent,
249 1080 413 1122 etiamsi
430 1082 554 1120 homo
572 1081 687 1120 solus
703 1086 743 1119 et
759 1087 878 1119 extra
891 1092 1056 1118 omnem
1072 1080 1317 1118 societatem
1333 1078 1562 1115 humanam
1581 1075 1707 1115 vitam

135 1153 281 1199 ageret
302 1148 374 1198 (1).
397 1147 484 1186 Nec
505 1159 602 1186 vero
622 1145 734 1193 illud,
751 1145 859 1198 quod
875 1145 942 1185 hic
959 1150 1106 1184 auctor
1121 1143 1342 1191 substituit,
1365 1142 1623 1195 probandum
1641 1142 1706 1180 vi-

135 1211 252 1250 detur
278 1223 401 1249 amor
420 1223 569 1262 nempe
592 1210 666 1261 (2),
683 1222 805 1262 quem
826 1209 972 1248 deinde
989 1207 1141 1259 triplex
1158 1206 1365 1246 obiectum
1383 1212 1574 1258 spectare
1593 1205 1704 1253 dicit,

133 1276 275 1315 Deum
306 1289 381 1315 nos
404 1276 527 1328 ipsos,
548 1275 658 1315 alios
677 1274 866 1314 homines
887 1275 961 1325 (3).
984 1275 1090 1313 Nam
1112 1286 1229 1311 amor
1248 1272 1499 1324 generatim,
1522 1271 1612 1310 sine
1633 1271 1707 1310 de-

137 1339 427 1380 terminatione
444 1339 607 1386 obiecti,
625 1352 697 1390 per
712 1352 758 1378 se
775 1338 876 1377 nihil
894 1337 1002 1385 dicit,
1014 1345 1052 1377 et
1068 1337 1221 1389 aliquid
1238 1336 1512 1375 subiectivum
1537 1341 1612 1382 est,
1626 1348 1708 1374 non

138 1405 401 1446 obiectivum.
433 1405 602 1457 Triplex
624 1411 760 1444 autem
780 1404 851 1443 illa
874 1403 1022 1443 obiecti
1044 1402 1331 1443 determinatio
1354 1402 1608 1453 simplicitati
1632 1415 1710 1441 no-

138 1476 215 1518 cet,
232 1484 368 1523 quam,
386 1478 428 1510 ut
447 1471 542 1519 dixi,
559 1471 735 1523 primum
755 1470 861 1522 legis
882 1468 1125 1521 principium
1146 1468 1224 1507 sibi
1246 1468 1441 1507 vindicat.

192 1537 339 1583 Quoad
355 1536 611 1576 recentiores
630 1549 738 1584 vero,
756 1535 822 1588 qui
840 1533 1152 1574 commemorati
1169 1540 1276 1581 sunt,
1295 1541 1337 1572 ut
1353 1534 1540 1573 omittam
1559 1533 1711 1573 Fichtii

138 1601 558 1653 absurditatem,quae
574 1600 820 1640 refutatione
837 1613 920 1639 non
937 1606 1030 1652 eget
1041 1599 1261 1651 (siquidem
1279 1599 1320 1637 in
1337 1599 1600 1651 pantheismo
1614 1598 1710 1638 fun-

139 1667 271 1714 datur,
292 1674 332 1705 et
351 1679 433 1706 non
464 1665 575 1704 aliud
604 1665 796 1717 exprimit
826 1665 905 1704 nisi
926 1664 1209 1715 turpissimum
1238 1664 1482 1716 egoismum,
1514 1665 1567 1703 ad
1588 1677 1710 1716 quem

138 1731 304 1771 tandem
321 1730 607 1771 rationalistae
624 1729 882 1777 deveniunt),
901 1734 1011 1768 certe
1023 1728 1168 1767 Kantii
1183 1729 1366 1775 effatum,
1380 1728 1415 1766 si
1432 1729 1621 1767 absolute
1634 1740 1710 1766 su—

138 1801 286 1842 matur,
307 1794 349 1832 in
370 1793 563 1833 omnibus
591 1792 742 1832 officiis
762 1794 898 1832 locum
919 1791 1075 1831 habere
1096 1805 1180 1831 non
1201 1798 1354 1844 posset.
1379 1793 1483 1831 Cum
1504 1791 1614 1831 enim
1637 1805 1710 1843 pro

138 1859 340 1898 varietate
370 1858 671 1906 adiunctorum‚
694 1858 842 1910 quibus
862 1858 1016 1909 singuli
1037 1856 1229 1896 homines
1254 1857 1507 1904 afficiuntur,
1532 1856 1711 1896 diversis

139 1930 359 1965 teneantur
386 1923 550 1971 officiis;
572 1936 655 1962 non
679 1936 842 1974 semper
866 1922 918 1970 id,
940 1921 1049 1974 quod
1070 1922 1138 1960 uni
1161 1921 1369 1970 convenit,
1391 1921 1584 1960 omnibus
1606 1934 1713 1960 con-

138 1988 264 2028 venit.
281 1988 420 2034 Quare
437 1987 643 2040 putandus
659 1993 722 2027 est
737 1988 852 2026 Kant
869 1986 1116 2038 principium
1132 1987 1231 2025 illud
1247 1985 1504 2026 intellexisse
1521 1986 1597 2025 sub
1616 1999 1712 2025 con-

141 2054 305 2101 ditione,
327 2055 445 2106 quasi
467 2054 640 2094 diceret:
663 2053 731 2094 Sic
753 2067 871 2106 agas,
891 2061 934 2093 ut
954 2053 1021 2091 lex
1043 2059 1138 2091 tuae
1164 2052 1389 2092 voluntatis
1410 2051 1554 2092 haberi
1576 2051 1713 2104 possit

141 2125 185 2160 ut
204 2132 352 2158 norma
379 2131 453 2171 pro
483 2118 660 2172 singulis
689 2118 938 2164 hominibus,
959 2115 995 2155 si
1016 2115 1058 2154 in
1078 2115 1226 2155 iisdem
1258 2115 1584 2156 circumstantiis
1626 2129 1716 2156 ver-

141 2190 296 2223 sentur.
321 2184 403 2223 Sed
422 2197 475 2223 ne
495 2184 555 2222 sic
576 2184 741 2236 quidem
763 2183 932 2222 effatum
952 2181 1050 2221 illud
1071 2181 1300 2222 existimari
1323 2186 1457 2232 potest
1478 2181 1653 2232 primum
1672 2181 1714 2219 in

143 2249 340 2287 moribus.
367 2249 459 2287 Non
490 2248 598 2288 enirn
628 2247 831 2300 exprimit,
853 2246 962 2299 quod
991 2246 1199 2285 actionem
1228 2245 1449 2284 honestam
1471 2245 1708 2293 constituit;

143 2314 217 2353 sed
233 2314 369 2364 potius
385 2315 493 2366 quod
509 2328 561 2354 ex
577 2315 666 2353 eius
682 2314 901 2352 honestate
918 2311 1195 2364 consequitur.
1214 2312 1306 2351 Non
1324 2311 1432 2351 enim
1450 2311 1547 2362 quia
1562 2310 1712 2362 cuique

144 2377 349 2426 convenit,
371 2378 480 2417 actio
500 2379 679 2418 honesta
699 2384 779 2425 est,
800 2376 874 2416 sed
890 2382 1037 2416 contra
1053 2375 1149 2428 quia
1164 2376 1343 2415 honesta
1359 2382 1434 2423 est,
1453 2375 1601 2426 cuique
1618 2387 1713 2413 con-

142 2442 268 2482 venit.
289 2441 480 2482 Remotio
497 2448 635 2481 autem
650 2449 866 2493 respectus
882 2439 1077 2490 empirici,
1094 2452 1218 2492 quam
1234 2438 1416 2490 requirit,
1435 2437 1626 2477 delirium
1647 2444 1713 2477 est

141 2504 508 2551 rationalistarum,
529 2504 596 2557 qui
615 2504 914 2556 experientiam
935 2503 1142 2543 removeri
1176 2504 1318 2543 volunt
1339 2509 1378 2542 et
1399 2510 1552 2543 cuncta
1572 2502 1626 2541 ad
1646 2515 1712 2541 so-

142 2572 224 2610 lam
239 2570 443 2610 rationem
463 2569 665 2610 revocari.
682 2570 939 2621 Quapropter
958 2568 1226 2608 Stoicismum
1242 2568 1454 2617 inducunt,
1468 2568 1619 2608 rationi
1636 2567 1715 2606 dis-

144 2648 305 2675 sonum.
320 2635 443 2675 Ratio
461 2635 570 2674 enim
589 2648 669 2674 non
686 2634 820 2686 poscit
835 2641 878 2673 ut
893 2646 1106 2686 nunquam
1122 2633 1164 2672 in
1180 2634 1391 2686 operando
1411 2638 1628 2686 respectus
1646 2632 1720 2670 ha-

183 2790 233 2830 (1)
257 2791 310 2823 De
334 2791 419 2823 Iure
443 2794 608 2823 naturae
631 2793 666 2823 et
685 2789 863 2831 c(sentium,
889 2788 908 2820 l.
934 2788 958 2826 Ι,
981 2798 1007 2820 c.
1033 2788 1061 2826 3,
1085 2787 1102 2828 ἓ
1126 2788 1174 2820 76.

191 2843 241 2882 (2)
265 2843 399 2886 Ibidem
423 2844 440 2884 5
463 2843 511 2876 79.

144 2940 147 2942 η
193 2897 243 2938 (3)
267 2896 400 2929 Ibidem
423 2897 440 2937 ἓ
463 2898 510 2930 90.
