1970 3203
553 191 690 217 CAPUT
718 189 743 216 1.
773 190 826 216 DE
854 189 1082 217 soon-:TATE
1111 190 1350 217 DOMusrch
1659 179 1736 219 199

784 332 1030 372 ARTictJLth
1061 332 1113 371 ΙΙ.

591 431 658 471 De
688 432 845 471 mutuis
876 431 1106 483 coniugum
1137 432 1297 484 officiis.

214 538 253 577 9.
284 537 545 578 conditiones
574 537 816 589 requisitae.
847 536 1161 577 Matrimonium
1191 537 1232 576 in
1268 539 1410 590 primis
1431 539 1491 579 sic
1511 540 1735 580 ineundum

165 609 241 653 est,
271 610 316 645 ut
344 616 549 656 personae
578 604 741 644 habiles
771 604 853 644 sint
883 604 936 643 ad
964 604 1089 643 finem
1110 604 1218 643 illius
1239 608 1590 659 consequendum.
1610 609 1730 648 Unde

165 676 283 710 aetas
311 668 531 721 requiritur
551 701 560 717 ,
591 680 698 720 quae
726 667 963 708 firmitatem
1000 673 1040 707 et
1069 668 1348 708 evolutionem
1378 678 1517 722 aptam
1547 672 1732 711 includat

161 747 246 774 non
274 735 398 774 modo
428 734 627 786 corporis,
658 734 732 773 sed
761 733 884 773 etiam
906 733 1069 773 mentis.
1091 734 1303 786 Coniuges
1325 736 1433 775 enim
1454 751 1537 777 non
1559 738 1611 778 ad
1633 751 1731 790 pro-

161 801 239 841 lem
271 801 487 839 dumtaxat
516 799 818 852 procreandam
839 832 848 847 ‚
878 799 952 839 sed
982 799 1106 839 etiam
1136 800 1212 840 rite
1243 801 1501 841 educandam
1523 818 1532 851 ;
1564 809 1649 842 tum
1680 803 1733 842 ad

161 869 349 904 mutuum
380 863 458 903 sibi
486 864 678 903 levamen
707 863 978 912 afferendum,
1008 869 1047 904 et
1077 863 1257 912 domum,
1278 878 1401 916 quam
1424 865 1636 914 inchoant,
1661 880 1734 905 sa-

161 926 320 979 pienter
349 926 721 966 administrandam
753 926 875 965 simul
905 927 1170 966 conveniunt.

215 991 330 1043 Opus
360 997 423 1031 est
451 991 576 1031 etiam
605 996 649 1030 ut
678 1004 762 1039 eos,
795 991 863 1044 qui
893 992 1202 1032 matrimonium
1232 993 1336 1033 inter
1357 1007 1402 1033 se
1423 994 1526 1034 inire
1548 994 1737 1046 cupiunt,

161 1058 275 1096 nulla
304 1057 427 1097 nimis
443 1063 561 1097 arcta
578 1058 780 1097 naturalis
797 1058 1036 1098 coniunctio
1052 1059 1163 1111 liget3
1181 1072 1232 1098 ex
1249 1073 1330 1111 qua
1346 1061 1571 1101 relationes
1587 1069 1627 1101 et
1647 1061 1734 1101 offi-

161 1121 228 1161 cia
248 1121 472 1169 dimanent,
494 1121 766 1162 relationibus
787 1128 827 1161 et
847 1121 1000 1161 officiis
1019 1122 1243 1174 coniugum
1274 1137 1356 1162 non
1378 1124 1481 1163 satis
1503 1132 1731 1164 consenta-

158 1200 251 1227 nea.
272 1189 401 1228 Secus
420 1188 529 1227 enim
547 1188 648 1226 ordo
666 1193 842 1227 naturae
858 1187 1187 1239 perturbaretur:
1211 1201 1236 1227 a
1251 1202 1330 1240 quo
1349 1189 1562 1230 discedere
1583 1189 1737 1230 nemini

161 1267 343 1306 unquam
374 1253 480 1293 licet.
514 1254 623 1292 Hinc
644 1253 731 1293 iure
752 1260 926 1293 naturae
948 1254 1116 1293 omnino
1139 1261 1330 1294 vetantur
1351 1256 1518 1307 nuptiae
1538 1255 1645 1296 inter
1665 1270 1732 1308 pa-

162 1323 302 1357 rentes
339 1323 379 1357 et
408 1317 590 1365 liberos;
622 1317 761 1356 officia
791 1316 899 1356 enim
929 1317 1186 1357 reverentiae
1225 1324 1264 1358 et
1294 1318 1567 1358 subiectionis
1587 1350 1596 1365 ‚
1629 1332 1736 1370 quae

164 1381 314 1421 liberos
336 1394 437 1433 erga
452 1386 645 1432 parentes
662 1381 937 1433 obstringunt,
955 1381 1226 1421 relationibus
1247 1383 1510 1434 aequalitatis
1532 1397 1582 1422 ac
1603 1383 1734 1422 mutui

163 1446 331 1485 dominii
363 1445 686 1494 contradicunt,
716 1460 821 1499 quae
851 1446 957 1485 inter
986 1446 1188 1498 coniuges
1219 1446 1360 1498 vigere
1395 1447 1558 1487 debent.
1591 1448 1738 1494 Quoad

163 1516 326 1550 ceteros
357 1523 454 1549 vero
487 1511 643 1562 gradus
674 1509 1051 1562 consanguinitatis
1080 1516 1151 1548 aut
1171 1510 1400 1558 affinitatis,
1423 1511 1499 1550 etsi
1518 1511 1632 1550 initio
1654 1524 1733 1563 ge-

162 1574 275 1614 neris
294 1574 490 1621 humani,
512 1575 747 1615 necessitas
767 1575 1026 1627 propagandi
1047 1575 1229 1627 speciem
1251 1575 1418 1627 nuptias
1439 1576 1546 1615 inter
1567 1589 1639 1616 eos
1661 1590 1732 1616 or-

163 1638 246 1677 dini
282 1652 366 1678 non
404 1645 689 1691 repugnantes
731 1640 944 1689 effecerit3
984 1646 1123 1680 tamen
1146 1672 1155 1687 ,
1184 1641 1265 1679 hac
1304 1641 1500 1693 deinceps
1530 1647 1738 1680 summota

161 1703 433 1747 necessitate,
464 1703 720 1743 contrarium
750 1703 918 1743 omnino
950 1704 1170 1744 dicendum
1202 1711 1276 1744 est.
1309 1706 1400 1751 Qua
1431 1705 1471 1743 in
1502 1719 1546 1744 re
1576 1705 1739 1757 prolixa

162 1769 285 1809 nimis
321 1783 399 1809 nec
428 1782 592 1822 semper
621 1769 756 1809 facilis
787 1777 899 1810 esset
929 1770 1186 1823 disceptatio,
1217 1771 1251 1810 si
1283 1771 1331 1810 de
1362 1771 1554 1811 omnibus
1584 1772 1733 1823 singil-

161 1835 275 1874 latim
306 1835 510 1875 disserere
540 1836 762 1884 vellemus,
793 1837 900 1888 quod
931 1849 1008 1875 nos
1038 1849 1063 1875 a
1093 1836 1316 1883 brevitate,
1347 1850 1472 1888 quaxn
1513 1836 1738 1888 sequimur,

161 1900 286 1951 longe
306 1898 541 1937 abduceret.
563 1898 772 1944 Quocirca
794 1899 1038 1951 generatim,
1060 1899 1178 1951 quasi
1200 1911 1272 1950 per
1298 1905 1584 1947 transennam,
1607 1898 1738 1937 innui-

162 1976 265 2010 mus,
293 1962 495 2003 eiusmodi
524 1963 693 2014 gradus,
724 1963 759 2002 si
788 1964 907 2003 valde
937 1963 1113 2014 proximi
1149 1962 1231 2001 sint
1252 1970 1291 2001 et
1310 1962 1536 2001 relationes
1557 1961 1733 2013 gignant

163 2025 435 2066 relationibus
465 2027 618 2065 mutuis
648 2026 868 2079 coniugum
890 2026 1227 2066 contradicentes
1247 2026 1429 2073 omnino,
1449 2025 1539 2064 iure
1560 2031 1737 2064 naturae

163 2093 314 2133 vetitas
353 2093 526 2132 reddere
565 2093 760 2144 nuptias,
792 2093 856 2132 sin
894 2099 1033 2132 autem
1062 2092 1334 2131 relationibus
1374 2092 1424 2131 iis
1454 2104 1538 2130 non
1567 2103 1738 2143 prorsus

167 2163 439 2209 opponantur,
474 2170 559 2197 non
588 2157 692 2196 satis
723 2156 936 2196 conforme
965 2155 1115 2195 rationi
1146 2155 1387 2207 coniugium
1418 2155 1597 2202 efficere,
1629 2161 1668 2194 et
1696 2152 1738 2192 in

166 2223 408 2275 particulari
439 2222 699 2262 definiendos
729 2235 823 2262 esse
854 2223 905 2263 ab
935 2222 1006 2261 illa
1035 2221 1295 2268 auctoritate,
1326 2221 1392 2260 cui
1421 2234 1493 2272 per
1523 2234 1570 2260 se
1592 2220 1738 2259 matri-

165 2287 348 2327 monium
377 2287 523 2327 subiici
556 2287 943 2327 demonstrabimus.

218 2350 514 2390 Necessarium
545 2364 706 2403 quoque
736 2357 799 2390 est
828 2358 884 2399 ut,
914 2351 981 2403 qui
1011 2350 1276 2390 matrimonio
1306 2350 1552 2401 copulantur
1573 2380 1582 2396 ,
1608 2348 1739 2387 nimia

163 2415 313 2455 aetatis
344 2415 575 2454 differentia
603 2429 686 2455 non
716 2416 958 2468 discrepent
987 2415 1093 2455 inter
1123 2428 1179 2454 se.
1212 2415 1295 2453 Vix
1325 2415 1434 2454 enim
1461 2413 1657 2453 credibile
1677 2421 1740 2453 est

160 2487 349 2520 mutuum
379 2493 580 2528 amorem,
609 2481 676 2533 qui
706 2482 1020 2522 fundamentum
1042 2482 1237 2521 connubii
1260 2488 1333 2528 est,
1356 2480 1502 2520 haberi
1523 2494 1647 2532 posse
1671 2489 1741 2519 aut

163 2546 361 2598 deinceps
391 2547 634 2586 duraturum
666 2561 761 2587 esse
791 2548 897 2586 inter
926 2549 1109 2587 vetulam
1139 2555 1179 2587 et
1199 2547 1522 2593 adolescentem,
1544 2547 1611 2585 vel
1632 2546 1738 2585 vice-

162 2625 304 2652 versa.
333 2615 522 2662 Demum,
554 2613 710 2653 attendi
741 2613 864 2653 etiam
896 2613 1029 2660 debet,
1060 2626 1114 2651 an
1144 2619 1305 2652 tantum
1327 2612 1385 2651 rei
1407 2612 1627 2652 familiaris
1649 2625 1739 2662 sup-

166 2681 292 2726 petat,
323 2683 364 2715 ut
392 2690 523 2717 onera
551 2676 802 2716 matrimonii
833 2677 1026 2716 sustineri
1057 2676 1239 2715 valeant.
1273 2677 1406 2715 Secus
1435 2676 1550 2715 brevi
1580 2675 1737 2714 intolle-

166 2739 299 2778 randa
328 2747 551 2793 paupertas
581 2740 913 2780 infelicissimum
944 2740 1096 2780 efficiet
1125 2745 1277 2780 statum
1305 2740 1431 2789 illum,
1453 2740 1520 2793 qui
1550 2740 1603 2779 ad
1630 2739 1739 2777 leva-

170 2813 266 2840 men
294 2804 432 2853 potius
461 2806 787 2857 conquirendum
819 2804 1127 2857 felicioremque
1158 2804 1287 2845 vitam
1317 2805 1582 2844 afficiendam
1612 2814 1737 2842 assu-

171 2864 373 2905 mebatur.
404 2867 496 2906 Hoc
526 2874 666 2908 tamen
687 2882 770 2908 non
792 2869 979 2907 absolute
998 2881 1024 2906 a
1043 2867 1205 2907 ratione
1225 2868 1462 2919 imperatum
1484 2867 1557 2907 sed
1578 2872 1735 2905 tantum
