1970 3203
607 228 744 254 CAPUT
773 228 811 253 11.
841 227 894 254 DE
924 227 1154 255 socissTATE
1183 226 1305 253 civim
1671 212 1749 252 227

178 305 242 344 Ac
271 303 305 342 si
335 301 499 355 quando
529 302 782 340 contrarium
812 300 985 348 accidit,
1016 300 1056 339 id
1086 313 1169 339 non
1199 299 1251 339 ab
1278 298 1420 339 ordine
1449 304 1637 347 naturae,
1668 298 1743 338 sed

179 381 205 407 a
233 366 398 406 defectu
426 363 668 404 individuali
699 364 966 416 repetendum
996 369 1070 402 est.

228 429 416 482 Denique
445 436 655 481 postrema
685 427 920 475 difficultas,
950 427 985 466 si
1013 426 1110 479 quid
1139 428 1308 475 valeret,
1340 427 1491 467 bellum
1512 440 1595 466 non
1617 427 1741 466 modo

173 497 216 536 in
244 501 354 535 statu
383 500 557 534 naturae
586 494 659 534 sed
688 493 813 533 etiam
841 494 884 533 in
915 492 1025 532 civili
1056 493 1260 544 probaret.
1294 494 1412 542 Nam,
1444 493 1568 533 etiarn
1604 494 1742 532 socie-

174 568 257 601 tate
287 560 537 608 constituta,
580 559 797 599 cautiones
839 559 934 598 illae
977 557 1236 597 adhibentur.
1268 560 1322 599 At
1361 566 1553 599 neutrum
1596 572 1746 599 revera

173 625 332 679 probat.
363 627 457 665 Non
486 625 611 673 enim,
641 625 736 678 quia
765 630 914 664 natura
942 624 994 663 ad
1015 623 1119 663 alios
1149 624 1375 665 laedendos
1405 626 1592 673 inclinet,
1623 626 1740 678 quis-

173 705 253 744 que
281 705 307 731 a
336 692 535 732 violentia
564 691 740 731 aliorum
770 690 931 730 munire
961 703 1006 730 se
1035 690 1196 739 studet;
1239 692 1314 731 sed
1344 692 1439 743 quia
1467 692 1583 731 multi
1613 699 1734 739 sunt,

173 757 253 810 qui,
282 757 464 798 naturali
491 757 782 797 benevolentia
811 755 1058 808 posthabita,
1089 756 1142 795 ab
1158 756 1302 796 ordine
1323 758 1501 796 naturali
1522 758 1736 806 recedunt,

172 822 343 871 idcirco,
373 823 426 862 ad
454 823 603 862 horum
634 821 874 862 violentiam
903 821 1226 874 propulsandam
1255 823 1464 875 praesidia
1504 824 1666 875 privata
1695 829 1736 863 et

172 886 348 927 socialia
377 886 690 938 conquiruntur.

227 951 357 991 Obiic.
390 951 461 990 III.
484 950 526 989 Si
556 951 662 991 ratio
693 951 857 991 civilem
887 951 1130 991 societatem
1163 950 1347 998 dictaret;
1379 963 1500 990 nemo
1530 957 1672 1002 posset
1690 951 1733 989 li-

171 1015 250 1056 cite
281 1020 401 1055 extra
429 1015 543 1054 hunc
573 1020 726 1054 statum
757 1015 884 1055 vitam
907 1015 1069 1067 degere.
1091 1015 1215 1067 Atqui
1235 1014 1276 1053 id
1295 1015 1445 1054 falsum
1467 1014 1636 1054 omnino
1658 1020 1734 1054 est.

171 1082 279 1121 Nam
309 1093 434 1132 saepe
463 1080 655 1120 homines
684 1080 870 1120 nonnulli
901 1094 995 1120 cum
1026 1080 1145 1120 laude
1175 1094 1220 1120 se
1250 1081 1292 1119 in
1322 1081 1585 1121 solitudinem
1614 1093 1735 1121 rece-

169 1150 331 1196 perunt,
364 1151 487 1196 atque
515 1144 555 1183 id
585 1145 714 1184 multo
745 1145 880 1197 magis
910 1144 974 1184 fas
1003 1157 1096 1184 esse
1127 1152 1261 1196 potest
1291 1144 1484 1193 familiae,
1524 1158 1629 1198 quae
1659 1146 1735 1184 do-

170 1210 344 1250 mestica
373 1210 561 1261 adiungit
590 1210 759 1250 auxilia.

223 1275 271 1312 R.
292 1273 404 1313 Dist.
437 1275 536 1313 mai:
570 1273 612 1313 Si
642 1274 748 1313 ratio
774 1286 866 1313 eam
897 1274 1069 1314 dictaret
1090 1274 1278 1326 singulis,
1301 1282 1341 1314 et
1361 1274 1525 1326 quidem
1547 1274 1736 1313 absolute

172 1345 382 1391 tamquam
411 1340 551 1387 finem,
581 1353 698 1386 conc‚·
729 1340 763 1379 si
793 1340 1036 1392 generatim,
1067 1347 1107 1379 et
1127 1340 1302 1392 singulis
1323 1340 1496 1380 relative
1527 1347 1738 1392 tamquam

170 1404 363 1453 medium,
395 1418 513 1457 12qu0.
1779 1404 1783 1407 ¹

222 1470 339 1510 Licet
360 1471 542 1511 societas
562 1470 764 1510 naturalis
784 1471 940 1510 homini
958 1471 1020 1518 sit,
1043 1477 1182 1511 tamen
1201 1471 1290 1511 sine
1306 1471 1458 1510 iniuria
1480 1478 1654 1510 naturae
1671 1484 1738 1522 po-

168 1541 248 1575 test
268 1535 444 1574 inveniri
464 1535 632 1583 familia,
653 1549 758 1588 quae
775 1544 895 1575 extra
917 1536 1038 1575 civile
1054 1536 1307 1575 consortium
1326 1536 1451 1575 vitam
1470 1536 1605 1584 ducat,
1625 1549 1741 1588 prae-

167 1600 308 1641 sertim
329 1603 362 1640 si
383 1614 538 1652 magno
558 1614 729 1640 numero
752 1614 1024 1653 personarum
1046 1609 1219 1642 constet.
1242 1602 1310 1641 Sic
1333 1602 1607 1642 Patriarchae
1639 1615 1736 1641 non-

166 1663 278 1712 nulli,
306 1664 430 1704 etiam
451 1672 635 1716 tempore
665 1677 744 1716 quo
774 1665 965 1705 civitates
986 1666 1202 1713 florebant,
1232 1666 1375 1706 vixere
1405 1679 1607 1706 seorsum.
1628 1666 1732 1706 Cum

165 1727 275 1766 enim
305 1727 515 1767 tendentia
542 1728 595 1767 ad
625 1728 869 1769 societatem
890 1729 1160 1768 subordinata
1180 1730 1231 1769 sit
1251 1730 1323 1769 fini
1354 1729 1494 1769 ultimo
1526 1738 1567 1771 et
1588 1729 1738 1770 officiis

165 1804 271 1843 quae
299 1792 394 1831 inde
424 1800 747 1844 consequuntur;
778 1793 812 1832 si
838 1793 995 1832 familia
1023 1793 1126 1833 forte
1155 1793 1275 1842 adsit,
1306 1807 1412 1846 quae
1441 1800 1556 1834 certo
1578 1794 1729 1846 digno-

165 1864 258 1896 scat
286 1870 332 1897 se
360 1870 485 1910 posse
515 1866 634 1898 extra
665 1859 786 1898 civile
816 1859 1069 1899 consortium
1099 1860 1140 1899 in
1170 1860 1282 1899 hunc
1312 1861 1439 1899 finem
1460 1860 1728 1900 obtinendum

163 1922 416 1973 incumbere,
447 1929 487 1963 et
515 1937 712 1976 agrorum
741 1931 864 1977 atque
893 1938 1089 1977 pecorum
1119 1926 1232 1965 cultu
1261 1926 1338 1965 sibi
1368 1926 1470 1965 satis
1500 1926 1731 1977 providere;

165 2001 216 2028 ea
243 1989 387 2040 procul
417 1989 541 2028 dubio
571 1989 686 2028 nulla
714 1988 966 2040 obligatione
1003 1996 1166 2029 tenetur
1195 1990 1247 2028 ad
1277 1989 1522 2029 societatem
1552 1989 1731 2041 amplio-

167 2068 266 2103 rem,
297 2068 403 2107 quae
433 2054 566 2095 civilis
597 2054 754 2103 dicitur,
789 2054 1049 2094 retinendam
1078 2056 1142 2095 vel
1172 2055 1406 2095 ineundam.

218 2118 327 2158 Hinc
348 2118 473 2158 etiam
492 2125 666 2171 apparet
684 2119 790 2171 quod
813 2119 848 2158 si
869 2119 960 2171 quis
980 2118 1119 2159 divino
1140 2119 1265 2158 ductu
1284 2119 1326 2157 in
1357 2118 1621 2158 solitudinem
1643 2119 1728 2172 agi-

167 2190 245 2232 tur,
260 2192 303 2224 ut
318 2197 363 2224 se
380 2184 543 2224 divinae
564 2184 905 2236 contemplationi
925 2185 1088 2237 penitus
1105 2184 1284 2233 addicat,
1303 2191 1354 2233 et,
1372 2199 1472 2224 cura
1489 2184 1729 2237 perficiendi

169 2249 353 2289 animum
373 2255 606 2298 contentus,
629 2250 779 2290 ceteris
809 2250 918 2290 vitae
940 2251 1183 2299 commodis,
1214 2264 1320 2303 quae
1340 2264 1366 2290 a
1388 2251 1497 2290 civili
1527 2251 1727 2291 societate

163 2314 423 2367 proveniunt,
453 2328 499 2355 se
527 2316 703 2356 libenter
723 2316 898 2365 abdicet;
930 2316 966 2355 is
996 2316 1180 2368 profecto
1210 2317 1333 2358 altius
1355 2317 1463 2356 vitae
1483 2330 1618 2369 genus
1638 2317 1723 2365 init,

163 2393 287 2433 quam
309 2382 360 2420 sit
379 2381 551 2432 vulgare
571 2387 610 2422 et
630 2394 850 2422 commune
871 2387 1104 2422 ceterorum
1126 2381 1352 2428 hominum,
1374 2381 1415 2420 in
1436 2380 1636 2420 societate
1658 2381 1724 2420 de-

162 2446 358 2498 gentium.
380 2445 560 2485 Proinde
580 2459 662 2485 non
684 2446 1000 2497 vituperatione,
1022 2445 1096 2485 sed
1116 2445 1248 2492 laude,
1270 2458 1353 2484 non
1374 2451 1624 2499 contemptu,
1647 2448 1722 2484 sed

162 2509 437 2550 admiratione
458 2517 522 2548 est
541 2509 703 2561 dignus.
725 2510 880 2548 Verum
901 2509 936 2548 si
962 2509 1013 2548 ab
1032 2510 1113 2548 hac
1137 2508 1300 2548 vivendi
1320 2508 1493 2556 ratione,
1524 2521 1629 2560 quae
1650 2521 1723 2548 su-

159 2573 494 2626 pernaturalibus
514 2572 678 2613 fulcitur
698 2573 972 2621 adminiculis,
994 2578 1174 2612 mentem
1196 2571 1491 2621 abstrahimus,
1522 2579 1562 2612 et
1590 2573 1725 2612 solun]

162 2639 394 2679 naturalem
416 2637 602 2678 ordinem
624 2637 949 2684 consideramus;
980 2635 1165 2688 profecto
1195 2641 1330 2675 status
1358 2635 1585 2688 solivagus,
1602 2642 1721 2675 extra

164 2709 395 2744 ceterorum
415 2703 629 2744 hominum
652 2703 901 2751 convictum,
934 2701 1009 2742 etsi
1031 2702 1156 2741 nullis
1177 2708 1352 2741 naturae
1382 2701 1613 2754 praeceptis
1644 2702 1721 2741 ab-

165 2769 297 2809 solute
326 2770 578 2822 prohibetur,
609 2776 748 2810 tamen
779 2768 910 2809 ordini
941 2767 1115 2808 rationis
1146 2780 1227 2807 non
1253 2767 1550 2808 conformatur.
