1970 3203
477 218 614 245 CAPUT
643 217 667 243 1.
697 216 750 242 DE
779 215 875 241 mne
905 216 958 242 ET
986 214 1147 241 orricio
1178 213 1424 241 GENERATlM
1662 200 1741 239 125

182 299 301 346 Quae
322 308 425 336 sane
446 294 606 347 partitio
626 294 762 333 locum
783 293 909 332 habet
929 292 1065 344 quoad
1085 291 1188 331 alios
1209 290 1399 331 homines
1426 295 1597 339 tantum;
1618 290 1742 342 siqui-

180 362 272 402 dem
294 359 430 412 quoad
451 360 582 398 Deum
604 356 744 396 omnia
763 362 908 395 nostra
927 355 1066 394 officia
1086 361 1182 394 sunt
1201 354 1386 396 juridica.
1408 355 1520 394 Deus
1542 354 1648 394 enim
1671 354 1739 393 ius

178 423 303 464 habet
319 421 512 474 exigendi
533 427 576 460 ut
590 420 794 471 integram
812 420 1094 471 legem,quam
1114 419 1234 458 nobis
1250 418 1454 470 imposuit,
1471 418 1736 469 impleamus.

177 488 348 534 Contra,
362 485 478 524 nulla
493 483 675 523 hominis
691 482 830 522 officia
840 488 1030 533 respectu
1047 481 1111 520 sui
1125 481 1255 533 ipsius
1268 482 1348 523 dici
1361 488 1536 534 possunt
1550 482 1736 530 iuridica;

181 554 400 603 propterea
420 547 527 600 quod
544 560 687 587 eorum
707 545 937 585 subiectum
956 552 996 586 et
1011 545 1211 584 terminus
1232 559 1314 586 non
1336 547 1655 599 distinguantur.
1669 547 1743 586 Ius

178 612 301 660 enirn,
316 625 410 651 cum
431 611 472 650 in
490 610 687 650 facultate
699 609 900 649 consistat
920 622 1026 661 quae
1042 609 1094 648 ab
1111 609 1252 648 ordine
1269 611 1352 649 enti
1369 612 1515 650 morali
1533 611 1739 659 tribuitur,

178 678 411 718 subiectum
435 676 612 728 exquirit
631 675 739 728 quod
760 675 972 714 voluntate
992 675 1239 715 instructum
1256 675 1319 714 sit.
1342 677 1445 716 Cum
1467 690 1566 717 vero
1588 677 1748 729 obliga‘

179 742 335 782 tionem
356 742 543 781 includat
565 741 753 790 aliorum,
771 742 838 794 qui
854 740 988 793 ipsum
1009 740 1191 780 revereri
1208 746 1410 790 tenentur;
1433 742 1649 782 terminum
1673 756 1744 782 re-

181 807 314 859 spicit,
332 805 398 859 qui
415 807 567 857 pariter
588 806 800 844 voluntate
822 810 1002 844 ornetur.
1035 805 1092 845 Ut
1111 804 1235 856 igitur
1255 805 1320 844 ius
1336 805 1519 845 hominis
1541 819 1644 858 erga
1665 805 1747 845 sei·

181 886 302 925 psum
324 878 363 911 et
379 871 499 910 simul
520 870 738 910 iuridicum
759 871 940 910 officium
963 871 1263 923 conciperetur,
1286 871 1585 924 concipiendae
1607 872 1742 912 forent

181 940 287 979 duae
303 939 551 985 voluntates,
564 950 736 990 quorum
748 950 832 975 una
847 936 1084 976 facultatem
1101 937 1300 977 moralem
1317 937 1537 989 acciperet,
1549 938 1631 976 alia
1642 937 1738 976 obli-

179 1002 403 1056 gationem;
425 1015 531 1055 quae
551 1014 654 1040 sane
671 1001 948 1040 consideratio
965 1007 1159 1051 respectu
1179 1001 1301 1040 unius
1318 1001 1586 1053 eiusdemque
1604 1014 1745 1052 perso-

180 1080 260 1107 nae
281 1066 467 1105 absurda
482 1073 556 1105 est.
580 1065 626 1104 Id
642 1077 741 1104 vero
762 1077 847 1104 non
863 1064 1078 1116 contingit,
1100 1065 1135 1103 si
1151 1065 1334 1105 officium
1352 1079 1435 1104 non
1454 1071 1497 1104 ut
1512 1064 1745 1111 iuridicum,

180 1134 254 1174 sed
265 1146 379 1173 mere
391 1138 434 1172 ut
449 1133 607 1172 morale
623 1133 664 1171 in
677 1131 844 1171 homine
859 1136 1053 1182 respectu
1069 1130 1132 1169 sui
1150 1131 1444 1172 consideretur.
1456 1130 1520 1169 Ad
1536 1131 1617 1170 hoc
1634 1129 1745 1169 enim

181 1201 336 1240 sufficit
355 1205 399 1239 ut
414 1200 480 1238 lex
497 1199 712 1246 habeatur,
735 1211 760 1236 a
776 1210 858 1249 qua
873 1196 1070 1248 obligatio
1086 1197 1319 1248 imponitur;
1338 1205 1377 1237 et
1398 1196 1600 1237 terminus
1621 1196 1744 1244 adsit,

183 1267 236 1306 ad
253 1266 370 1305 cuius
391 1265 544 1305 bonum
562 1264 746 1317 operatio
765 1263 1220 1315 referatur.Utrumque
1240 1269 1378 1302 autem
1396 1264 1436 1302 in
1453 1263 1654 1315 singulari
1677 1262 1746 1301 ho-

185 1330 295 1370 mine
311 1329 463 1381 optime
480 1327 723 1380 concipitur;
735 1341 829 1367 cum
847 1341 900 1367 ex
911 1340 996 1366 una
1007 1334 1123 1379 parte
1138 1327 1421 1367 consideretur
1434 1327 1626 1366 voluntas
1639 1338 1746 1378 quae

184 1393 436 1444 obligatione
456 1392 739 1443 adstringitur,
762 1405 812 1431 ex
828 1391 911 1430 alia
927 1390 1108 1442 dignitas
1125 1402 1328 1442 personae
1345 1390 1553 1430 humanae
1575 1402 1681 1442 quae
1703 1395 1749 1428 ut

190 1459 288 1499 finis
308 1459 349 1498 in
370 1458 523 1498 mundo
545 1463 770 1510 spectatur.

243 1525 395 1565 Officia
413 1524 587 1564 iuridica
608 1523 866 1575 appellantur
886 1521 1009 1562 etiam
1022 1524 1229 1575 perfecta,
1261 1535 1361 1573 pure
1382 1521 1558 1561 moralia
1589 1523 1749 1574 imper-

175 1591 311 1642 fecta.

236 1656 298 1693 21.
332 1654 445 1694 Unde
475 1653 731 1693 diiudicatur
750 1651 977 1692 officiorum
997 1651 1274 1702 praestantia.
1306 1650 1371 1689 Ad
1391 1649 1588 1690 iudicium
1610 1649 1755 1688 feren-

185 1719 281 1757 dum
305 1717 353 1756 de
371 1716 538 1755 diversa
558 1714 789 1754 officiorum
807 1714 1233 1766 praestantia,norma
1253 1714 1538 1766 suppeditatur
1555 1726 1580 1752 a
1599 1718 1751 1751 natura

188 1784 447 1830 relationum,
469 1782 576 1822 unde
592 1781 664 1821 illa
681 1780 906 1820 dimanant.
925 1780 1086 1820 Etenim
1107 1780 1251 1819 relatio
1273 1793 1352 1832 quo
1371 1779 1506 1832 magis
1527 1779 1672 1818 intima
1688 1785 1751 1818 est

189 1856 260 1891 aut
279 1848 555 1889 universalior
575 1853 645 1886 aut
658 1860 750 1886 curn
771 1846 879 1887 bono
896 1846 1069 1885 rationis
1091 1846 1180 1898 plus
1197 1858 1401 1895 connexa,
1418 1859 1466 1886 eo
1483 1845 1637 1885 arctius
1654 1858 1749 1884 cum

185 1914 329 1956 ordine
350 1912 581 1964 colligatur.
613 1911 723 1962 Ergo
745 1910 926 1949 officium
940 1942 948 1957 ‚
978 1910 1056 1962 ipsi
1077 1910 1336 1962 respondens
1354 1942 1362 1957 ,
1393 1910 1579 1948 altiorem
1611 1909 1749 1947 locum

184 1983 372 2030 occupat,
395 1982 517 2028 atque
538 1975 591 2014 ad
613 1975 799 2014 ordinem
817 1974 1071 2013 servandum
1089 1974 1129 2012 in
1151 1973 1334 2012 moribus
1356 1972 1554 2012 maiorem
1569 1972 1752 2012 necessi-

188 2047 313 2082 tatem
334 2040 577 2092 praesefert.
600 2038 742 2090 Magis
757 2037 882 2090 igitur
902 2037 1111 2089 obligabit.
1131 2038 1199 2076 Sic
1220 2037 1296 2076 sub
1317 2036 1635 2086 omnirespectu
1657 2037 1753 2075 offi-

188 2108 254 2148 cia
274 2120 378 2159 erga
399 2107 531 2146 Deum
553 2104 702 2144 ceteris
723 2104 915 2143 omnibus
935 2104 1200 2144 antecellunt.
1223 2104 1337 2142 Deus
1358 2103 1467 2143 enim
1495 2109 1558 2142 est
1578 2102 1673 2141 finis
1694 2103 1750 2140 ul-

184 2171 310 2211 timus
326 2168 519 2218 hominis3
532 2175 614 2208 tum
632 2172 695 2207 est
710 2167 862 2207 bonum
879 2167 1098 2207 universae
1114 2173 1303 2214 naturae,
1320 2171 1360 2206 et
1375 2179 1507 2205 causa
1524 2165 1649 2206 totius
1665 2178 1754 2204 rea-

185 2237 310 2278 litatis
331 2250 411 2290 qua
431 2233 732 2275 constituimur.
754 2234 818 2273 Ab
840 2234 929 2286 ipso
951 2233 1060 2273 enim
1081 2247 1164 2272 non
1183 2233 1304 2272 modo
1328 2232 1482 2272 conditi
1499 2245 1656 2279 sumus,
1675 2231 1750 2270 sed

185 2301 338 2354 iugiter
360 2312 661 2340 conservamur
682 2304 721 2338 et
741 2298 793 2337 ad
814 2298 1071 2349 operandum
1091 2310 1319 2337 movemur.
1346 2296 1465 2336 Unde
1486 2295 1648 2343 relatio,
1670 2308 1752 2347 qua

187 2377 281 2404 cum
302 2364 389 2402 Deo
411 2362 707 2409 connectimur,
726 2362 952 2400 maximam
971 2360 1340 2407 universalitatem,
1356 2359 1694 2399 coniunctionem
1713 2365 1753 2398 et

185 2428 481 2470 necessitatem
509 2427 694 2466 includit.
726 2427 962 2466 Secundum
984 2427 1119 2466 locum
1149 2432 1292 2465 tenent
1311 2425 1462 2472 officia,
1494 2425 1643 2476 quibus
1673 2426 1750 2463 ad—

189 2494 433 2547 stringimur
451 2507 553 2546 erga
572 2507 662 2542 n0s;
681 2493 843 2532 tertium
864 2493 1004 2532 officia
1024 2505 1126 2544 erga
1142 2492 1256 2531 alios.
1271 2491 1493 2530 Vinculum
1510 2491 1620 2530 enim
1638 2491 1674 2530 id
1684 2504 1751 2530 en-

184 2557 325 2605 utatis,
356 2557 464 2609 quod
492 2556 710 2596 nobiscum
739 2556 955 2603 habemus,
986 2556 1163 2595 arctiore
1193 2555 1393 2594 relatione
1414 2560 1598 2603 constat,
1628 2568 1750 2606 quam

184 2623 398 2663 vinculum
419 2621 714 2669 similitudinis,
743 2635 824 2673 qua
845 2635 938 2660 cum
958 2621 1108 2661 ceteris
1128 2621 1364 2660 hominibus
1385 2621 1636 2672 copulamur.
1672 2622 1752 2659 At-

186 2742 268 2775 licet
291 2741 429 2775 morale
454 2743 489 2773 et
511 2740 638 2781 legale.
662 2740 829 2773 Debitum
853 2740 994 2781 quidem
1018 2740 1135 2780 legale
1158 2743 1214 2772 est
1231 2766 1238 2778 ‚
1258 2741 1303 2772 ad
1327 2741 1424 2780 quod
1447 2740 1667 2772 reddendum
1691 2739 1754 2771 ali-

192 2795 273 2836 quis
285 2796 367 2836 lege
390 2794 638 2835 adstringitur;
663 2797 698 2827 et
713 2795 784 2827 tale
809 2795 965 2827 debitum
980 2793 1124 2835 proprie
1148 2795 1297 2826 attendit
1313 2794 1457 2832 iustitia,
1482 2804 1572 2834 quae
1590 2796 1645 2825 est
1662 2793 1758 2834 prin-

193 2846 316 2887 cipalis
337 2846 459 2878 virtus.
497 2846 662 2878 Debitum
685 2849 803 2879 autem
827 2846 964 2879 morale
987 2848 1043 2877 est
1084 2846 1180 2886 quod
1203 2846 1330 2887 aliquis
1361 2845 1467 2878 debet
1496 2855 1541 2877 ex
1564 2846 1753 2878 honestate

192 2899 343 2933 virtutis.
359 2911 375 2930 »
400 2900 555 2932 Summa
577 2899 624 2932 tlz.
649 2901 691 2932 2.·
713 2901 773 2932 2³³
796 2909 829 2941 q.
853 2901 999 2939 LXXX,
1023 2902 1087 2932 art.
1112 2899 1225 2933 unico.
