<?xml version="1.0" encoding="UTF-8"?>
<!DOCTYPE html PUBLIC "-//W3C//DTD XHTML 1.0 Transitional//EN"
    "http://www.w3.org/TR/xhtml1/DTD/xhtml1-transitional.dtd">
<html xmlns="http://www.w3.org/1999/xhtml" xml:lang="en" lang="en">
 <head>
  <title>
</title>
<meta http-equiv="Content-Type" content="text/html;charset=utf-8" />
  <meta name='ocr-system' content='tesseract 3.04.00' />
  <meta name='ocr-capabilities' content='ocr_page ocr_carea ocr_par ocr_line ocrx_word'/>
</head>
<body>
  <div class='ocr_page' id='page_1' title='image "./institutioneseth00libe_0077.png"; bbox 0 0 1970 3203; ppageno 0'>
   <div class='ocr_carea' id='block_1_1' title="bbox 208 213 1697 257">
    <p class='ocr_par' dir='ltr' id='par_1_1' title="bbox 208 213 1697 257">
     <span class='ocr_line' id='line_1_1' title="bbox 208 213 1697 257; baseline -0.004 0"><span class='ocrx_word' id='word_1_1' title='bbox 208 231 344 257; x_wconf 85' lang='lat' dir='ltr'><strong>CAPUT</strong></span> <span class='ocrx_word' id='word_1_2' title='bbox 364 230 400 255; x_wconf 85' lang='lat'>11.</span> <span class='ocrx_word' id='word_1_3' title='bbox 421 229 473 255; x_wconf 89' lang='lat' dir='ltr'>DE</span> <span class='ocrx_word' id='word_1_4' title='bbox 499 226 764 255; x_wconf 79' lang='lat' dir='ltr'>OPERATIONE</span> <span class='ocrx_word' id='word_1_5' title='bbox 787 228 965 254; x_wconf 76' lang='lat' dir='ltr'>HUMANA</span> <span class='ocrx_word' id='word_1_6' title='bbox 986 226 1126 253; x_wconf 84' lang='lat' dir='ltr'>PROUT</span> <span class='ocrx_word' id='word_1_7' title='bbox 1149 226 1394 253; x_wconf 79' lang='lat' dir='ltr'>ORDINATUR</span> <span class='ocrx_word' id='word_1_8' title='bbox 1416 226 1457 253; x_wconf 87' lang='lat' dir='ltr'>IN</span> <span class='ocrx_word' id='word_1_9' title='bbox 1477 227 1605 252; x_wconf 80' lang='lat' dir='ltr'>FlNEM</span> <span class='ocrx_word' id='word_1_10' title='bbox 1648 213 1697 252; x_wconf 69' lang='grc'>73</span> 
     </span>
    </p>
   </div>
   <div class='ocr_carea' id='block_1_2' title="bbox 113 301 1697 1522">
    <p class='ocr_par' dir='ltr' id='par_1_2' title="bbox 113 301 1697 1522">
     <span class='ocr_line' id='line_1_2' title="bbox 120 301 1697 357; baseline -0.004 -12"><span class='ocrx_word' id='word_1_11' title='bbox 120 309 294 357; x_wconf 81' lang='lat' dir='ltr'>possunt</span> <span class='ocrx_word' id='word_1_12' title='bbox 304 302 503 355; x_wconf 76' lang='lat' dir='ltr'>peculiari</span> <span class='ocrx_word' id='word_1_13' title='bbox 521 315 596 341; x_wconf 92' lang='lat' dir='ltr'>suo</span> <span class='ocrx_word' id='word_1_14' title='bbox 613 301 774 341; x_wconf 91' lang='lat' dir='ltr'>obiecto</span> <span class='ocrx_word' id='word_1_15' title='bbox 785 303 906 342; x_wconf 90' lang='lat' dir='ltr'>unice</span> <span class='ocrx_word' id='word_1_16' title='bbox 919 302 1284 354; x_wconf 88' lang='lat' dir='ltr'>affiguntur.Unde</span> <span class='ocrx_word' id='word_1_17' title='bbox 1299 301 1422 341; x_wconf 84' lang='lat' dir='ltr'>etiam</span> <span class='ocrx_word' id='word_1_18' title='bbox 1440 301 1480 340; x_wconf 90' lang='lat' dir='ltr'>in</span> <span class='ocrx_word' id='word_1_19' title='bbox 1494 313 1570 340; x_wconf 93' lang='lat' dir='ltr'>suo</span> <span class='ocrx_word' id='word_1_20' title='bbox 1583 306 1697 340; x_wconf 90' lang='lat' dir='ltr'>motu</span> 
     </span>
     <span class='ocr_line' id='line_1_3' title="bbox 117 366 1692 418; baseline -0.001 -12"><span class='ocrx_word' id='word_1_21' title='bbox 117 368 244 408; x_wconf 87' lang='lat' dir='ltr'>limite</span> <span class='ocrx_word' id='word_1_22' title='bbox 261 372 419 413; x_wconf 86' lang='lat' dir='ltr'>carent,</span> <span class='ocrx_word' id='word_1_23' title='bbox 435 366 695 418; x_wconf 89' lang='lat' dir='ltr'>potissimum</span> <span class='ocrx_word' id='word_1_24' title='bbox 717 366 757 405; x_wconf 93' lang='lat' dir='ltr'>in</span> <span class='ocrx_word' id='word_1_25' title='bbox 779 367 963 414; x_wconf 87' lang='lat' dir='ltr'>homine;</span> <span class='ocrx_word' id='word_1_26' title='bbox 980 366 1020 404; x_wconf 90' lang='lat' dir='ltr'>in</span> <span class='ocrx_word' id='word_1_27' title='bbox 1041 380 1133 418; x_wconf 88' lang='lat' dir='ltr'>quo,</span> <span class='ocrx_word' id='word_1_28' title='bbox 1153 372 1317 418; x_wconf 87' lang='lat' dir='ltr'>propter</span> <span class='ocrx_word' id='word_1_29' title='bbox 1340 366 1543 405; x_wconf 75' lang='lat' dir='ltr'>infiuxum</span> <span class='ocrx_word' id='word_1_30' title='bbox 1562 366 1692 417; x_wconf 88' lang='lat' dir='ltr'>partis</span> 
     </span>
     <span class='ocr_line' id='line_1_4' title="bbox 115 429 1694 482; baseline -0.001 -12"><span class='ocrx_word' id='word_1_31' title='bbox 115 431 407 478; x_wconf 89' lang='lat' dir='ltr'>intellectivae,</span> <span class='ocrx_word' id='word_1_32' title='bbox 430 430 640 471; x_wconf 91' lang='lat' dir='ltr'>obiectum</span> <span class='ocrx_word' id='word_1_33' title='bbox 663 430 904 482; x_wconf 79' lang='lat' dir='ltr'>passionum</span> <span class='ocrx_word' id='word_1_34' title='bbox 924 430 1182 470; x_wconf 85' lang='lat' dir='ltr'>indefinitam</span> <span class='ocrx_word' id='word_1_35' title='bbox 1215 431 1437 482; x_wconf 86' lang='lat' dir='ltr'>quamdam</span> <span class='ocrx_word' id='word_1_36' title='bbox 1463 429 1694 481; x_wconf 89' lang='lat' dir='ltr'>amplitudi-</span> 
     </span>
     <span class='ocr_line' id='line_1_5' title="bbox 116 496 1689 543; baseline -0.002 -8"><span class='ocrx_word' id='word_1_37' title='bbox 116 509 211 535; x_wconf 87' lang='lat' dir='ltr'>nem</span> <span class='ocrx_word' id='word_1_38' title='bbox 228 503 267 536; x_wconf 88' lang='lat' dir='ltr'>et</span> <span class='ocrx_word' id='word_1_39' title='bbox 288 496 548 536; x_wconf 78' lang='lat' dir='ltr'>durationem</span> <span class='ocrx_word' id='word_1_40' title='bbox 567 496 710 535; x_wconf 91' lang='lat' dir='ltr'>induit.</span> <span class='ocrx_word' id='word_1_41' title='bbox 731 497 880 543; x_wconf 84' lang='lat' dir='ltr'>Quare,</span> <span class='ocrx_word' id='word_1_42' title='bbox 903 500 937 535; x_wconf 92' lang='lat' dir='ltr'>si</span> <span class='ocrx_word' id='word_1_43' title='bbox 959 496 1089 535; x_wconf 86' lang='lat' dir='ltr'>libera</span> <span class='ocrx_word' id='word_1_44' title='bbox 1108 496 1189 536; x_wconf 91' lang='lat' dir='ltr'>illis</span> <span class='ocrx_word' id='word_1_45' title='bbox 1210 497 1357 537; x_wconf 89' lang='lat' dir='ltr'>fraena</span> <span class='ocrx_word' id='word_1_46' title='bbox 1377 498 1581 543; x_wconf 75' lang='lat' dir='ltr'>laxentur,</span> <span class='ocrx_word' id='word_1_47' title='bbox 1603 507 1689 533; x_wconf 89' lang='lat' dir='ltr'>non</span> 
     </span>
     <span class='ocr_line' id='line_1_6' title="bbox 116 559 1686 613; baseline -0.002 -13"><span class='ocrx_word' id='word_1_48' title='bbox 116 561 248 600; x_wconf 91' lang='lat' dir='ltr'>solum</span> <span class='ocrx_word' id='word_1_49' title='bbox 270 561 383 608; x_wconf 88' lang='lat' dir='ltr'>ordo,</span> <span class='ocrx_word' id='word_1_50' title='bbox 408 561 474 613; x_wconf 89' lang='lat' dir='ltr'>qui</span> <span class='ocrx_word' id='word_1_51' title='bbox 492 561 644 601; x_wconf 89' lang='lat' dir='ltr'>bonum</span> <span class='ocrx_word' id='word_1_52' title='bbox 662 568 724 600; x_wconf 91' lang='lat' dir='ltr'>est</span> <span class='ocrx_word' id='word_1_53' title='bbox 744 562 908 608; x_wconf 89' lang='lat' dir='ltr'>mentis,</span> <span class='ocrx_word' id='word_1_54' title='bbox 921 560 1089 600; x_wconf 90' lang='lat' dir='ltr'>omnino</span> <span class='ocrx_word' id='word_1_55' title='bbox 1105 561 1273 608; x_wconf 87' lang='lat' dir='ltr'>corruit,</span> <span class='ocrx_word' id='word_1_56' title='bbox 1293 560 1366 600; x_wconf 91' lang='lat' dir='ltr'>sed</span> <span class='ocrx_word' id='word_1_57' title='bbox 1385 560 1477 612; x_wconf 89' lang='lat' dir='ltr'>ipsa</span> <span class='ocrx_word' id='word_1_58' title='bbox 1493 559 1686 598; x_wconf 88' lang='lat' dir='ltr'>animalis</span> 
     </span>
     <span class='ocr_line' id='line_1_7' title="bbox 115 623 1686 676; baseline -0.001 -13"><span class='ocrx_word' id='word_1_59' title='bbox 115 625 199 665; x_wconf 88' lang='lat' dir='ltr'>vita</span> <span class='ocrx_word' id='word_1_60' title='bbox 219 624 524 676; x_wconf 76' lang='lat' dir='ltr'>pessumdatur.</span> <span class='ocrx_word' id='word_1_61' title='bbox 548 625 667 672; x_wconf 86' lang='lat' dir='ltr'>Quod</span> <span class='ocrx_word' id='word_1_62' title='bbox 688 625 791 664; x_wconf 89' lang='lat' dir='ltr'>adeo</span> <span class='ocrx_word' id='word_1_63' title='bbox 815 638 957 664; x_wconf 88' lang='lat' dir='ltr'>verum</span> <span class='ocrx_word' id='word_1_64' title='bbox 987 630 1061 672; x_wconf 90' lang='lat' dir='ltr'>est,</span> <span class='ocrx_word' id='word_1_65' title='bbox 1084 632 1127 664; x_wconf 90' lang='lat' dir='ltr'>ut</span> <span class='ocrx_word' id='word_1_66' title='bbox 1148 624 1290 671; x_wconf 88' lang='lat' dir='ltr'>brutis,</span> <span class='ocrx_word' id='word_1_67' title='bbox 1313 638 1419 676; x_wconf 87' lang='lat' dir='ltr'>quae</span> <span class='ocrx_word' id='word_1_68' title='bbox 1440 624 1491 663; x_wconf 93' lang='lat' dir='ltr'>ob</span> <span class='ocrx_word' id='word_1_69' title='bbox 1513 623 1686 663; x_wconf 88' lang='lat' dir='ltr'>rationis</span> 
     </span>
     <span class='ocr_line' id='line_1_8' title="bbox 116 690 1691 742; baseline -0.002 -12"><span class='ocrx_word' id='word_1_70' title='bbox 116 691 345 731; x_wconf 74' lang='lat' dir='ltr'>carentiam</span> <span class='ocrx_word' id='word_1_71' title='bbox 377 691 599 742; x_wconf 77' lang='lat' dir='ltr'>passiones</span> <span class='ocrx_word' id='word_1_72' title='bbox 620 691 812 730; x_wconf 87' lang='lat' dir='ltr'>ordinare</span> <span class='ocrx_word' id='word_1_73' title='bbox 841 690 1007 742; x_wconf 90' lang='lat' dir='ltr'>propria</span> <span class='ocrx_word' id='word_1_74' title='bbox 1038 690 1187 730; x_wconf 77' lang='lat' dir='ltr'>virtute</span> <span class='ocrx_word' id='word_1_75' title='bbox 1217 703 1299 729; x_wconf 88' lang='lat' dir='ltr'>non</span> <span class='ocrx_word' id='word_1_76' title='bbox 1322 696 1494 742; x_wconf 83' lang='lat' dir='ltr'>possunt</span> <span class='ocrx_word' id='word_1_77' title='bbox 1513 722 1521 737; x_wconf 98' lang='lat'>,</span> <span class='ocrx_word' id='word_1_78' title='bbox 1538 695 1691 728; x_wconf 87' lang='lat' dir='ltr'>natura</span> 
     </span>
     <span class='ocr_line' id='line_1_9' title="bbox 117 755 1688 810; baseline -0.001 -14"><span class='ocrx_word' id='word_1_79' title='bbox 117 757 296 810; x_wconf 86' lang='lat' dir='ltr'>providit</span> <span class='ocrx_word' id='word_1_80' title='bbox 323 757 532 806; x_wconf 88' lang='lat' dir='ltr'>instinctu,</span> <span class='ocrx_word' id='word_1_81' title='bbox 551 758 618 810; x_wconf 90' lang='lat' dir='ltr'>qui</span> <span class='ocrx_word' id='word_1_82' title='bbox 635 771 707 797; x_wconf 88' lang='lat' dir='ltr'>eas</span> <span class='ocrx_word' id='word_1_83' title='bbox 729 757 858 797; x_wconf 92' lang='lat' dir='ltr'>limite</span> <span class='ocrx_word' id='word_1_84' title='bbox 879 758 1016 809; x_wconf 83' lang='lat' dir='ltr'>aliquo</span> <span class='ocrx_word' id='word_1_85' title='bbox 1039 756 1174 808; x_wconf 89' lang='lat' dir='ltr'>quoad</span> <span class='ocrx_word' id='word_1_86' title='bbox 1204 762 1366 807; x_wconf 87' lang='lat' dir='ltr'>tempus</span> <span class='ocrx_word' id='word_1_87' title='bbox 1397 755 1626 796; x_wconf 75' lang='lat' dir='ltr'>durationis</span> <span class='ocrx_word' id='word_1_88' title='bbox 1649 762 1688 795; x_wconf 90' lang='lat' dir='ltr'>et</span> 
     </span>
     <span class='ocr_line' id='line_1_10' title="bbox 118 819 1688 876; baseline -0.002 -12"><span class='ocrx_word' id='word_1_89' title='bbox 118 824 284 864; x_wconf 88' lang='lat' dir='ltr'>modum</span> <span class='ocrx_word' id='word_1_90' title='bbox 303 819 489 863; x_wconf 73' lang='lat' dir='ltr'>exercitii</span> <span class='ocrx_word' id='word_1_91' title='bbox 511 824 686 875; x_wconf 70' lang='lat' dir='ltr'>physice</span> <span class='ocrx_word' id='word_1_92' title='bbox 708 824 997 876; x_wconf 72' lang='lat' dir='ltr'>adstringeret.</span> <span class='ocrx_word' id='word_1_93' title='bbox 1013 824 1067 862; x_wconf 79' lang='lat' dir='ltr'>At</span> <span class='ocrx_word' id='word_1_94' title='bbox 1084 823 1208 862; x_wconf 89' lang='lat' dir='ltr'>homo</span> <span class='ocrx_word' id='word_1_95' title='bbox 1231 823 1370 861; x_wconf 87' lang='lat' dir='ltr'>divina</span> <span class='ocrx_word' id='word_1_96' title='bbox 1390 824 1484 862; x_wconf 90' lang='lat' dir='ltr'>luce</span> <span class='ocrx_word' id='word_1_97' title='bbox 1502 822 1688 869; x_wconf 88' lang='lat' dir='ltr'>rationis,</span> 
     </span>
     <span class='ocr_line' id='line_1_11' title="bbox 118 886 1686 940; baseline -0.002 -13"><span class='ocrx_word' id='word_1_98' title='bbox 118 901 199 940; x_wconf 89' lang='lat' dir='ltr'>qua</span> <span class='ocrx_word' id='word_1_99' title='bbox 229 888 421 934; x_wconf 87' lang='lat' dir='ltr'>donatur,</span> <span class='ocrx_word' id='word_1_100' title='bbox 448 888 603 939; x_wconf 87' lang='lat' dir='ltr'>optime</span> <span class='ocrx_word' id='word_1_101' title='bbox 623 893 757 940; x_wconf 88' lang='lat' dir='ltr'>potest</span> <span class='ocrx_word' id='word_1_102' title='bbox 787 894 992 939; x_wconf 82' lang='lat' dir='ltr'>concepto</span> <span class='ocrx_word' id='word_1_103' title='bbox 1024 887 1167 926; x_wconf 83' lang='lat' dir='ltr'>ordine</span> <span class='ocrx_word' id='word_1_104' title='bbox 1189 886 1406 938; x_wconf 80' lang='lat' dir='ltr'>passiones</span> <span class='ocrx_word' id='word_1_105' title='bbox 1441 886 1616 937; x_wconf 88' lang='lat' dir='ltr'>dirigere</span> <span class='ocrx_word' id='word_1_106' title='bbox 1646 893 1686 924; x_wconf 87' lang='lat' dir='ltr'>et</span> 
     </span>
     <span class='ocr_line' id='line_1_12' title="bbox 117 954 1689 1006; baseline -0.001 -14"><span class='ocrx_word' id='word_1_107' title='bbox 117 962 361 1005; x_wconf 87' lang='lat' dir='ltr'>temperare,</span> <span class='ocrx_word' id='word_1_108' title='bbox 380 960 465 993; x_wconf 91' lang='lat' dir='ltr'>tum</span> <span class='ocrx_word' id='word_1_109' title='bbox 483 962 677 1006; x_wconf 88' lang='lat' dir='ltr'>respectu</span> <span class='ocrx_word' id='word_1_110' title='bbox 698 954 859 1002; x_wconf 90' lang='lat' dir='ltr'>obiecti,</span> <span class='ocrx_word' id='word_1_111' title='bbox 882 954 995 993; x_wconf 89' lang='lat' dir='ltr'>circa</span> <span class='ocrx_word' id='word_1_112' title='bbox 1015 954 1123 1005; x_wconf 87' lang='lat' dir='ltr'>quod</span> <span class='ocrx_word' id='word_1_113' title='bbox 1141 960 1371 999; x_wconf 79' lang='lat' dir='ltr'>versantur,</span> <span class='ocrx_word' id='word_1_114' title='bbox 1390 958 1475 991; x_wconf 90' lang='lat' dir='ltr'>tum</span> <span class='ocrx_word' id='word_1_115' title='bbox 1497 957 1689 1004; x_wconf 87' lang='lat' dir='ltr'>respectu</span> 
     </span>
     <span class='ocr_line' id='line_1_13' title="bbox 116 1016 1684 1069; baseline 0 -14"><span class='ocrx_word' id='word_1_116' title='bbox 116 1016 242 1063; x_wconf 84' lang='lat' dir='ltr'>modi,</span> <span class='ocrx_word' id='word_1_117' title='bbox 260 1030 312 1056; x_wconf 91' lang='lat' dir='ltr'>ne</span> <span class='ocrx_word' id='word_1_118' title='bbox 334 1017 514 1056; x_wconf 80' lang='lat' dir='ltr'>debitam</span> <span class='ocrx_word' id='word_1_119' title='bbox 535 1031 779 1057; x_wconf 87' lang='lat' dir='ltr'>mensuram</span> <span class='ocrx_word' id='word_1_120' title='bbox 800 1019 1018 1058; x_wconf 74' lang='lat' dir='ltr'>excedant.</span> <span class='ocrx_word' id='word_1_121' title='bbox 1042 1018 1160 1064; x_wconf 84' lang='lat' dir='ltr'>Quod</span> <span class='ocrx_word' id='word_1_122' title='bbox 1179 1018 1214 1056; x_wconf 91' lang='lat' dir='ltr'>si</span> <span class='ocrx_word' id='word_1_123' title='bbox 1233 1017 1274 1056; x_wconf 92' lang='lat' dir='ltr'>in</span> <span class='ocrx_word' id='word_1_124' title='bbox 1297 1018 1376 1056; x_wconf 89' lang='lat' dir='ltr'>hoc</span> <span class='ocrx_word' id='word_1_125' title='bbox 1399 1030 1539 1069; x_wconf 82' lang='lat' dir='ltr'>pugna</span> <span class='ocrx_word' id='word_1_126' title='bbox 1558 1029 1684 1067; x_wconf 84' lang='lat' dir='ltr'>saepe</span> 
     </span>
     <span class='ocr_line' id='line_1_14' title="bbox 115 1081 1688 1134; baseline 0.001 -16"><span class='ocrx_word' id='word_1_127' title='bbox 115 1093 198 1119; x_wconf 91' lang='lat' dir='ltr'>non</span> <span class='ocrx_word' id='word_1_128' title='bbox 215 1081 319 1120; x_wconf 88' lang='lat' dir='ltr'>levis</span> <span class='ocrx_word' id='word_1_129' title='bbox 338 1082 585 1121; x_wconf 86' lang='lat' dir='ltr'>sustinenda</span> <span class='ocrx_word' id='word_1_130' title='bbox 601 1088 676 1122; x_wconf 88' lang='lat' dir='ltr'>est:</span> <span class='ocrx_word' id='word_1_131' title='bbox 691 1083 833 1134; x_wconf 88' lang='lat' dir='ltr'>procul</span> <span class='ocrx_word' id='word_1_132' title='bbox 853 1082 976 1122; x_wconf 88' lang='lat' dir='ltr'>dubio</span> <span class='ocrx_word' id='word_1_133' title='bbox 998 1083 1065 1121; x_wconf 91' lang='lat' dir='ltr'>hic</span> <span class='ocrx_word' id='word_1_134' title='bbox 1085 1082 1173 1134; x_wconf 90' lang='lat' dir='ltr'>ipse</span> <span class='ocrx_word' id='word_1_135' title='bbox 1193 1081 1411 1121; x_wconf 82' lang='lat' dir='ltr'>conflictus</span> <span class='ocrx_word' id='word_1_136' title='bbox 1432 1081 1473 1120; x_wconf 92' lang='lat' dir='ltr'>in</span> <span class='ocrx_word' id='word_1_137' title='bbox 1490 1094 1688 1133; x_wconf 86' lang='lat' dir='ltr'>maguum</span> 
     </span>
     <span class='ocr_line' id='line_1_15' title="bbox 114 1143 1690 1198; baseline 0.002 -16"><span class='ocrx_word' id='word_1_138' title='bbox 114 1143 297 1184; x_wconf 88' lang='lat' dir='ltr'>hominis</span> <span class='ocrx_word' id='word_1_139' title='bbox 328 1145 657 1185; x_wconf 85' lang='lat' dir='ltr'>emolumentum</span> <span class='ocrx_word' id='word_1_140' title='bbox 674 1147 890 1186; x_wconf 81' lang='lat' dir='ltr'>redundat.</span> <span class='ocrx_word' id='word_1_141' title='bbox 910 1147 1069 1186; x_wconf 84' lang='lat' dir='ltr'>Exinde</span> <span class='ocrx_word' id='word_1_142' title='bbox 1089 1146 1198 1185; x_wconf 88' lang='lat' dir='ltr'>enim</span> <span class='ocrx_word' id='word_1_143' title='bbox 1220 1146 1478 1198; x_wconf 87' lang='lat' dir='ltr'>potissimum</span> <span class='ocrx_word' id='word_1_144' title='bbox 1500 1145 1690 1197; x_wconf 75' lang='lat' dir='ltr'>exsurgit</span> 
     </span>
     <span class='ocr_line' id='line_1_16' title="bbox 113 1209 1689 1263; baseline -0.001 -16"><span class='ocrx_word' id='word_1_145' title='bbox 113 1209 184 1248; x_wconf 90' lang='lat' dir='ltr'>illa</span> <span class='ocrx_word' id='word_1_146' title='bbox 213 1210 374 1250; x_wconf 75' lang='lat' dir='ltr'>virtutis</span> <span class='ocrx_word' id='word_1_147' title='bbox 403 1211 628 1263; x_wconf 86' lang='lat' dir='ltr'>palaestra,</span> <span class='ocrx_word' id='word_1_148' title='bbox 651 1225 757 1263; x_wconf 87' lang='lat' dir='ltr'>quae</span> <span class='ocrx_word' id='word_1_149' title='bbox 779 1211 935 1250; x_wconf 91' lang='lat' dir='ltr'>homini</span> <span class='ocrx_word' id='word_1_150' title='bbox 956 1211 997 1249; x_wconf 92' lang='lat' dir='ltr'>in</span> <span class='ocrx_word' id='word_1_151' title='bbox 1018 1211 1098 1250; x_wconf 87' lang='lat' dir='ltr'>hac</span> <span class='ocrx_word' id='word_1_152' title='bbox 1122 1210 1206 1249; x_wconf 84' lang='lat' dir='ltr'>vita</span> <span class='ocrx_word' id='word_1_153' title='bbox 1234 1211 1287 1250; x_wconf 87' lang='lat' dir='ltr'>ad</span> <span class='ocrx_word' id='word_1_154' title='bbox 1316 1210 1559 1248; x_wconf 89' lang='lat' dir='ltr'>merendum</span> <span class='ocrx_word' id='word_1_155' title='bbox 1590 1221 1689 1260; x_wconf 88' lang='lat' dir='ltr'>pro—</span> 
     </span>
     <span class='ocr_line' id='line_1_17' title="bbox 114 1276 1692 1329; baseline 0 -14"><span class='ocrx_word' id='word_1_156' title='bbox 114 1276 249 1328; x_wconf 89' lang='lat' dir='ltr'>posita</span> <span class='ocrx_word' id='word_1_157' title='bbox 278 1282 340 1315; x_wconf 88' lang='lat' dir='ltr'>est</span> <span class='ocrx_word' id='word_1_158' title='bbox 370 1289 409 1316; x_wconf 81' lang='lat' dir='ltr'>et</span> <span class='ocrx_word' id='word_1_159' title='bbox 444 1277 768 1318; x_wconf 87' lang='lat' dir='ltr'>destinationem</span> <span class='ocrx_word' id='word_1_160' title='bbox 801 1278 888 1317; x_wconf 86' lang='lat' dir='ltr'>eius</span> <span class='ocrx_word' id='word_1_161' title='bbox 917 1278 958 1316; x_wconf 87' lang='lat' dir='ltr'>in</span> <span class='ocrx_word' id='word_1_162' title='bbox 975 1279 1183 1329; x_wconf 84' lang='lat' dir='ltr'>praesenti</span> <span class='ocrx_word' id='word_1_163' title='bbox 1212 1277 1435 1316; x_wconf 87' lang='lat' dir='ltr'>constituit.</span> <span class='ocrx_word' id='word_1_164' title='bbox 1460 1277 1692 1316; x_wconf 87' lang='lat' dir='ltr'>Passiones</span> 
     </span>
     <span class='ocr_line' id='line_1_18' title="bbox 115 1340 1690 1392; baseline 0 -13"><span class='ocrx_word' id='word_1_165' title='bbox 115 1340 239 1392; x_wconf 87' lang='lat' dir='ltr'>igitur</span> <span class='ocrx_word' id='word_1_166' title='bbox 269 1354 342 1392; x_wconf 88' lang='lat' dir='ltr'>pro</span> <span class='ocrx_word' id='word_1_167' title='bbox 372 1342 575 1382; x_wconf 77' lang='lat' dir='ltr'>libertatis</span> <span class='ocrx_word' id='word_1_168' title='bbox 605 1356 684 1382; x_wconf 90' lang='lat' dir='ltr'>usu</span> <span class='ocrx_word' id='word_1_169' title='bbox 713 1343 766 1382; x_wconf 84' lang='lat' dir='ltr'>ad</span> <span class='ocrx_word' id='word_1_170' title='bbox 798 1343 952 1382; x_wconf 89' lang='lat' dir='ltr'>bonum</span> <span class='ocrx_word' id='word_1_171' title='bbox 983 1348 1022 1381; x_wconf 92' lang='lat' dir='ltr'>et</span> <span class='ocrx_word' id='word_1_172' title='bbox 1042 1343 1196 1381; x_wconf 90' lang='lat' dir='ltr'>malum</span> <span class='ocrx_word' id='word_1_173' title='bbox 1227 1341 1407 1392; x_wconf 84' lang='lat' dir='ltr'>torqueri</span> <span class='ocrx_word' id='word_1_174' title='bbox 1438 1348 1623 1392; x_wconf 84' lang='lat' dir='ltr'>possunt,</span> <span class='ocrx_word' id='word_1_175' title='bbox 1649 1346 1690 1379; x_wconf 91' lang='lat' dir='ltr'>et</span> 
     </span>
     <span class='ocr_line' id='line_1_19' title="bbox 118 1404 1687 1459; baseline 0.001 -17"><span class='ocrx_word' id='word_1_176' title='bbox 118 1404 274 1443; x_wconf 88' lang='lat' dir='ltr'>homini</span> <span class='ocrx_word' id='word_1_177' title='bbox 306 1406 427 1445; x_wconf 90' lang='lat' dir='ltr'>datae</span> <span class='ocrx_word' id='word_1_178' title='bbox 457 1412 552 1445; x_wconf 85' lang='lat' dir='ltr'>sunt</span> <span class='ocrx_word' id='word_1_179' title='bbox 583 1415 795 1459; x_wconf 88' lang='lat' dir='ltr'>tamquam</span> <span class='ocrx_word' id='word_1_180' title='bbox 826 1406 1096 1446; x_wconf 87' lang='lat' dir='ltr'>domitoribus</span> <span class='ocrx_word' id='word_1_181' title='bbox 1125 1406 1230 1458; x_wconf 89' lang='lat' dir='ltr'>equi,</span> <span class='ocrx_word' id='word_1_182' title='bbox 1251 1413 1294 1444; x_wconf 89' lang='lat' dir='ltr'>ut</span> <span class='ocrx_word' id='word_1_183' title='bbox 1320 1407 1437 1456; x_wconf 89' lang='lat' dir='ltr'>quasi</span> <span class='ocrx_word' id='word_1_184' title='bbox 1467 1405 1508 1443; x_wconf 90' lang='lat' dir='ltr'>in</span> <span class='ocrx_word' id='word_1_185' title='bbox 1537 1419 1687 1457; x_wconf 61' lang='lat' dir='ltr'>gyrum</span> 
     </span>
     <span class='ocr_line' id='line_1_20' title="bbox 119 1467 1407 1522; baseline 0.003 -17"><span class='ocrx_word' id='word_1_186' title='bbox 119 1467 267 1508; x_wconf 90' lang='lat' dir='ltr'>ductae</span> <span class='ocrx_word' id='word_1_187' title='bbox 297 1469 542 1510; x_wconf 87' lang='lat' dir='ltr'>edomentur</span> <span class='ocrx_word' id='word_1_188' title='bbox 571 1476 693 1522; x_wconf 89' lang='lat' dir='ltr'>atque</span> <span class='ocrx_word' id='word_1_189' title='bbox 722 1471 896 1510; x_wconf 88' lang='lat' dir='ltr'>rationis</span> <span class='ocrx_word' id='word_1_190' title='bbox 927 1470 1095 1522; x_wconf 85' lang='lat' dir='ltr'>imperio</span> <span class='ocrx_word' id='word_1_191' title='bbox 1125 1470 1407 1509; x_wconf 88' lang='lat' dir='ltr'>subiiciantur.</span> 
     </span>
    </p>
   </div>
   <div class='ocr_carea' id='block_1_3' title="bbox 629 1598 1182 1650">
    <p class='ocr_par' dir='ltr' id='par_1_3' title="bbox 629 1598 1182 1650">
     <span class='ocr_line' id='line_1_21' title="bbox 629 1598 1182 1650; baseline -0.004 -13"><span class='ocrx_word' id='word_1_192' title='bbox 629 1598 867 1637; x_wconf 68' lang='lat' dir='ltr'>Solvuntur</span> <span class='ocrx_word' id='word_1_193' title='bbox 895 1598 1182 1650; x_wconf 63' lang='lat' dir='ltr'>clg&#39;sficultcztes.</span> 
     </span>
    </p>
   </div>
   <div class='ocr_carea' id='block_1_4' title="bbox 110 1728 1687 2948">
    <p class='ocr_par' dir='ltr' id='par_1_4' title="bbox 110 1728 1687 1913">
     <span class='ocr_line' id='line_1_22' title="bbox 166 1728 1686 1781; baseline -0.005 -8"><span class='ocrx_word' id='word_1_194' title='bbox 166 1734 234 1773; x_wconf 78' lang='lat'>74.</span> <span class='ocrx_word' id='word_1_195' title='bbox 266 1732 393 1772; x_wconf 66' lang='lat' dir='ltr'>Obia&#39;c.</span> <span class='ocrx_word' id='word_1_196' title='bbox 426 1731 455 1772; x_wconf 79' lang='grc' dir='ltr'>Γ.</span> <span class='ocrx_word' id='word_1_197' title='bbox 485 1733 647 1773; x_wconf 88' lang='lat' dir='ltr'>Tullius</span> <span class='ocrx_word' id='word_1_198' title='bbox 668 1734 713 1772; x_wconf 80' lang='lat' dir='ltr'>in</span> <span class='ocrx_word' id='word_1_199' title='bbox 737 1733 860 1772; x_wconf 72' lang='lat' dir='ltr'>ter-tio</span> <span class='ocrx_word' id='word_1_200' title='bbox 879 1731 987 1771; x_wconf 71' lang='lat' dir='ltr'>libro</span> <span class='ocrx_word' id='word_1_201' title='bbox 1015 1732 1365 1770; x_wconf 70' lang='lat' dir='ltr'>Tusculanarum</span> <span class='ocrx_word' id='word_1_202' title='bbox 1386 1728 1686 1781; x_wconf 69' lang='lat' dir='ltr'>quaestionum</span> 
     </span>
     <span class='ocr_line' id='line_1_23' title="bbox 111 1792 1687 1849; baseline -0.003 -13"><span class='ocrx_word' id='word_1_203' title='bbox 111 1797 333 1848; x_wconf 89' lang='lat' dir='ltr'>passiones</span> <span class='ocrx_word' id='word_1_204' title='bbox 363 1798 545 1849; x_wconf 86' lang='lat' dir='ltr'>appellat</span> <span class='ocrx_word' id='word_1_205' title='bbox 571 1797 697 1836; x_wconf 91' lang='lat' dir='ltr'>animi</span> <span class='ocrx_word' id='word_1_206' title='bbox 717 1797 908 1836; x_wconf 69' lang='lat' dir='ltr'>’morbos</span> <span class='ocrx_word' id='word_1_207' title='bbox 931 1796 1012 1835; x_wconf 85' lang='lat' dir='ltr'>Sed</span> <span class='ocrx_word' id='word_1_208' title='bbox 1032 1798 1202 1834; x_wconf 84' lang='lat' dir='ltr'>morbus</span> <span class='ocrx_word' id='word_1_209' title='bbox 1224 1793 1349 1832; x_wconf 90' lang='lat' dir='ltr'>animi</span> <span class='ocrx_word' id='word_1_210' title='bbox 1380 1800 1443 1832; x_wconf 86' lang='lat' dir='ltr'>est</span> <span class='ocrx_word' id='word_1_211' title='bbox 1472 1792 1687 1832; x_wconf 86' lang='lat' dir='ltr'>moraliter</span> 
     </span>
     <span class='ocr_line' id='line_1_24' title="bbox 110 1858 1386 1913; baseline -0.003 -14"><span class='ocrx_word' id='word_1_212' title='bbox 110 1861 259 1900; x_wconf 87' lang='lat' dir='ltr'>malus.</span> <span class='ocrx_word' id='word_1_213' title='bbox 291 1861 403 1913; x_wconf 85' lang='lat' dir='ltr'>Ergo</span> <span class='ocrx_word' id='word_1_214' title='bbox 435 1861 657 1913; x_wconf 87' lang='lat' dir='ltr'>passiones</span> <span class='ocrx_word' id='word_1_215' title='bbox 687 1874 759 1913; x_wconf 87' lang='lat' dir='ltr'>per</span> <span class='ocrx_word' id='word_1_216' title='bbox 789 1873 835 1899; x_wconf 90' lang='lat' dir='ltr'>se</span> <span class='ocrx_word' id='word_1_217' title='bbox 867 1861 1082 1911; x_wconf 76' lang='lat' dir='ltr'>inspectae</span> <span class='ocrx_word' id='word_1_218' title='bbox 1113 1866 1210 1899; x_wconf 91' lang='lat' dir='ltr'>sunt</span> <span class='ocrx_word' id='word_1_219' title='bbox 1239 1858 1386 1904; x_wconf 86' lang='lat' dir='ltr'>malae,</span> 
     </span>
    </p>

    <p class='ocr_par' dir='ltr' id='par_1_5' title="bbox 113 1920 1685 2431">
     <span class='ocr_line' id='line_1_25' title="bbox 166 1920 1684 1976; baseline -0.002 -13"><span class='ocrx_word' id='word_1_220' title='bbox 166 1925 215 1963; x_wconf 80' lang='lat' dir='ltr'>R.</span> <span class='ocrx_word' id='word_1_221' title='bbox 246 1925 293 1963; x_wconf 89' lang='lat' dir='ltr'>Id</span> <span class='ocrx_word' id='word_1_222' title='bbox 323 1925 485 1964; x_wconf 85' lang='lat' dir='ltr'>Tullius</span> <span class='ocrx_word' id='word_1_223' title='bbox 515 1924 666 1964; x_wconf 89' lang='lat' dir='ltr'>asserit</span> <span class='ocrx_word' id='word_1_224' title='bbox 705 1938 757 1964; x_wconf 79' lang='lat' dir='ltr'>ex</span> <span class='ocrx_word' id='word_1_225' title='bbox 787 1924 981 1976; x_wconf 90' lang='lat' dir='ltr'>opinione</span> <span class='ocrx_word' id='word_1_226' title='bbox 1014 1923 1273 1971; x_wconf 70' lang='lat' dir='ltr'>Stoicorum,</span> <span class='ocrx_word' id='word_1_227' title='bbox 1319 1934 1425 1974; x_wconf 90' lang='lat' dir='ltr'>quae</span> <span class='ocrx_word' id='word_1_228' title='bbox 1456 1935 1481 1960; x_wconf 91' lang='lat' dir='ltr'>a</span> <span class='ocrx_word' id='word_1_229' title='bbox 1510 1920 1684 1960; x_wconf 87' lang='lat' dir='ltr'>veritate</span> 
     </span>
     <span class='ocr_line' id='line_1_26' title="bbox 114 1984 1683 2040; baseline -0.002 -14"><span class='ocrx_word' id='word_1_230' title='bbox 114 1987 297 2027; x_wconf 88' lang='lat' dir='ltr'>discedit.</span> <span class='ocrx_word' id='word_1_231' title='bbox 329 1988 523 2028; x_wconf 90' lang='lat' dir='ltr'>Ceterum</span> <span class='ocrx_word' id='word_1_232' title='bbox 568 1989 786 2040; x_wconf 87' lang='lat' dir='ltr'>passiones</span> <span class='ocrx_word' id='word_1_233' title='bbox 824 1988 902 2027; x_wconf 90' lang='lat' dir='ltr'>dici</span> <span class='ocrx_word' id='word_1_234' title='bbox 934 1994 1108 2040; x_wconf 87' lang='lat' dir='ltr'>possunt</span> <span class='ocrx_word' id='word_1_235' title='bbox 1151 1987 1281 2026; x_wconf 89' lang='lat' dir='ltr'>morbi</span> <span class='ocrx_word' id='word_1_236' title='bbox 1326 1994 1365 2026; x_wconf 88' lang='lat' dir='ltr'>et</span> <span class='ocrx_word' id='word_1_237' title='bbox 1399 1984 1683 2037; x_wconf 83' lang='lat' dir='ltr'>aegritudines</span> 
     </span>
     <span class='ocr_line' id='line_1_27' title="bbox 115 2050 1685 2105; baseline -0.001 -14"><span class='ocrx_word' id='word_1_238' title='bbox 115 2052 253 2100; x_wconf 85' lang='lat' dir='ltr'>animi,</span> <span class='ocrx_word' id='word_1_239' title='bbox 284 2054 448 2105; x_wconf 90' lang='lat' dir='ltr'>quando</span> <span class='ocrx_word' id='word_1_240' title='bbox 478 2060 623 2094; x_wconf 82' lang='lat' dir='ltr'>carent</span> <span class='ocrx_word' id='word_1_241' title='bbox 652 2053 936 2093; x_wconf 86' lang='lat' dir='ltr'>moderamine</span> <span class='ocrx_word' id='word_1_242' title='bbox 958 2053 1157 2101; x_wconf 87' lang='lat' dir='ltr'>rationis;</span> <span class='ocrx_word' id='word_1_243' title='bbox 1181 2060 1220 2093; x_wconf 90' lang='lat' dir='ltr'>et</span> <span class='ocrx_word' id='word_1_244' title='bbox 1239 2052 1281 2091; x_wconf 90' lang='lat' dir='ltr'>in</span> <span class='ocrx_word' id='word_1_245' title='bbox 1310 2052 1391 2091; x_wconf 92' lang='lat' dir='ltr'>hoc</span> <span class='ocrx_word' id='word_1_246' title='bbox 1411 2064 1540 2090; x_wconf 88' lang='lat' dir='ltr'>sensu</span> <span class='ocrx_word' id='word_1_247' title='bbox 1561 2050 1685 2090; x_wconf 90' lang='lat' dir='ltr'>dictio</span> 
     </span>
     <span class='ocr_line' id='line_1_28' title="bbox 116 2113 1682 2171; baseline -0.003 -16"><span class='ocrx_word' id='word_1_248' title='bbox 116 2117 186 2156; x_wconf 84' lang='lat' dir='ltr'>illa</span> <span class='ocrx_word' id='word_1_249' title='bbox 213 2130 340 2169; x_wconf 88' lang='lat' dir='ltr'>saepe</span> <span class='ocrx_word' id='word_1_250' title='bbox 371 2124 595 2171; x_wconf 85' lang='lat' dir='ltr'>usurpatur</span> <span class='ocrx_word' id='word_1_251' title='bbox 616 2131 809 2157; x_wconf 89' lang='lat' dir='ltr'>sermone</span> <span class='ocrx_word' id='word_1_252' title='bbox 830 2117 1052 2157; x_wconf 88' lang='lat' dir='ltr'>communi.</span> <span class='ocrx_word' id='word_1_253' title='bbox 1074 2118 1230 2156; x_wconf 88' lang='lat' dir='ltr'>Verum</span> <span class='ocrx_word' id='word_1_254' title='bbox 1256 2116 1296 2154; x_wconf 89' lang='lat' dir='ltr'>id</span> <span class='ocrx_word' id='word_1_255' title='bbox 1325 2122 1471 2155; x_wconf 87' lang='lat' dir='ltr'>contra</span> <span class='ocrx_word' id='word_1_256' title='bbox 1499 2127 1577 2153; x_wconf 91' lang='lat' dir='ltr'>nos</span> <span class='ocrx_word' id='word_1_257' title='bbox 1599 2113 1682 2152; x_wconf 86' lang='lat' dir='ltr'>vim</span> 
     </span>
     <span class='ocr_line' id='line_1_29' title="bbox 115 2182 1679 2236; baseline -0.003 -13"><span class='ocrx_word' id='word_1_258' title='bbox 115 2194 198 2224; x_wconf 89' lang='lat' dir='ltr'>non</span> <span class='ocrx_word' id='word_1_259' title='bbox 227 2184 355 2224; x_wconf 87' lang='lat' dir='ltr'>habet</span> <span class='ocrx_word' id='word_1_260' title='bbox 378 2198 386 2232; x_wconf 88' lang='lat'>;</span> <span class='ocrx_word' id='word_1_261' title='bbox 419 2183 621 2236; x_wconf 90' lang='lat' dir='ltr'>siquidem</span> <span class='ocrx_word' id='word_1_262' title='bbox 651 2183 873 2236; x_wconf 89' lang='lat' dir='ltr'>passiones</span> <span class='ocrx_word' id='word_1_263' title='bbox 901 2183 1184 2223; x_wconf 86' lang='lat' dir='ltr'>indifferentes</span> <span class='ocrx_word' id='word_1_264' title='bbox 1213 2195 1307 2222; x_wconf 89' lang='lat' dir='ltr'>esse</span> <span class='ocrx_word' id='word_1_265' title='bbox 1337 2182 1530 2229; x_wconf 83' lang='lat' dir='ltr'>diximus,</span> <span class='ocrx_word' id='word_1_266' title='bbox 1560 2187 1679 2231; x_wconf 87' lang='lat' dir='ltr'>prout</span> 
     </span>
     <span class='ocr_line' id='line_1_30' title="bbox 115 2243 1678 2299; baseline -0.004 -12"><span class='ocrx_word' id='word_1_267' title='bbox 115 2260 189 2298; x_wconf 87' lang='lat' dir='ltr'>per</span> <span class='ocrx_word' id='word_1_268' title='bbox 218 2261 263 2287; x_wconf 94' lang='lat' dir='ltr'>se</span> <span class='ocrx_word' id='word_1_269' title='bbox 293 2254 551 2299; x_wconf 83' lang='lat' dir='ltr'>spectantur,</span> <span class='ocrx_word' id='word_1_270' title='bbox 578 2261 661 2288; x_wconf 88' lang='lat' dir='ltr'>non</span> <span class='ocrx_word' id='word_1_271' title='bbox 691 2248 732 2286; x_wconf 94' lang='lat' dir='ltr'>in</span> <span class='ocrx_word' id='word_1_272' title='bbox 762 2252 961 2299; x_wconf 90' lang='lat' dir='ltr'>quantum</span> <span class='ocrx_word' id='word_1_273' title='bbox 991 2252 1153 2298; x_wconf 87' lang='lat' dir='ltr'>praeter</span> <span class='ocrx_word' id='word_1_274' title='bbox 1174 2246 1381 2287; x_wconf 80' lang='lat' dir='ltr'>dictamen</span> <span class='ocrx_word' id='word_1_275' title='bbox 1410 2243 1583 2283; x_wconf 88' lang='lat' dir='ltr'>rationis</span> <span class='ocrx_word' id='word_1_276' title='bbox 1612 2243 1678 2281; x_wconf 91' lang='lat' dir='ltr'>in-</span> 
     </span>
     <span class='ocr_line' id='line_1_31' title="bbox 113 2309 1681 2366; baseline -0.004 -13"><span class='ocrx_word' id='word_1_277' title='bbox 113 2322 302 2366; x_wconf 88' lang='lat' dir='ltr'>surgunt.</span> <span class='ocrx_word' id='word_1_278' title='bbox 334 2315 403 2353; x_wconf 87' lang='lat' dir='ltr'>Sic</span> <span class='ocrx_word' id='word_1_279' title='bbox 433 2315 570 2353; x_wconf 89' lang='lat' dir='ltr'>malae</span> <span class='ocrx_word' id='word_1_280' title='bbox 600 2313 680 2353; x_wconf 89' lang='lat' dir='ltr'>dici</span> <span class='ocrx_word' id='word_1_281' title='bbox 709 2320 896 2366; x_wconf 90' lang='lat' dir='ltr'>possunt,</span> <span class='ocrx_word' id='word_1_282' title='bbox 928 2326 1010 2352; x_wconf 89' lang='lat' dir='ltr'>non</span> <span class='ocrx_word' id='word_1_283' title='bbox 1032 2312 1289 2363; x_wconf 73' lang='lat' dir='ltr'>formaliter</span> <span class='ocrx_word' id='word_1_284' title='bbox 1318 2312 1391 2351; x_wconf 90' lang='lat' dir='ltr'>sed</span> <span class='ocrx_word' id='word_1_285' title='bbox 1421 2309 1681 2363; x_wconf 73' lang='lat' dir='ltr'>dc&#39;sposz‘tz&#39;re;</span> 
     </span>
     <span class='ocr_line' id='line_1_32' title="bbox 116 2379 820 2431; baseline -0.001 -13"><span class='ocrx_word' id='word_1_286' title='bbox 116 2386 321 2431; x_wconf 89' lang='lat' dir='ltr'>quatenus</span> <span class='ocrx_word' id='word_1_287' title='bbox 353 2380 405 2418; x_wconf 90' lang='lat' dir='ltr'>ad</span> <span class='ocrx_word' id='word_1_288' title='bbox 439 2380 592 2418; x_wconf 88' lang='lat' dir='ltr'>malum</span> <span class='ocrx_word' id='word_1_289' title='bbox 624 2379 820 2419; x_wconf 87' lang='lat' dir='ltr'>alliciunt.</span> 
     </span>
    </p>

    <p class='ocr_par' dir='ltr' id='par_1_6' title="bbox 110 2442 1683 2563">
     <span class='ocr_line' id='line_1_33' title="bbox 167 2442 1683 2496; baseline -0.002 -13"><span class='ocrx_word' id='word_1_290' title='bbox 167 2445 295 2484; x_wconf 78' lang='lat' dir='ltr'>Obz‘z&#39;c.</span> <span class='ocrx_word' id='word_1_291' title='bbox 328 2445 380 2483; x_wconf 88' lang='grc' dir='ltr'>ΙΙ.</span> <span class='ocrx_word' id='word_1_292' title='bbox 399 2444 604 2496; x_wconf 86' lang='lat' dir='ltr'>Quidquid</span> <span class='ocrx_word' id='word_1_293' title='bbox 623 2444 779 2484; x_wconf 88' lang='lat' dir='ltr'>inducit</span> <span class='ocrx_word' id='word_1_294' title='bbox 800 2445 853 2483; x_wconf 89' lang='lat' dir='ltr'>ad</span> <span class='ocrx_word' id='word_1_295' title='bbox 872 2445 1145 2496; x_wconf 87' lang='lat' dir='ltr'>peccandum,</span> <span class='ocrx_word' id='word_1_296' title='bbox 1167 2444 1319 2482; x_wconf 92' lang='lat' dir='ltr'>malum</span> <span class='ocrx_word' id='word_1_297' title='bbox 1347 2449 1410 2482; x_wconf 91' lang='lat' dir='ltr'>est</span> <span class='ocrx_word' id='word_1_298' title='bbox 1440 2442 1683 2482; x_wconf 86' lang='lat' dir='ltr'>formaliter.</span> 
     </span>
     <span class='ocr_line' id='line_1_34' title="bbox 110 2508 1676 2563; baseline -0.003 -13"><span class='ocrx_word' id='word_1_299' title='bbox 110 2512 235 2563; x_wconf 86' lang='lat' dir='ltr'>Atqui</span> <span class='ocrx_word' id='word_1_300' title='bbox 252 2510 471 2562; x_wconf 88' lang='lat' dir='ltr'>passiones</span> <span class='ocrx_word' id='word_1_301' title='bbox 487 2509 689 2549; x_wconf 89' lang='lat' dir='ltr'>inducunt</span> <span class='ocrx_word' id='word_1_302' title='bbox 706 2510 758 2549; x_wconf 89' lang='lat' dir='ltr'>ad</span> <span class='ocrx_word' id='word_1_303' title='bbox 771 2509 1045 2560; x_wconf 86' lang='lat' dir='ltr'>peccandum.</span> <span class='ocrx_word' id='word_1_304' title='bbox 1059 2510 1169 2561; x_wconf 88' lang='lat' dir='ltr'>Ergo</span> <span class='ocrx_word' id='word_1_305' title='bbox 1180 2511 1316 2549; x_wconf 88' lang='lat' dir='ltr'>malae</span> <span class='ocrx_word' id='word_1_306' title='bbox 1329 2515 1423 2548; x_wconf 88' lang='lat' dir='ltr'>sunt</span> <span class='ocrx_word' id='word_1_307' title='bbox 1439 2508 1676 2548; x_wconf 85' lang='lat' dir='ltr'>formaliter.</span> 
     </span>
    </p>

    <p class='ocr_par' dir='ltr' id='par_1_7' title="bbox 111 2571 1684 2948">
     <span class='ocr_line' id='line_1_35' title="bbox 161 2571 1676 2623; baseline -0.003 -10"><span class='ocrx_word' id='word_1_308' title='bbox 161 2575 211 2613; x_wconf 83' lang='lat' dir='ltr'>R.</span> <span class='ocrx_word' id='word_1_309' title='bbox 246 2575 367 2622; x_wconf 78' lang='lat' dir='ltr'>Cone,</span> <span class='ocrx_word' id='word_1_310' title='bbox 401 2574 498 2614; x_wconf 76' lang='lat' dir='ltr'>mai.</span> <span class='ocrx_word' id='word_1_311' title='bbox 532 2579 572 2613; x_wconf 92' lang='lat' dir='ltr'>et</span> <span class='ocrx_word' id='word_1_312' title='bbox 600 2573 695 2612; x_wconf 73' lang='lat' dir='ltr'>dist.</span> <span class='ocrx_word' id='word_1_313' title='bbox 717 2573 836 2611; x_wconf 80' lang='lat' dir='ltr'>min:</span> <span class='ocrx_word' id='word_1_314' title='bbox 870 2573 1098 2612; x_wconf 88' lang='lat' dir='ltr'>Passiones</span> <span class='ocrx_word' id='word_1_315' title='bbox 1118 2572 1319 2612; x_wconf 88' lang='lat' dir='ltr'>inducunt</span> <span class='ocrx_word' id='word_1_316' title='bbox 1349 2573 1401 2612; x_wconf 90' lang='lat' dir='ltr'>ad</span> <span class='ocrx_word' id='word_1_317' title='bbox 1417 2571 1676 2623; x_wconf 86' lang='lat' dir='ltr'>peccandum</span> 
     </span>
     <span class='ocr_line' id='line_1_36' title="bbox 113 2636 1678 2688; baseline -0.002 -12"><span class='ocrx_word' id='word_1_318' title='bbox 113 2650 208 2676; x_wconf 86' lang='lat' dir='ltr'>cum</span> <span class='ocrx_word' id='word_1_319' title='bbox 238 2651 264 2677; x_wconf 91' lang='lat' dir='ltr'>a</span> <span class='ocrx_word' id='word_1_320' title='bbox 292 2637 454 2677; x_wconf 88' lang='lat' dir='ltr'>ratione</span> <span class='ocrx_word' id='word_1_321' title='bbox 474 2651 558 2677; x_wconf 89' lang='lat' dir='ltr'>non</span> <span class='ocrx_word' id='word_1_322' title='bbox 579 2636 838 2684; x_wconf 79' lang='lat' dir='ltr'>cohibentur,</span> <span class='ocrx_word' id='word_1_323' title='bbox 861 2649 986 2683; x_wconf 73' lang='lat' dir='ltr'>conc,</span> <span class='ocrx_word' id='word_1_324' title='bbox 1011 2649 1106 2675; x_wconf 90' lang='lat' dir='ltr'>cum</span> <span class='ocrx_word' id='word_1_325' title='bbox 1137 2636 1394 2684; x_wconf 81' lang='lat' dir='ltr'>cohibentur,</span> <span class='ocrx_word' id='word_1_326' title='bbox 1426 2649 1543 2688; x_wconf 68' lang='lat' dir='ltr'>neyo.</span> <span class='ocrx_word' id='word_1_327' title='bbox 1563 2636 1678 2674; x_wconf 89' lang='lat' dir='ltr'>Tan-</span> 
     </span>
     <span class='ocr_line' id='line_1_37' title="bbox 111 2696 1677 2756; baseline 0 -17"><span class='ocrx_word' id='word_1_328' title='bbox 111 2707 196 2741; x_wconf 89' lang='lat' dir='ltr'>tum</span> <span class='ocrx_word' id='word_1_329' title='bbox 226 2703 347 2744; x_wconf 88' lang='lat' dir='ltr'>abest</span> <span class='ocrx_word' id='word_1_330' title='bbox 376 2711 419 2743; x_wconf 92' lang='lat' dir='ltr'>ut</span> <span class='ocrx_word' id='word_1_331' title='bbox 448 2696 681 2756; x_wconf 77' lang='lat' dir='ltr'>passiones,</span> <span class='ocrx_word' id='word_1_332' title='bbox 704 2704 849 2743; x_wconf 81' lang='lat' dir='ltr'>fraeno</span> <span class='ocrx_word' id='word_1_333' title='bbox 871 2702 1039 2742; x_wconf 81' lang='lat' dir='ltr'>rationis</span> <span class='ocrx_word' id='word_1_334' title='bbox 1069 2702 1277 2742; x_wconf 89' lang='lat' dir='ltr'>cohibitae</span> <span class='ocrx_word' id='word_1_335' title='bbox 1307 2709 1346 2742; x_wconf 91' lang='lat' dir='ltr'>et</span> <span class='ocrx_word' id='word_1_336' title='bbox 1375 2702 1602 2749; x_wconf 80' lang='lat' dir='ltr'>ordinatae,</span> <span class='ocrx_word' id='word_1_337' title='bbox 1625 2702 1677 2740; x_wconf 88' lang='lat' dir='ltr'>ad</span> 
     </span>
     <span class='ocr_line' id='line_1_38' title="bbox 116 2764 1684 2819; baseline -0.001 -15"><span class='ocrx_word' id='word_1_338' title='bbox 116 2768 372 2815; x_wconf 88' lang='lat' dir='ltr'>peccandum</span> <span class='ocrx_word' id='word_1_339' title='bbox 393 2767 605 2815; x_wconf 83' lang='lat' dir='ltr'>inducant,</span> <span class='ocrx_word' id='word_1_340' title='bbox 621 2774 664 2807; x_wconf 90' lang='lat' dir='ltr'>ut</span> <span class='ocrx_word' id='word_1_341' title='bbox 680 2767 817 2819; x_wconf 91' lang='lat' dir='ltr'>potius</span> <span class='ocrx_word' id='word_1_342' title='bbox 837 2767 889 2806; x_wconf 88' lang='lat' dir='ltr'>ad</span> <span class='ocrx_word' id='word_1_343' title='bbox 905 2766 1096 2805; x_wconf 75' lang='lat' dir='ltr'>virtutem</span> <span class='ocrx_word' id='word_1_344' title='bbox 1118 2765 1363 2817; x_wconf 87' lang='lat' dir='ltr'>pertineant.</span> <span class='ocrx_word' id='word_1_345' title='bbox 1390 2764 1684 2817; x_wconf 87' lang='lat' dir='ltr'>Temperantia</span> 
     </span>
     <span class='ocr_line' id='line_1_39' title="bbox 118 2829 1676 2883; baseline -0.001 -16"><span class='ocrx_word' id='word_1_346' title='bbox 118 2829 224 2868; x_wconf 90' lang='lat' dir='ltr'>enim</span> <span class='ocrx_word' id='word_1_347' title='bbox 255 2835 293 2869; x_wconf 87' lang='lat' dir='ltr'>et</span> <span class='ocrx_word' id='word_1_348' title='bbox 321 2831 533 2879; x_wconf 84' lang='lat' dir='ltr'>fortitudo,</span> <span class='ocrx_word' id='word_1_349' title='bbox 563 2837 608 2870; x_wconf 90' lang='lat' dir='ltr'>ut</span> <span class='ocrx_word' id='word_1_350' title='bbox 639 2831 747 2871; x_wconf 84' lang='lat' dir='ltr'>infra</span> <span class='ocrx_word' id='word_1_351' title='bbox 776 2831 1033 2879; x_wconf 89' lang='lat' dir='ltr'>videbimus,</span> <span class='ocrx_word' id='word_1_352' title='bbox 1062 2831 1103 2870; x_wconf 90' lang='lat' dir='ltr'>in</span> <span class='ocrx_word' id='word_1_353' title='bbox 1133 2838 1250 2883; x_wconf 86' lang='lat' dir='ltr'>parte</span> <span class='ocrx_word' id='word_1_354' title='bbox 1295 2829 1606 2882; x_wconf 87' lang='lat' dir='ltr'>concupiscibili</span> <span class='ocrx_word' id='word_1_355' title='bbox 1637 2833 1676 2866; x_wconf 87' lang='lat' dir='ltr'>et</span> 
     </span>
     <span class='ocr_line' id='line_1_40' title="bbox 122 2893 1531 2948; baseline 0 -17"><span class='ocrx_word' id='word_1_356' title='bbox 122 2893 321 2932; x_wconf 89' lang='lat' dir='ltr'>irascibili</span> <span class='ocrx_word' id='word_1_357' title='bbox 350 2894 555 2945; x_wconf 86' lang='lat' dir='ltr'>appetitus</span> <span class='ocrx_word' id='word_1_358' title='bbox 585 2895 763 2943; x_wconf 89' lang='lat' dir='ltr'>sensilis,</span> <span class='ocrx_word' id='word_1_359' title='bbox 795 2902 1006 2948; x_wconf 87' lang='lat' dir='ltr'>tamquam</span> <span class='ocrx_word' id='word_1_360' title='bbox 1035 2895 1077 2934; x_wconf 90' lang='lat' dir='ltr'>in</span> <span class='ocrx_word' id='word_1_361' title='bbox 1107 2895 1306 2943; x_wconf 86' lang='lat' dir='ltr'>subiecto,</span> <span class='ocrx_word' id='word_1_362' title='bbox 1336 2894 1531 2934; x_wconf 87' lang='lat' dir='ltr'>resident.</span> 
     </span>
    </p>
   </div>
  </div>
 </body>
</html>
