1970 3203
199 232 278 273 266
572 245 639 272 1us
669 245 871 272 NATURAE
892 256 913 262 -
933 246 1040 272 PARS
1070 246 1108 271 11.
1137 247 1201 274 ius
1227 247 1397 274 sociALE

198 319 415 372 regiminis
445 326 532 359 tota
561 326 717 372 quanta
737 325 800 359 est
820 320 902 359 huc
925 326 1098 371 spectat,
1130 327 1175 360 ut
1204 321 1497 362 auctoritatem
1528 321 1776 375 tripartitam

199 383 382 430 inducat,
413 396 507 422 cum
539 383 781 436 aequilibrio
813 383 1005 436 partium.
1037 384 1298 438 Quapropter
1321 398 1543 437 supremae
1561 384 1780 437 potestatis

200 449 431 489 subiectum
463 450 627 498 scindit,
657 463 833 502 eamque
864 464 947 490 non
978 456 1063 489 tam
1084 457 1301 503 temperat,
1322 465 1446 504 quam
1471 452 1606 505 potius
1628 451 1782 491 discer-

198 514 256 566 pit
285 514 392 554 inter
422 514 660 566 Principem
679 547 687 563 ,
718 514 940 566 optimates
971 524 1012 555 et
1041 515 1250 567 populum.
1283 515 1403 562 Quod
1433 515 1527 556 licet
1567 517 1782 556 abstracte

197 582 436 634 speciosum
468 580 598 620 videri
628 588 782 633 posset,
814 588 954 621 tamen
976 581 1017 619 in
1038 588 1236 621 concreto
1259 581 1455 621 vitiosum
1476 588 1551 632 est;
1573 582 1778 635 siquidem

198 645 445 698 principium
476 645 611 697 ipsum
645 645 802 684 ordinis
833 645 991 685 unitate
1012 645 1211 686 destituit:
1240 646 1320 685 hac
1342 652 1481 685 autem
1507 646 1684 699 dempta,
1710 659 1789 685 ae-

200 725 276 765 gre
326 711 550 751 admodum
582 725 664 763 pax
695 719 735 751 et
764 711 1066 764 tranquillitas,
1103 725 1209 764 quae
1253 712 1481 751 maximum
1525 712 1681 752 bonum
1725 716 1789 752 est

199 775 468 828 reipublicae,
499 776 539 814 in
572 776 772 816 societate
803 775 1050 816 servabitur.
1081 777 1169 815 Iam
1202 776 1290 816 suis
1310 776 1566 828 temporibus
1610 776 1782 815 Tacitus

199 840 349 889 aiebat,
380 839 603 878 mixturam
635 840 755 879 trium
784 839 1034 891 simplicium
1064 840 1292 880 formarum
1322 841 1539 893 regiminis
1570 840 1611 879 in
1641 846 1782 880 mente

198 904 351 954 potius,
383 917 508 955 quam
539 904 580 942 in
612 917 656 943 re
687 904 959 956 spectabilem
991 918 1104 945 esse:
1126 905 1302 945 Delectat
1325 920 1375 946 ex
1395 906 1461 945 his
1483 908 1523 945 et
1541 904 1784 944 consociata

206 968 465 1021 reipublicae
482 971 639 1020 forma
672 969 1056 1020 laudarisacilizts
1077 973 1230 1023 potest,
1262 984 1393 1023 quam
1423 971 1607 1016 evenire·
1640 970 1716 1015 vel,
1747 968 1787 1007 si

197 1033 397 1081 evenerit,
429 1034 548 1072 haud
575 1033 788 1072 diuturna
818 1046 905 1073 esse
929 1037 1067 1086 potest
1098 1035 1172 1085 (1).
1205 1034 1410 1087 Quicquid
1439 1034 1489 1073 de
1511 1034 1591 1072 hac
1621 1039 1786 1072 senten-

202 1099 260 1138 tia
288 1100 523 1151 generatim
555 1099 620 1147 sit,
651 1113 701 1139 ea
733 1099 885 1152 optime
916 1100 1094 1153 quadrat
1122 1100 1163 1139 in
1185 1100 1361 1140 sormam
1384 1100 1601 1152 regiminis
1621 1112 1786 1151 reprae-

200 1165 406 1214 sentativi;
438 1179 557 1218 quae,
587 1174 631 1206 ut
662 1166 758 1214 dixi,
790 1179 873 1206 non
905 1173 990 1205 tam
1021 1167 1460 1220 contemperationem,
1493 1180 1619 1220 quam
1650 1167 1787 1218 potius

200 1231 431 1271 scissuram
461 1232 725 1271 auctoritatis
755 1232 927 1280 inducit,
958 1246 1008 1271 ac
1039 1232 1210 1284 proinde
1241 1233 1379 1273 studia
1409 1233 1587 1285 partium
1621 1239 1660 1271 et
1677 1231 1784 1270 divi-

199 1300 360 1339 sionem
391 1300 639 1339 animorum.

255 1366 450 1405 Secunda
479 1379 577 1405 vero
608 1379 706 1418 pars
728 1366 927 1417 probatur
948 1380 1001 1406 ex
1024 1379 1084 1414 eo,
1107 1367 1215 1418 quod
1238 1366 1416 1406 inveniri
1436 1371 1573 1419 potest
1593 1365 1783 1418 populus,

204 1432 285 1484 qui,
308 1433 373 1471 vel
393 1438 560 1484 propter
581 1432 835 1483 peculiarem
856 1432 1039 1472 indolem
1061 1434 1126 1472 vel
1159 1440 1324 1485 propter
1344 1434 1515 1485 longam
1553 1438 1783 1471 consuetu—

201 1496 485 1542 (liiieni‚altei²i
507 1495 664 1536 formae
685 1497 901 1549 regiminis
919 1511 1138 1550 perperam
1161 1499 1517 1539 accommodatur.
1532 1500 1651 1537 Tunc
1673 1504 1787 1537 certe

201 1568 395 1613 respectu
424 1561 549 1600 huius
580 1561 718 1612 populi
738 1561 883 1610 forma,
916 1562 964 1601 de
995 1575 1079 1614 qua
1098 1563 1322 1615 loquimur,
1353 1562 1581 1615 praestabit
1618 1561 1787 1609 ceteris;

199 1625 400 1677 siquidem
417 1625 633 1677 regiminis
654 1625 832 1673 bonitas,
853 1633 894 1665 ut
925 1640 1052 1678 supra
1082 1627 1181 1674 dixi,
1211 1628 1384 1667 relative
1415 1633 1620 1679 spectata,
1645 1626 1786 1665 diiudi-

200 1690 337 1729 canda
351 1696 477 1730 estex
490 1690 768 1742 congruentia
794 1691 1189 1739 subiecti,nimirum
1218 1690 1490 1730 multitudinis
1516 1690 1785 1730 ordinandae.

253 1755 444 1807 Denique
476 1755 595 1794 tertia
616 1769 714 1807 pars
735 1755 932 1795 facillime
954 1762 1077 1808 patet.
1102 1758 1208 1796 Nam
1232 1757 1413 1797 debitum
1444 1757 1706 1797 obedientiae
1728 1769 1782 1795 ex

199 1829 316 1873 parte
340 1822 597 1861 subditorum
616 1835 698 1861 non
716 1821 911 1861 fundatur
928 1822 968 1860 in
986 1822 1240 1874 perfectione
1258 1829 1494 1863 structurae
1512 1822 1694 1870 socialis,
1713 1823 1787 1861 sed

198 1888 241 1925 in
264 1887 440 1927 iuridica
470 1887 738 1939 possessione
767 1888 1026 1928 auctoritatis
1057 1902 1110 1927 ex
1132 1895 1248 1940 parte
1268 1890 1558 1941 gubernantis.
1581 1890 1637 1930 At
1658 1901 1780 1928 nemo

199 1967 280 1993 non
299 1953 412 1993 videt
427 1953 675 2006 gubernium
694 1953 1112 2005 repraesentativum,
1130 1955 1197 1994 ubi
1214 1955 1397 2008 legitime
1414 1955 1695 1995 introductum
1713 1959 1788 2001 est,

202 2020 495 2060 auctoritatem
527 2020 614 2060 iure
638 2021 862 2072 possidere.
887 2022 998 2074 Ergo
1030 2021 1107 2073 ipsi
1130 2021 1365 2061 obedientia
1387 2021 1476 2060 iure
1498 2021 1670 2060 debetur
1692 2033 1717 2058 a
1740 2018 1791 2058 ci-

204 2085 338 2125 vibus.
363 2087 603 2133 Praeterea,
627 2086 761 2126 forma
782 2087 1011 2138 regiminis,
1034 2093 1255 2140 utcumque
1278 2086 1531 2139 imperfecta,
1555 2097 1782 2137 numquam

210 2163 283 2201 per
313 2163 358 2189 se
390 2151 501 2189 mala
531 2157 594 2190 est
623 2151 663 2189 in
685 2164 841 2202 genere
876 2165 1063 2199 morum3
1095 2151 1297 2202 siquidem
1329 2149 1585 2202 imperfectio
1616 2146 1790 2200 respicit

201 2214 504 2267 organismum,
536 2214 601 2266 qui
632 2214 877 2254 indifferens
907 2228 978 2266 per
1000 2228 1044 2254 se
1067 2222 1141 2261 est,
1164 2221 1201 2254 et
1232 2221 1317 2254 tum
1348 2214 1401 2252 ad
1431 2214 1585 2252 bonum
1617 2219 1703 2252 tum
1737 2211 1792 2250 ad

201 2280 355 2317 malum
380 2280 491 2319 flecti
517 2286 666 2330 potest,
696 2292 770 2331 pro
801 2280 1021 2319 honestate
1052 2286 1122 2319 aut
1152 2279 1358 2331 pravitate
1381 2278 1564 2317 motoris.
1588 2276 1713 2330 Atqui
1736 2275 1789 2315 ab

202 2343 451 2393 obedientia,
483 2344 706 2396 imperanti
737 2344 889 2391 debita,
920 2344 960 2382 id
990 2351 1150 2384 tantum
1181 2343 1325 2383 eximit
1355 2342 1542 2382 subditos
1571 2341 1681 2394 quod
1703 2352 1786 2378 mo-

201 2407 278 2445 rali
309 2408 468 2447 malitia
497 2414 695 2460 turpatur.
727 2409 838 2460 Ergo
870 2420 1159 2459 quaecumque
1190 2406 1271 2446 sint
1293 2405 1572 2453 incommoda,
1603 2417 1709 2457 quae
1738 2403 1780 2441 in

202 2476 431 2522 systemate
460 2471 818 2524 repraesentativo
840 2471 975 2510 notari
995 2471 1166 2522 possint,
1189 2484 1311 2511 nemo
1333 2471 1386 2510 ab
1408 2468 1671 2510 obedientiae
1690 2467 1785 2505 vin-

207 2538 301 2577 culo
334 2538 521 2585 solvitur,
553 2538 788 2585 dummodo,
819 2550 926 2590 quae
956 2537 1282 2590 praecipiuntur,
1318 2537 1544 2576 inhonesta
1573 2546 1656 2573 non
1688 2533 1781 2572 sint.

259 2603 320 2642 72.
355 2603 612 2642 PRoposiTio
643 2602 700 2642 2³.
730 2603 852 2642 Haec
878 2606 1026 2652 forma
1058 2602 1295 2655 regiminis,
1329 2606 1376 2641 ut
1394 2602 1451 2641 ad
1469 2601 1624 2639 bonam
1647 2598 1783 2651 reipu-

206 2669 341 2708 blicae
371 2669 583 2708 stabiliter
610 2669 939 2721 procurandum
964 2669 1115 2708 idonea
1138 2669 1301 2716 evadat,
1323 2683 1348 2708 a
1365 2666 1612 2721 praecipuis
1633 2666 1785 2705 saltem

209 2734 333 2782 vitiis,
366 2747 476 2786 quae
508 2734 551 2772 in
584 2734 674 2786 ipsa
705 2738 817 2782 sunt,
852 2734 1033 2774 liberam·
1058 2734 1235 2773 deberet.

264 2798 388 2837 Prob.
411 2797 597 2836 Primum
620 2798 763 2838 vitium
785 2804 849 2838 est
869 2797 1198 2845 fundamentum,
1230 2810 1309 2847 quo
1332 2795 1562 2848 superstrui
1584 2796 1704 2843 solet,
1735 2796 1786 2834 de

208 2877 406 2917 suprema
427 2863 566 2916 populi
589 2864 820 2903 maiestate.
840 2865 932 2903 Hoc
953 2863 1267 2902 fundamentum
1289 2875 1373 2901 non
1391 2862 1514 2901 modo
1538 2861 1686 2900 salsum
1709 2866 1786 2908 est,

258 2996 308 3037 (1)
335 2996 552 3034 Annalium,
574 2996 633 3034 lv,
657 2997 702 3028 33.
