1970 3203
210 230 288 273 204
602 245 668 272 lUS
699 244 903 271 NATURAE
934 242 1041 269 PARS
1071 242 1108 269 11.
1140 243 1207 270 lUS
1235 241 1405 269 SOCIALE

208 318 280 357 tim
302 318 494 357 cavenda
513 326 635 370 atque
652 318 706 357 ad
726 317 920 356 vitandas
937 316 1106 356 fraudes
1126 330 1233 370 quae
1254 317 1434 369 irrepere
1450 321 1634 371 possent,
1653 321 1694 356 et
1718 315 1798 356 sol-

212 384 410 424 licitiores
438 383 481 423 in
503 384 669 437 proprio
692 383 831 424 officio
852 383 1128 424 continendos
1150 383 1364 436 coniuges,
1385 385 1510 437 longe
1541 383 1800 424 conformius

209 449 361 490 rationi
383 449 641 498 videatur‚ut
657 449 782 490 etiam
804 449 847 489 in
859 449 975 489 hisce
991 456 1065 490 aut
1085 449 1373 489 consimilibus
1399 450 1570 491 casibus
1585 450 1798 490 vinculum

210 515 432 568 coniugale
452 516 608 556 resolvi
626 529 715 556 -non
740 516 913 565 debeat;
935 522 1075 556 tamen
1095 516 1177 555 hoc
1199 529 1282 555 non
1304 515 1538 556 absolutam
1562 517 1798 558 necessita-

210 588 304 628 tem,
326 580 400 620 sed
416 586 576 619 tantum
597 580 800 620 maiorem
825 586 1001 620 naturae
1023 581 1341 632 congruentiam
1362 581 1576 622 includere
1601 582 1680 623 dici
1697 595 1798 635 pos-

211 653 285 693 set,
308 657 362 684 ex
382 657 465 696 qua
485 644 672 697 legitima
692 646 925 685 auctoritas
946 645 999 683 ad
1015 658 1107 684 eam
1130 644 1470 697 praecipiendam
1487 646 1696 698 sapienter
1712 659 1795 686 mo-

213 716 371 751 veatur.
395 712 534 758 Quare
557 711 835 752 decretorium
857 717 1162 764 argumentum,
1194 724 1274 764 quo
1296 711 1486 751 absolute
1515 712 1723 763 probatur,
1754 713 1797 752 in

212 776 325 816 nullo
347 790 449 816 casu
471 777 637 829 nuptias
659 790 754 817 esse
784 775 996 821 solubiles,
1018 788 1068 816 ex
1091 775 1183 827 lege
1206 775 1460 827 evangelica
1482 775 1723 817 desumitur:
1753 777 1796 815 in

210 856 292 895 qua
312 844 625 883 matrimonium
648 849 840 884 evectum
862 849 926 882 est
946 843 999 882 ad
1017 842 1310 883 excellentiam
1330 842 1604 891 Sacramenti,
1625 842 1799 883 indisso-

210 908 382 948 lubilem
396 909 551 948 Christi
569 923 662 948 curn
675 909 869 949 Ecclesia
886 908 1138 948 iunctionem
1161 907 1457 960 significantis.
1477 907 1546 947 Sic
1564 908 1673 947 enim
1691 921 1795 948 con-

210 973 369 1026 iugium
391 973 561 1013 nativae
594 987 697 1013 suae
727 973 975 1025 perfectioni
1005 973 1240 1013 restitutum
1264 981 1348 1021 est,
1380 986 1430 1013 ac
1453 979 1570 1012 tanta
1599 973 1796 1012 firmitate

211 1038 424 1084 donatum,
457 1044 499 1077 ut
521 1051 573 1077 ex
596 1039 709 1078 nulla
730 1051 863 1077 causa
892 1037 1074 1078 rescindi
1095 1038 1232 1090 quoad
1254 1038 1463 1077 vinculum
1484 1038 1628 1090 possit.
1661 1038 1797 1085 Unde,

209 1110 254 1142 ut
274 1101 405 1153 inquit
425 1103 665 1153 Apostolus,
685 1103 853 1142 nonnisi
875 1109 1008 1143 morte
1029 1103 1270 1143 alterutrius
1291 1103 1485 1155 coniugis
1507 1103 1722 1150 dirimitur,
1745 1115 1797 1141 ac

211 1179 346 1205 novas
369 1167 539 1206 ineundi
561 1168 728 1220 nuptias
748 1169 794 1207 fit
815 1167 994 1208 facultas
1016 1171 1089 1220 (1).
1114 1169 1258 1217 Immo,
1280 1175 1323 1208 ut
1338 1169 1427 1220 ipse
1449 1169 1643 1208 Christus
1665 1167 1724 1208 ait
1754 1167 1797 1206 in

208 1231 459 1283 Evangelio,
480 1232 564 1271 iam
586 1246 612 1272 a
632 1233 774 1272 mundi
796 1232 969 1273 exordio
1000 1234 1081 1273 hoc
1103 1239 1373 1285 praeceptum
1394 1246 1420 1272 a
1440 1234 1528 1272 Deo
1552 1232 1694 1271 datum
1715 1231 1795 1270 ho—

210 1295 309 1334 mini
334 1296 419 1345 fuit,
434 1310 511 1337 nec
533 1297 613 1336 nisi
633 1297 684 1336 ob
701 1297 987 1349 pervicaciam
1007 1298 1135 1337 animi
1158 1297 1323 1337 Iudaeis
1337 1298 1379 1336 in
1397 1298 1490 1349 lege
1511 1296 1645 1338 veteri
1666 1309 1794 1348 repu-
1840 1288 1843 1291 Α

213 1360 323 1400 dium
346 1361 492 1401 uxoris
514 1361 565 1400 ob
587 1361 864 1413 gravissimas
883 1375 1037 1401 causas
1059 1361 1309 1412 permissum
1325 1367 1400 1401 est.
1426 1361 1508 1400 Sed
1530 1366 1692 1400 remota
1711 1359 1794 1398 im-

210 1424 464 1476 perfectione
485 1426 649 1465 illorum
666 1433 911 1478 temporum,
923 1434 962 1466 et
978 1426 1147 1466 homine
1165 1427 1204 1465 vi
1220 1426 1383 1478 gratiae
1400 1426 1452 1464 ad
1468 1426 1593 1476 longe
1610 1424 1795 1464 nobilio—

207 1503 295 1529 rem
313 1490 501 1529 ordinem
517 1489 710 1539 adducto,
724 1497 1056 1530 consentaneum
1075 1490 1150 1529 fuit
1165 1495 1208 1529 ut
1224 1489 1533 1528 matrimonium
1551 1489 1604 1527 ad
1620 1488 1791 1541 primiti-

209 1569 305 1595 vam
322 1555 387 1595 sui
403 1555 704 1595 institutionem
720 1563 1142 1608 revocaretur,atque
1162 1555 1216 1595 ad
1237 1556 1487 1607 completam
1504 1554 1699 1607 propriae
1721 1567 1794 1594 na-

208 1630 326 1663 turae
357 1622 667 1675 perfectionem,
699 1636 805 1675 quae
834 1622 988 1662 vinculi
1019 1622 1335 1675 perpetuitatem
1367 1621 1549 1673 requirit.
1583 1621 1711 1672 quue
1742 1633 1792 1660 eo

206 1689 506 1742 congruentius
529 1689 638 1728 effici
660 1688 802 1741 potuit,
832 1689 943 1741 quod
963 1689 1087 1736 Deus,
1119 1689 1215 1727 dum
1239 1687 1441 1727 eiusmodi
1471 1699 1578 1725 onus
1598 1686 1788 1738 imponit,

208 1755 373 1795 interna
395 1755 532 1804 etiam,
551 1768 627 1807 ope
643 1754 819 1807 gratiae,
833 1754 994 1794 auxilia
1011 1753 1231 1801 ministrat,
1245 1753 1392 1806 quibus
1409 1752 1532 1792 facile
1544 1752 1790 1804 perferatur.

722 1886 963 1925 Solvuntur-
993 1886 1280 1939 dffeultates.

259 2021 321 2059 15.
355 2018 483 2058 Obiz'e.
507 2020 536 2057 I.
570 2018 885 2058 Matrimonium
918 2023 981 2058 est
1003 2018 1170 2070 quidam
1203 2023 1460 2058 contractus.
1492 2016 1620 2068 Atqui
1653 2016 1792 2055 omnis

205 2091 447 2125 contractus
475 2084 584 2124 sicut
604 2098 813 2125 consensu
831 2086 1094 2125 voluntatum
1115 2083 1401 2135 adstringitur,
1434 2082 1494 2122 sic
1516 2083 1662 2122 eodem
1688 2095 1787 2122 con-

205 2162 335 2189 sensu
365 2148 552 2188 solvitur.
585 2149 696 2201 Ergo
728 2149 901 2189 solubile
931 2155 994 2188 est
1024 2147 1346 2187 matrimonium.

257 2213 307 2251 R.
328 2212 550 2251 Dc‘st.mczi.·
577 2212 891 2251 iNs'Iatrimonium
905 2220 967 2252 est
984 2216 1227 2252 contractus
1244 2210 1474 2250 consimilis
1491 2215 1667 2249 naturae
1686 2223 1779 2249 cum

203 2279 442 2331 aliis,neyo;
464 2278 527 2317 sui
544 2278 908 2329 ge11eris,subdz·st.·
927 2285 990 2318 est
1006 2291 1120 2318 mere
1141 2283 1525 2329 contractus‚ne90;
1543 2284 1606 2317 est
1622 2285 1788 2317 contra·

203 2351 296 2385 ctus
317 2346 506 2385 elevatus
522 2345 563 2384 in
580 2345 672 2396 lege
688 2345 935 2398 evangelica
955 2345 1008 2384 ad
1025 2344 1281 2384 nobilitatem
1299 2343 1565 2392 sacramenti,
1584 2343 1782 2383 concedo.

261 2409 588 2456 Matrimonium,
611 2408 736 2448 etiam
756 2409 991 2460 inspectum
1015 2416 1057 2447 ut
1075 2414 1329 2456 contractus,
1360 2408 1525 2448 excedit
1545 2408 1647 2447 alios
1668 2420 1788 2460 quos-

204 2488 403 2527 cumque,
435 2488 528 2514 cum
551 2488 625 2527 pro
646 2474 822 2514 materia
851 2474 1005 2514 habeat
1035 2487 1118 2513 non
1139 2487 1205 2514 res
1237 2474 1418 2513 dominio
1449 2474 1684 2521 subiectas,
1716 2473 1791 2513 sed

246 2608 298 2648 (1)
326 2608 376 2639 En
400 2608 501 2639 Pauli
526 2608 636 2639 verba
659 2608 705 2640 ad
728 2609 916 2640 Romanos
942 2617 969 2639 c.
986 2608 1023 2639 7:
1048 2607 1148 2639 Nam
1171 2616 1269 2648 quae
1293 2607 1359 2638 sul>
1383 2606 1463 2638 viro
1487 2608 1543 2637 est
1565 2603 1711 2642 mulier,
1734 2603 1790 2636 oi-

203 2665 308 2694 vente
333 2661 425 2699 viz-0,
450 2661 617 2702 (cllissccz‘a
635 2665 690 2694 est
715 2661 802 2703 Ceyx}
827 2661 861 2705 si
877 2664 1003 2694 autem
1026 2660 1338 2701 mot-tuussaerit
1360 2660 1419 2692 uir·
1434 2659 1525 2697 eius,
1550 2658 1715 2691 liberata
1732 2662 1789 2690 est

204 2724 229 2746 a
243 2713 321 2755 Znge
338 2712 418 2745 vir-i.
445 2713 577 2754 Igyitw',
605 2713 748 2746 vivente
772 2713 1073 2752 oiromoeabitm·
1090 2712 1282 2750 adultera,
1300 2712 1334 2744 si
1347 2711 1474 2753 suet-it
1492 2720 1575 2743 cum
1594 2710 1672 2743 alio
1691 2710 1784 2742 uir-o.

203 2769 294 2800 Tum
319 2767 350 2799 in
373 2767 488 2809 prima
511 2768 555 2798 ad
574 2767 777 2799 Corinthios
804 2778 880 2809 cap.
899 2768 927 2799 7:
951 2768 1007 2800 Iis
1030 2770 1167 2805 autem,
1195 2766 1258 2808 qui
1281 2765 1525 2798 matrimonio
1549 2764 1670 2797 iuneti
1693 2767 1791 2803 sunt,

198 2822 398 2865 praecipio
423 2831 498 2852 ηοη
523 2831 589 2861 esso
606 2846 613 2856 ,
638 2821 703 2853 scd
727 2822 923 2859 Dominus,
947 2831 1106 2854 axos-em
1131 2831 1156 2853 a
1179 2820 1260 2852 vir-o
1290 2829 1365 2851 non
1389 2818 1583 2852 discedere
1597 2831 1609 2857 ,⁴
1633 2817 1733 2861 quod
1757 2817 1792 2850 si

203 2873 446 2911 discesserit,
474 2882 627 2904 manere
652 2873 851 2915 innuptam
866 2899 873 2910 ,
905 2877 974 2905 αιιτ
996 2873 1076 2905 cil-o
1101 2882 1168 2903 suo
1192 2870 1444 2903 reconciliari.
1479 2871 1525 2903 Et
1547 2870 1604 2902 oi]-
1628 2879 1790 2903 umorem

206 2935 282 2957 non
306 2924 485 2957 dimittat.
