1970 3203
417 219 553 245 CAPUT
581 218 634 244 111.
663 219 716 246 DE
746 219 916 248 officiis
945 221 1116 250 HOM1N1s
1145 221 1255 248 ERGA
1290 221 1468 248 SEIPSUM
1666 210 1743 247 155

173 295 376 335 violentas
405 294 482 334 sibi
510 308 660 334 manus
688 295 831 343 infert;
862 309 887 335 a
920 296 1059 335 divina
1089 296 1347 337 ordinatione
1376 310 1422 336 se
1451 296 1669 344 subtrahit,
1703 302 1744 335 et

171 359 237 399 ius
267 359 343 399 sibi
373 366 573 412 arrogat,
603 360 712 413 quod
739 360 869 401 solius
901 361 976 400 Dei
1007 366 1081 401 est.

224 426 459 474 Praeterea,
478 426 624 477 negari
642 426 781 478 nequit
801 426 1089 467 exsistentiam
1110 441 1310 480 magnum
1332 441 1425 468 esse
1442 428 1596 467 bonum
1613 441 1622 476 ;
1645 441 1740 467 cum

168 489 482 529 fundamentum
504 490 556 529 sit
576 489 786 530 felicitatis
807 490 1061 543 aliorumque
1079 491 1294 540 bonorum,
1318 506 1424 545 quae
1447 491 1623 544 assequi
1643 505 1743 544 pos-

172 565 329 592 sumus.
361 554 424 593 Ex
452 567 532 606 quo
563 555 607 593 fit
636 560 680 593 ut
708 554 889 594 naturali
918 554 1187 594 inclinatione
1215 556 1328 594 illam
1359 562 1574 608 tantopere
1604 569 1734 608 appe-

176 622 325 656 tamus.
356 618 435 664 Qui
463 617 589 670 igitur
609 618 685 658 sibi
703 619 991 660 exsistentiam
1023 619 1160 667 demit,
1192 634 1390 671 magnum
1419 622 1498 661 sibi
1526 621 1743 661 detrimen-

174 688 260 721 tum
290 683 412 722 affert
436 696 445 730 ;
478 681 573 734 quia
603 695 648 722 se
677 688 761 722 tam
791 682 1018 734 praestanti
1048 683 1198 735 spoliat
1227 683 1349 723 bono.
1388 686 1589 725 Amorem
1618 685 1745 738 igitur

168 747 294 787 laedit
322 747 400 787 sibi
431 747 624 788 debitum.
656 749 743 787 Nec
774 748 883 788 dicat
912 755 1058 788 auctor
1088 750 1327 801 systematis
1349 756 1523 790 naturae
1544 751 1586 789 id
1607 751 1741 799 vitari,

170 813 330 865 quoties
355 813 599 853 exsistentia
629 827 711 853 non
739 814 821 853 iam
850 813 1059 855 felicitatis
1096 815 1171 855 sed
1199 815 1392 855 miseriae
1423 815 1744 856 fundamentum

171 877 320 916 evadit.
352 878 458 916 Nam
488 877 523 916 si
552 877 748 917 nobilitas
776 877 957 918 hominis
986 878 1063 918 rite
1097 885 1319 930 spectetur,
1351 878 1599 919 exsistentia
1629 892 1744 917 nun—

170 955 293 994 quam
324 941 474 981 desinit
503 954 596 981 esse
626 941 934 982 fundamentum
965 956 1091 982 verae
1120 943 1340 992 felicitatis,
1372 957 1478 996 quae
1508 943 1549 982 in
1583 943 1745 982 ordina-

169 1005 281 1046 tione
310 1006 363 1045 ad
392 1006 630 1046 beatitatem
661 1006 819 1046 futurae
849 1006 959 1047 vitae
987 1008 1068 1047 sita
1088 1014 1163 1048 est.
1186 1009 1302 1047 Mala
1322 1009 1431 1048 enim
1452 1021 1742 1060 quaecumque

169 1083 247 1110 nos
277 1070 468 1117 obruant,
499 1084 723 1123 numquam
754 1071 939 1110 ordinem
970 1072 1023 1110 ad
1054 1072 1186 1111 Deum
1218 1072 1435 1112 detrahere
1459 1077 1653 1124 poterunt
1675 1076 1746 1109 aut

171 1133 281 1173 bona
308 1133 499 1184 perdere,
531 1147 636 1187 quae
665 1134 706 1172 in
737 1134 885 1173 virtute
914 1140 1011 1174 sunt
1040 1135 1186 1187 posita.
1218 1136 1342 1175 lmmo
1373 1136 1479 1175 haec
1509 1135 1672 1188 potiora
1703 1140 1745 1174 et

171 1199 431 1254 speciosiora
452 1200 710 1249 efficientur;
732 1200 933 1252 siquidem
953 1200 1010 1240 nil
1032 1201 1247 1240 sublimius
1267 1201 1309 1239 in
1331 1202 1475 1241 ordine
1493 1200 1640 1240 morali
1662 1207 1740 1246 est,

170 1276 293 1314 quam
327 1264 456 1304 virtus
486 1264 671 1312 immota,
702 1265 796 1304 licet
826 1265 1006 1317 undique
1026 1266 1334 1306 calamitatibus
1361 1266 1625 1305 labefactata.
1650 1267 1745 1316 Ipse

173 1328 347 1377 Seneca,
379 1330 571 1381 quamvis
601 1343 753 1369 carens
782 1331 936 1370 lumine
957 1330 1084 1379 Fidei,
1107 1331 1256 1379 aiebat,
1278 1332 1436 1370 nullum
1459 1333 1742 1383 spectaculum

169 1398 254 1432 tam
286 1395 386 1434 Iove
408 1394 588 1445 dignum,
611 1408 733 1446 quam
757 1395 915 1434 iustam
934 1408 1029 1434 eam
1051 1396 1230 1435 adversa
1248 1398 1439 1448 fortuna
1455 1399 1738 1448 paynantem.

226 1457 412 1510 Denique
440 1459 508 1510 qui
536 1458 614 1498 sibi
643 1465 816 1498 mortem
839 1458 1118 1506 consciscunt,
1139 1459 1230 1498 iura
1251 1459 1463 1499 societatis
1484 1460 1663 1507 laedunt;
1686 1460 1739 1498 ad

172 1523 289 1562 cuius
319 1524 472 1563 bonum
490 1524 677 1565 conferre
698 1525 852 1577 aliquid
872 1524 1034 1573 debent,
1055 1525 1090 1564 si
1112 1538 1195 1564 non
1217 1525 1421 1576 operibus,
1444 1526 1592 1564 saltem
1611 1525 1741 1564 animi

171 1590 408 1628 constantia
436 1596 475 1628 et
503 1590 739 1629 fortitudine
770 1604 820 1629 ac
854 1603 992 1629 rerum
1021 1591 1294 1629 adversarum
1339 1591 1570 1630 tolerantia.
1604 1592 1735 1630 Immo

169 1664 254 1691 non
285 1652 418 1690 solum
448 1652 546 1691 huic
577 1653 739 1707 muneri
770 1653 947 1700 desunt,
977 1653 1051 1692 sed
1080 1653 1204 1693 etiam
1235 1654 1514 1706 perniciosum
1543 1654 1746 1693 inducunt

170 1716 420 1767 exemplum,
437 1716 545 1768 quod
565 1716 687 1755 saluti
708 1716 882 1755 aliorum
905 1715 1056 1755 civium
1073 1716 1373 1757 interminatur.
1392 1717 1470 1763 Qui
1489 1716 1598 1755 enim
1616 1716 1744 1756 vitam

173 1795 248 1834 pro
279 1795 325 1822 se
355 1783 612 1830 contemnit,
643 1789 789 1821 contra
813 1781 987 1822 rationis
1016 1782 1316 1835 praescriptum
1338 1816 1346 1832 ,
1376 1783 1412 1822 is
1448 1784 1592 1823 eodem
1623 1789 1744 1835 pacto

177 1848 306 1888 vitam
336 1848 510 1888 aliorum
539 1849 657 1901 parvi
687 1848 822 1888 saciet.
853 1849 992 1895 Quare
1021 1849 1170 1887 mirum
1203 1861 1283 1888 non
1316 1857 1390 1897 est,
1421 1852 1455 1890 si
1485 1851 1525 1889 in
1548 1864 1598 1890 ea
1617 1851 1746 1889 socie-

175 1919 273 1960 tate,
303 1912 346 1951 in
375 1926 480 1965 quae
511 1912 823 1952 debacchantur
852 1912 1037 1961 suicidia,
1068 1912 1390 1964 multiplicentur
1420 1913 1646 1952 homicidia
1669 1914 1744 1964 (1).

224 1981 285 2018 54.
318 1979 576 2018 PRoposmo
606 1978 663 2017 ⁶2³.
703 1979 884 2017 Vetitam
917 1979 1004 2030 leye
1035 1982 1220 2018 naturae
1250 1993 1335 2018 non
1364 1983 1435 2028 esi,
1458 1980 1504 2019 ob
1529 1980 1684 2020 iustam
1707 1983 1747 2019 et

174 2045 433 2085 laudabilem
464 2058 652 2092 causam,
684 2047 861 2083 mortem
893 2044 1095 2084 indirecte
1117 2049 1441 2097 procurarent
1472 2060 1617 2099 nempe
1646 2048 1744 2099 qais

175 2109 218 2147 in
240 2109 486 2161 periealam
517 2122 559 2148 se
589 2108 814 2156 conficiat,
845 2122 893 2146 eae
922 2121 1004 2160 qao
1026 2108 1335 2160 probabiliter,
1367 2112 1428 2149 vel
1457 2110 1588 2149 etiam
1618 2114 1742 2158 certe,

171 2185 214 2212 se
236 2173 487 2225 perituram
518 2175 675 2212 noscat.

228 2237 345 2277 Prob.
377 2237 527 2285 Homo,
558 2251 652 2276 cum
682 2236 721 2275 id
751 2235 860 2283 facit,
891 2249 937 2275 se
966 2248 1228 2288 nequaquam
1258 2235 1467 2283 interimit,
1490 2237 1565 2276 sed
1585 2242 1744 2276 tantum

173 2303 370 2355 permittit
389 2302 578 2351 interimi,
600 2302 747 2342 intuitu
768 2301 925 2341 altioris
949 2301 1044 2340 boni
1062 2315 1071 2349 ;
1096 2302 1149 2340 ad
1169 2302 1278 2354 quod
1299 2303 1607 2354 procurandum
1627 2303 1741 2343 iusti-

173 2366 230 2406 tia
260 2372 332 2406 aut
361 2368 514 2405 caritas
543 2372 613 2405 aut
642 2366 725 2405 alia
754 2366 884 2405 virtus
913 2365 1095 2417 impellit.
1126 2365 1249 2418 Atqui
1279 2365 1319 2404 id
1348 2366 1426 2404 iuri
1461 2372 1636 2405 naturae
1658 2380 1742 2406 non

176 2430 436 2479 contradicit;
454 2443 480 2469 a
499 2444 579 2482 quo
597 2430 814 2469 dumtaxat
828 2430 952 2469 homo
969 2429 1222 2481 prohibetur,
1239 2443 1290 2469 ne
1307 2430 1470 2469 sibimet
1489 2430 1576 2482 ipse
1595 2443 1742 2470 necem

172 2495 343 2544 inferat,
375 2508 459 2534 non
489 2508 588 2534 vero
619 2508 671 2534 ne
702 2495 849 2534 subeat
879 2494 987 2533 vitae
1019 2493 1255 2541 discrimen,
1286 2494 1408 2533 etiam
1439 2508 1533 2533 cum
1563 2495 1743 2536 nobilius

175 2558 356 2598 officium
385 2564 543 2610 urgeat.
576 2559 706 2598 Immo
737 2571 787 2597 ea
816 2557 926 2598 actio
959 2563 1055 2596 tunc
1084 2570 1283 2609 magnam
1313 2565 1492 2598 meretur
1522 2560 1685 2598 laudem
1706 2566 1745 2600 et

174 2636 381 2663 summum
409 2625 586 2676 gradum
616 2622 864 2663 fortitudinis
894 2622 1070 2674 attingit.
1093 2622 1162 2662 Sic
1185 2623 1315 2672 miles,
1337 2637 1587 2677 quamquam
1615 2626 1742 2673 solus,

174 2689 373 2742 phalangi
401 2689 584 2730 hostium
615 2702 660 2729 se
688 2687 950 2728 laudabiliter
970 2688 1149 2740 opponit,
1170 2693 1216 2727 ut
1235 2688 1325 2729 eius
1359 2702 1629 2742 progressum
1660 2704 1743 2729 mo-

217 2840 267 2880 (1)
292 2841 464 2882 Superior
487 2841 758 2879 demonstratio,
781 2841 826 2873 ad
848 2851 925 2873 rem
949 2841 1046 2881 quod
1062 2840 1197 2879 attinet,
1213 2842 1405 2883 desumpta
1421 2845 1477 2874 est
1497 2852 1542 2874 ex
1558 2843 1590 2874 S.
1608 2843 1745 2874 Thoma

176 2894 331 2927 Samma
353 2894 400 2926 th.
423 2895 464 2926 2.·
486 2896 543 2926 23²⁶
574 2905 605 2935 q.
629 2896 754 2933 XLIV,
777 2906 805 2927 a.
829 2897 854 2927 5.
