1970 3203
241 215 293 254 46
925 230 1144 259 ΕΤΗΙΟΑ

873 373 1120 414 Αητιουωε
1150 374 1200 413 ΙΙ.

386 502 452 541 De
471 504 701 554 facultate,
733 517 820 556 qua
851 506 1068 545 actionum
1100 506 1328 546 moralitas
1360 507 1681 546 mternosez'tar.

291 632 353 671 36.
374 633 501 673 Homo
532 634 750 685 cognoscit
769 636 959 676 ordinem
979 637 1193 676 moralem.
1216 636 1414 676 Ordinem
1430 637 1633 677 moralem
1655 650 1680 676 a
1701 635 1823 676 nobis

235 698 413 748 agnosci
444 711 565 738 nemo
588 712 719 740 sanus
743 700 922 740 inficiari
947 708 1095 754 potest.
1116 703 1182 741 Ad
1202 703 1314 742 hunc
1341 702 1450 742 enim
1472 702 1815 755 cognoscendum

235 763 338 802 nihil
361 764 473 804 aliud
495 765 733 818 exquiritur,
755 766 834 806 nisi
855 774 898 806 ut
914 768 1039 808 homo
1057 768 1240 820 seipsum
1258 775 1506 809 contueatur
1534 769 1577 808 in
1596 768 1814 815 relatione,

232 840 317 878 qua
338 828 528 877 nectitur,
549 843 642 868 cum
665 842 742 869 sua
766 843 899 871 causa
919 831 1124 884 rebusque
1150 832 1314 880 ceteris,
1333 846 1440 885 quae
1461 833 1503 872 in
1528 832 1683 872 mundo
1705 845 1783 872 sun
1794 838 1821 871 t.

232 895 367 933 Actus
389 894 498 933 enim
518 895 757 943 voluntatis,
780 896 846 936 his
865 897 1138 938 relationibus
1158 904 1453 949 congruentes,
1476 898 1662 938 ordinem
1684 910 1822 937 mora-

231 958 311 998 lem
332 960 565 999 efformant.
588 962 642 1000 At
663 974 761 1001 vero
783 962 874 1014 quis
891 963 1001 1002 hanc
1031 963 1220 1004 notitiam
1241 963 1399 1004 homini
1431 963 1674 1017 denegabit?
1707 966 1820 1004 Pro-

230 1021 354 1071 fecto,
377 1023 412 1062 si
439 1025 739 1075 experientiam
773 1026 1094 1079 interrogamus,
1129 1027 1301 1080 quisque
1331 1027 1409 1067 sibi
1439 1034 1503 1068 est
1537 1028 1736 1067 conscius
1767 1039 1813 1067 se

230 1089 340 1128 scire
362 1097 566 1139 naturam,
588 1104 671 1143 qua
687 1098 864 1140 constat,
886 1098 1005 1144 prout
1027 1093 1177 1145 duplici
1207 1093 1407 1133 coalescit
1427 1100 1557 1146 parte,
1582 1093 1726 1133 sensili
1747 1092 1815 1132 ni—

231 1153 380 1192 mirum
412 1161 450 1193 et
479 1155 686 1204 rationali,
717 1169 892 1208 quarum
932 1157 1067 1209 prima
1096 1157 1237 1206 alteri,
1258 1163 1469 1210 tamquam
1508 1155 1819 1210 praestantiori,

227 1218 490 1259 subiicienda
501 1220 564 1259 sit.
579 1222 683 1260 Tum
703 1221 827 1261 etiam
845 1235 967 1262 nemo
983 1222 1151 1275 ignorat
1166 1236 1212 1263 se
1228 1236 1254 1262 a
1274 1236 1469 1275 suprema
1485 1223 1664 1276 quadam
1684 1233 1817 1261 causa

225 1298 347 1336 quam
370 1286 503 1325 Deum
530 1288 814 1339 appellamus,
847 1289 1137 1329 exsistentiam
1175 1289 1433 1341 suscepisse,
1471 1303 1497 1328 a
1531 1303 1613 1341 qua
1638 1287 1811 1340 proinde

226 1351 465 1403 dependens
482 1359 555 1401 est,
574 1360 613 1393 et
633 1353 721 1406 regi
739 1354 860 1394 debet
875 1355 916 1394 in
933 1355 1155 1407 operando.
1176 1356 1373 1407 Itemque,
1389 1368 1512 1395 nemo
1532 1368 1617 1395 non
1635 1355 1745 1394 videt
1766 1365 1812 1394 se

224 1415 490 1456 similitudine
509 1425 684 1457 naturae
700 1431 795 1457 curn
813 1418 965 1458 ceteris
982 1419 1221 1458 hominibus
1241 1419 1442 1471 colligari,
1464 1418 1616 1471 quibus
1637 1416 1810 1469 proinde

224 1481 371 1521 eadem
397 1482 508 1522 bona
536 1483 635 1523 velit
664 1490 836 1535 oportet,
868 1497 974 1536 quae
1004 1485 1082 1524 sibi
1111 1485 1233 1537 cupit.
1265 1486 1500 1537 Respectus
1531 1484 1709 1536 denique
1739 1495 1810 1522 re-

221 1544 426 1596 liquarum
456 1559 593 1585 rerum
625 1559 677 1586 ex
707 1547 865 1597 ordine,
895 1541 963 1600 qui
991 1548 1034 1587 in
1064 1549 1217 1588 mundo
1247 1548 1428 1597 renidet,
1464 1547 1804 1600 introspicimus:

221 1610 425 1661 siquidem
455 1612 556 1651 ordo
589 1626 641 1652 ex
670 1613 824 1653 mutuis
853 1627 992 1653 rerum
1023 1613 1298 1653 relationibus
1327 1614 1528 1666 exsurgit.

274 1677 411 1727 Atque
440 1677 533 1725 hoc,
556 1678 665 1730 quod
687 1679 946 1730 experientia
966 1679 1216 1727 manifestat,
1239 1679 1344 1719 ratio
1376 1693 1538 1732 quoque
1569 1681 1806 1719 confirmat.

227 1742 270 1780 Si
301 1742 410 1781 enim
432 1750 583 1784 natura
612 1744 725 1782 hunc
746 1745 873 1783 finem
906 1745 1027 1784 nobis
1048 1745 1296 1796 praestituit,
1319 1752 1362 1784 ut
1392 1745 1650 1785 voluntatem
1673 1743 1807 1784 ordini

226 1808 374 1847 morali
397 1808 720 1858 conformemus,
742 1811 887 1862 procul
909 1810 1031 1850 dubio
1052 1811 1105 1850 ad
1124 1811 1236 1850 hunc
1257 1811 1600 1863 cognoscendum
1630 1811 1805 1850 idoneas

225 1872 340 1912 vires
361 1872 1008 1926 suppeditavit:quandoquidem,
1022 1874 1113 1914 sine
1130 1874 1301 1926 praevia
1318 1874 1467 1914 obiecti
1486 1873 1642 1922 notitia,
1659 1874 1806 1913 volun-

227 1943 294 1977 tas
315 1938 479 1990 operari
510 1951 594 1978 non
612 1945 758 1992 potest.
781 1940 901 1986 Quod
923 1947 1062 1980 autem
1093 1940 1276 1992 cognitio
1298 1940 1503 1980 eiusmodi
1533 1953 1677 1980 verum
1697 1940 1804 1979 affe-

222 2010 304 2051 rat,
336 2003 458 2043 facile
478 2003 732 2057 intelligitur,
756 2005 790 2045 si
812 2005 1019 2058 cogitetur
1038 2019 1106 2046 res
1126 2005 1169 2044 in
1190 2006 1344 2045 mundo
1367 2005 1587 2046 ordinatas
1608 2019 1693 2045 non
1718 2017 1813 2045 esse

223 2068 335 2107 aliud
364 2068 444 2108 nisi
465 2069 697 2110 imitamina
718 2071 924 2122 quaedam
947 2071 1180 2110 divinarum
1200 2071 1401 2120 idearum,
1421 2077 1508 2110 tum
1535 2073 1675 2111 lumen
1697 2083 1810 2110 men-

221 2133 276 2173 tis
306 2139 476 2174 nostrae
512 2135 777 2176 similitudine
807 2137 1055 2190 participata
1084 2144 1279 2178 constare
1311 2137 1439 2177 divini
1468 2137 1649 2184 luminis,
1681 2143 1805 2189 atque

221 2199 328 2247 ideo,
347 2213 441 2239 cum
458 2203 703 2242 naturaliter
732 2203 949 2251 evolvitur,
965 2203 1008 2242 in
1024 2216 1098 2243 eos
1118 2203 1284 2255 prodire
1313 2208 1554 2255 conceptus,
1582 2202 1650 2255 qui
1672 2202 1808 2243 ordini

218 2276 369 2310 rerum,
400 2264 549 2304 divinis
579 2266 683 2305 ideis
712 2266 995 2319 respondenti,
1026 2267 1245 2306 adsonent.

274 2329 383 2368 Hinc
415 2329 537 2370 facile
560 2331 777 2372 deducitur
804 2345 909 2384 quae
931 2331 1112 2372 facultas
1132 2332 1185 2371 ad
1206 2331 1394 2372 ordinem
1414 2332 1527 2371 hunc
1556 2333 1808 2385 dignoscen-

220 2395 341 2442 dum,
373 2409 423 2435 ac
455 2397 625 2448 proinde
655 2398 708 2436 ad
737 2398 964 2438 bonitatem
996 2399 1062 2437 vel
1091 2397 1292 2439 malitiam
1323 2397 1533 2437 actionum
1565 2398 1800 2438 diiudican-

224 2458 331 2505 dam,
365 2459 527 2499 nobisa
548 2468 699 2501 natura
728 2461 1023 2513 suppeditetur.
1041 2461 1331 2509 Nihilominus,
1363 2462 1557 2514 quoniam
1580 2461 1649 2501 hic
1681 2461 1807 2501 etiam

225 2535 309 2562 non
341 2525 559 2564 defuerunt
589 2526 807 2577 opiniones
828 2526 1161 2567 dissentientium
1185 2527 1541 2579 philosophorum,
1572 2540 1660 2566 rem
1695 2526 1806 2566 hanc

222 2586 357 2626 fusius
388 2588 599 2639 aliquanto
630 2589 837 2630 discutere
869 2597 1146 2642 opportunum
1177 2591 1268 2631 erit.

780 2696 1238 2736 PROPOSITIONES

273 2794 335 2832 37.
367 2795 626 2833 Pnoposrrlo
659 2793 715 2832 1²².
747 2794 952 2834 Absurda
984 2798 1046 2834 cst
1071 2795 1292 2843 sententia,
1324 2808 1434 2847 qaae
1468 2795 1676 2835 iudicium
1707 2810 1798 2836 mo-

223 2856 415 2896 ralitatis
444 2858 592 2896 sensui
619 2858 794 2896 cuidam
825 2871 1030 2911 corpor-eo
1062 2859 1276 2897 adscribit.

275 2922 398 2962 Prob.
418 2922 644 2972 Sententia,
662 2936 783 2975 quam
798 2923 865 2964 hic
891 2924 1161 2964 reiiciendam
1187 2924 1402 2974 sumimus,
1431 2924 1580 2977 duplici
1597 2926 1720 2966 modo
1745 2925 1802 2966 in-
