1970 3203
193 197 273 239 310
568 210 634 237 ius
663 210 865 237 NATURAE
886 221 906 227 —
927 211 1035 237 PARS
1065 212 1103 238 11.
1134 212 1199 239 ius
1230 213 1403 241 sociALE

307 288 358 325 II.
389 285 620 333 Ecclesiae,
651 291 771 338 prout
792 299 945 339 corpus
973 285 1132 326 sociale
1151 294 1224 336 est,
1248 288 1354 329 duae
1373 294 1471 328 sunt
1492 294 1646 341 partes:
1664 290 1774 329 mul-

195 349 324 389 titudo
355 349 553 398 fidelium,
584 362 734 402 nempe
764 349 976 389 sociorum
998 350 1066 402 qui
1098 351 1179 391 fide
1200 352 1368 392 adducti
1398 354 1497 393 dant
1517 353 1573 392 illi
1604 366 1773 402 nomen,

197 419 236 453 et
265 413 452 466 legitima
481 419 670 465 potestas
702 427 777 454 seu
806 427 929 454 sacer
959 414 1245 467 magistratus,
1276 416 1344 468 qui
1375 418 1678 458 multitudinem
1709 433 1780 471 gu-

195 477 346 517 bernat
366 491 416 517 ac
436 478 555 530 regit:
586 478 696 530 quod
715 492 821 518 sane
842 491 895 518 ex
917 478 1009 530 ipsa
1025 479 1198 519 notione
1216 479 1432 520 societatis
1448 482 1636 535 emergit,
1658 496 1777 533 quae,

196 548 239 580 ut
261 540 368 581 alias
389 541 583 590 diximus,
605 542 767 583 duobus
787 543 905 582 hisce
926 543 1149 583 elementis
1170 551 1321 585 natura
1337 557 1416 584 sua
1436 553 1614 587 constat.
1638 547 1780 587 Prima

195 620 293 659 pars
321 607 559 646 Laz‘corum
591 607 761 648 nomine
791 609 1073 661 distinguitur,
1101 609 1235 648 altera
1269 610 1547 651 Clericoram.

304 675 377 713 III.
409 674 716 715 Ecclesiastica
744 682 933 727 potestas
964 676 1112 728 duplex
1137 683 1211 716 est:
1237 676 1416 716 Ordinis
1447 684 1488 716 et
1508 678 1783 719 iurisdictio-

196 741 280 787 nis,·
310 753 486 792 quarum
517 740 652 792 prima
679 741 734 780 ad
764 741 1017 781 oblationem
1048 741 1258 790 sacrificii,
1290 747 1331 781 et
1361 742 1668 784 confectionem
1698 745 1779 784 ad-

196 803 628 856 ministrationemque
649 812 1011 845 sacramentorum
1034 805 1221 855 refertum
1244 806 1376 846 altera
1401 807 1453 846 ad
1475 809 1682 860 regendos
1703 823 1775 862 gu-

196 870 520 923 bernandosque
551 871 710 920 fideles,
741 871 880 924 quoad
909 871 1043 911 sorum
1074 878 1160 911 tum
1189 872 1396 912 internum
1429 879 1513 913 tum
1543 880 1775 915 externum.

196 935 249 974 Et
277 934 383 974 ratio
420 941 483 975 est
518 935 615 987 quia
649 935 702 975 ad
735 936 1115 977 sanctificationem
1151 941 1388 978 animarum
1410 971 1418 986 ,
1450 939 1518 992 qui
1561 941 1776 992 proximus

196 1001 294 1042 finis
325 1002 542 1041 Ecclesiae
573 1007 648 1050 est,
679 1015 765 1041 non
795 1003 931 1042 solum
960 1003 1186 1055 requiritur
1202 1006 1366 1056 gralia,
1388 1019 1495 1058 quae
1524 1019 1598 1058 per
1628 1020 1778 1047 sacra—

196 1074 340 1108 menta
371 1068 595 1117 confertum
627 1069 700 1108 sed
731 1069 856 1109 etiam
888 1071 1132 1122 cooperatio
1161 1070 1339 1110 subiecti
1367 1085 1439 1122 per
1463 1080 1622 1113 rectam
1653 1073 1778 1113 fidem

198 1138 239 1172 et
267 1132 471 1172 honestos
502 1145 653 1180 mores,
675 1133 728 1172 ad
749 1146 873 1186 quam
897 1134 1236 1186 cooperationem
1267 1137 1500 1188 urgendam
1523 1143 1562 1177 et
1591 1137 1778 1190 dirigen-

193 1199 289 1238 dam
318 1198 500 1251 suppetit
528 1199 771 1239 iurisdictio.

301 1265 370 1303 IV.
401 1263 636 1304 Iurisdictio
666 1264 708 1303 in
729 1265 951 1317 Episcopis
971 1265 1137 1313 residet,
1170 1266 1319 1318 quibus
1341 1267 1417 1307 sub
1441 1268 1566 1307 ductu
1596 1270 1777 1309 Romani

196 1328 417 1369 Pontificis
438 1342 591 1368 munus
606 1329 780 1381 regendi
801 1329 1038 1369 Ecclesiam
1060 1343 1086 1368 a
1109 1329 1277 1369 Christo
1300 1331 1571 1371 commissum
1589 1338 1664 1371 est.
1686 1333 1777 1372 Po-

194 1395 283 1435 suit
311 1395 546 1448 Epz'scopos
577 1409 725 1448 reyct‘e
755 1395 991 1435 Ecclesiam
1021 1396 1117 1445 Dei,
1153 1410 1284 1449 quam
1316 1399 1545 1452 acquisivit
1566 1401 1779 1452 sanquine

194 1473 272 1500 suo
303 1461 375 1511 (1).
404 1461 615 1509 Attamen,
647 1466 861 1512 tamquam
892 1459 935 1499 in
965 1461 1101 1512 capite
1131 1470 1169 1501 et
1199 1475 1395 1515 supremo
1426 1465 1702 1513 moderatore,
1733 1465 1775 1504 in

193 1533 286 1577 ipso
304 1526 498 1565 Romano
524 1525 729 1565 Pontifice
759 1525 979 1578 colligitur,
1002 1526 1070 1579 qui
1091 1527 1277 1580 Principi
1293 1529 1605 1580 Apostolorum,
1627 1542 1777 1581 nempe

192 1593 331 1639 Petro,
363 1591 576 1640 succedit;
608 1604 659 1630 ac
689 1591 863 1643 proinde
894 1592 1129 1644 Episcopus
1159 1598 1223 1633 est
1259 1593 1510 1633 universalis
1540 1594 1774 1642 Ecclesiae,

193 1661 234 1695 et
262 1656 391 1695 veluti
421 1656 658 1708 Episcopus
689 1656 1019 1708 Episcoporum:
1059 1657 1123 1695 Tu
1153 1669 1196 1696 es
1223 1657 1405 1705 Petras,
1440 1661 1481 1696 ct
1506 1671 1636 1709 super
1665 1659 1776 1697 hanc

183 1724 360 1773 petram
390 1721 623 1773 aedificabo
654 1720 891 1760 Ecclesiam
922 1733 1077 1767 mcam,·
1110 1724 1149 1760 ct
1173 1724 1328 1774 portae
1362 1722 1500 1774 inferi
1526 1735 1611 1761 non
1633 1735 1773 1774 prae-

193 1784 396 1824 valebunt
422 1784 627 1824 adver-sus
657 1798 763 1824 eam.
794 1785 849 1824 Et
879 1784 955 1824 tibi·
980 1784 1087 1824 dabo
1117 1786 1259 1825 claves
1298 1787 1423 1839 regni
1452 1787 1685 1826 caelorum.
1718 1786 1776 1826 Et

194 1849 493 1902 quodcumque
525 1850 731 1901 ligaveris
759 1862 889 1902 super
911 1852 1086 1897 terram,
1109 1851 1192 1889 erit
1218 1850 1402 1902 ligatum
1432 1856 1472 1890 et
1501 1851 1544 1890 in
1573 1851 1779 1898 caelis‚·et

191 1913 488 1966 quodcumque
517 1913 697 1952 solveris
725 1926 857 1966 super
880 1917 1054 1962 terram,
1078 1914 1163 1953 erit
1189 1916 1379 1954 solutum
1401 1918 1442 1955 et
1470 1916 1516 1955 ιή
1546 1916 1676 1955 caelis
1698 1917 1773 1968 (⁶2).

192 1978 257 2017 Ex
287 1977 480 2016 Romano
511 1982 650 2017 autem
681 1977 899 2026 Pontifice,
930 1978 1043 2018 velut
1064 1991 1117 2017 ex
1148 1978 1272 2027 fonte,
1296 1979 1508 2020 derivatur
1536 1980 1578 2019 in
1609 1986 1772 2021 ceteros

191 2040 435 2096 Episcopos;
458 2057 587 2096 quare
616 2044 653 2084 is
683 2044 750 2096 qui
781 2044 832 2084 ab
867 2044 957 2084 eius
988 2046 1284 2086 communione
1314 2055 1547 2100 separatur,
1568 2048 1650 2087 hoc
1679 2048 1771 2101 ipso

192 2108 306 2147 omni
335 2109 585 2148 auctoritate
615 2108 658 2147 in
687 2108 871 2149 fidelium
902 2109 1207 2161 gubernatione
1238 2111 1486 2152 destituitur.

299 2175 347 2213 V.
379 2175 533 2214 Forma
560 2175 778 2227 regiminis
808 2176 849 2214 in
880 2176 1073 2215 Ecclesia
1104 2176 1178 2216 Dei
1210 2184 1274 2216 est
1302 2178 1480 2230 simplex
1510 2180 1769 2230 monarchia,

189 2238 393 2291 siquidem
423 2251 632 2278 summum
662 2239 882 2292 imperium
904 2253 1031 2280 unam
1063 2240 1281 2281 dumtaxat
1305 2255 1529 2293 personam
1560 2243 1769 2284 informat.

188 2303 473 2343 Nihilominus
490 2304 627 2356 quoad
648 2304 868 2356 potestatis
899 2304 1144 2344 exercitium
1173 2305 1438 2346 aristocratia
1454 2308 1768 2360 >quodammodo

194 2367 421 2418 temperari
452 2368 533 2407 dici
563 2375 735 2420 posset3
766 2376 988 2421 propterea
1016 2369 1125 2421 quod
1156 2370 1352 2423 Episcopi
1381 2371 1423 2409 in
1455 2371 1654 2412 Conciliis
1684 2386 1769 2412 una

191 2443 286 2469 cum
318 2432 526 2473 Pontifice
556 2446 765 2473 summam
797 2434 1126 2474 iurisdictionem
1157 2442 1368 2484 exercent,
1391 2443 1431 2475 et
1447 2449 1541 2476 vere
1558 2437 1768 2488 principes

190 2497 432 2549 spirituales
453 2505 550 2539 sunt
569 2500 611 2539 in
628 2500 796 2552 propria
815 2501 1024 2551 Dioecesi;
1042 2509 1237 2555 respectu
1255 2502 1374 2542 cuius
1390 2503 1507 2554 leges
1523 2503 1709 2543 condunt
1731 2509 1770 2542 et

189 2561 339 2602 ceteris
370 2565 631 2606 auctoritatis
662 2565 908 2606 muneribus
928 2566 1242 2619 perfunguntur.
1275 2569 1406 2609 Immo
1429 2570 1479 2609 de
1511 2570 1771 2611 democratia

191 2628 331 2678 etiam,
363 2636 406 2668 ut
435 2631 563 2670 sentit
593 2632 889 2681 Bellarminus,
926 2633 1080 2685 aliquid
1110 2634 1330 2687 participat
1363 2636 1444 2676 hoc
1472 2649 1626 2684 sensu,
1659 2638 1768 2690 quod

188 2694 383 2736 omnibus
411 2695 776 2738 indiscriminatim
808 2699 923 2751 (licet
947 2696 1015 2739 via
1034 2700 1144 2740 sacri
1162 2701 1346 2754 Ordinis)
1369 2702 1422 2742 ad
1442 2703 1665 2755 quemlibet
1687 2717 1770 2744 ma·

224 2850 274 2890 (1)
300 2852 417 2883 Artas
440 2852 714 2893 Apostolorum,
737 2854 779 2885 X.
805 2854 853 2886 ⁶28.

224 2905 274 2946 (2)
299 2906 505 2945 ΜΛΤΤΠΑΕΙ,
528 2907 623 2945 XVI,
647 2909 694 2945 18,
718 2909 765 2940 19.
