1970 3203
445 254 592 281 CAPUT.
622 254 675 279 lv.
704 253 756 279 DE
787 252 957 280 OFFlcnS
991 253 1164 280 HOMINIS
1194 252 1307 279 ERGA
1336 252 1454 279 ALIOS
1657 238 1734 278 185

220 331 282 371 852.
312 331 368 370 De
397 329 604 369 solutione
633 333 941 369 contractuum.
972 329 1118 375 Quoad
1146 329 1293 368 modos
1310 343 1319 376 ;
1356 327 1503 380 quibus
1533 326 1733 379 obligatio

164 411 216 437 ex
247 401 463 436 contractu
493 408 714 447 emergens
745 395 1006 441 dissolvitur,
1037 396 1142 434 haec
1181 395 1443 434 adnotamus.
1480 395 1527 432 In
1557 393 1700 445 primis
1719 425 1728 440 ,

165 459 428 512 perspicuum
458 471 530 511 per
559 471 604 498 se
633 465 696 497 est
733 458 1031 509 obligationem
1073 465 1314 499 contractus
1350 458 1540 499 desinere
1577 469 1735 497 execu—

165 525 275 563 tione
303 523 375 570 rei,
407 522 520 562 circa
550 536 673 575 quam
703 523 840 575 pactio
873 529 1075 570 versatum
1108 535 1201 560 cum
1224 522 1414 562 videlicet
1434 521 1548 561 oneri
1569 521 1737 568 satisfit,

159 588 267 640 quod
296 600 380 626 una
409 593 480 626 aut
510 593 682 639 utraque
712 600 811 638 pars
840 586 918 626 sibi
949 586 988 624 vi
1027 593 1269 626 contractus
1307 585 1546 637 assumpsit.
1586 585 1738 625 Utrum

161 661 299 693 autem
329 666 509 705 persona
539 653 797 693 contrahens
826 653 942 693 oneri
973 666 1044 704 per
1087 665 1132 691 se
1175 649 1419 691 satisfacere
1467 651 1640 697 debeat,
1678 663 1733 689 an

162 717 294 770 possit
325 731 396 769 per
418 718 556 765 alium,
579 717 646 770 qui
671 717 713 756 in
735 717 823 758 eius
844 718 982 757 locum
1003 716 1247 764 sufficiatur;
1279 715 1330 762 id,
1363 715 1397 754 si
1420 728 1666 766 expressum
1699 714 1739 753 in

164 790 383 823 contractu
414 796 496 823 non
529 790 603 832 est,
635 797 687 823 ex
717 789 868 822 natura
898 783 1028 835 ipsius
1058 782 1262 834 pactionis
1292 781 1568 821 definiendum
1599 781 1688 820 erit.

220 846 390 894 Deinde,
423 854 666 887 contractus
701 847 900 899 obligatio
931 855 1070 886 cessat
1108 846 1441 893 condonatione,
1474 858 1579 896 quae
1609 846 1682 884 fiat
1713 858 1739 883 a

167 925 360 964 persona,
392 925 464 964 pro
495 912 612 951 cuius
641 912 815 953 utilitate
845 912 970 952 initus
1001 920 1075 953 est.
1110 912 1406 964 Unusquisque
1441 910 1550 950 enim
1589 911 1738 950 cedere

168 984 302 1030 potest
317 978 395 1016 iuri
413 991 500 1026 sno,
522 979 702 1030 illudque
723 979 869 1018 iterum
894 983 934 1017 in
958 985 1115 1030 partem
1133 978 1371 1025 transferre,
1393 977 1446 1016 ad
1467 990 1588 1028 quam
1612 982 1736 1015 antea

167 1041 410 1093 pertinebat.
445 1042 565 1088 Quod
594 1042 629 1081 si
660 1048 903 1083 contractus
933 1043 1052 1082 suerit
1081 1042 1338 1090 bilateralis;
1370 1042 1422 1081 ad
1452 1042 1544 1081 eius
1579 1041 1736 1081 rescis-

165 1107 339 1154 sionem,
369 1107 585 1159 utriusque
616 1108 745 1160 partis
775 1122 1009 1148 consensus
1040 1109 1237 1160 poscitur.
1269 1108 1469 1160 Exceptio
1499 1114 1639 1147 tamen
1669 1107 1735 1146 fa·-

165 1171 316 1211 cienda
348 1178 422 1218 est,
454 1172 488 1211 si
520 1178 761 1212 contractus
791 1179 944 1211 natura
973 1185 1050 1212 sua
1080 1180 1152 1212 aut
1182 1171 1220 1210 vi
1250 1172 1354 1224 legis
1385 1172 1437 1210 sit
1465 1170 1735 1211 indissolubi-

168 1237 228 1276 lis.
263 1239 381 1276 Tunc
412 1237 521 1276 enim
552 1237 631 1278 etsi
660 1237 804 1284 initio,
840 1246 882 1276 ut
920 1239 1057 1284 fieret,
1088 1250 1113 1276 a
1145 1238 1354 1277 voluntate
1399 1236 1734 1276 contrahentium

165 1302 393 1354 profectum
426 1310 500 1352 est;
531 1303 584 1343 ab
613 1304 758 1343 eadem
790 1317 872 1343 non
895 1304 1044 1356 pendet
1064 1304 1105 1342 in
1126 1303 1354 1351 duratione,
1377 1316 1483 1356 quae
1506 1303 1557 1342 ab
1590 1303 1739 1342 altiore

166 1366 366 1418 principio
398 1367 705 1406 determinatur.
736 1369 874 1415 Quare
905 1374 1146 1407 contractus
1188 1367 1389 1407 eiusmodi
1424 1366 1619 1418 deinceps
1660 1378 1732 1417 per

169 1437 355 1469 mutuum
387 1444 640 1470 consensum
671 1431 776 1471 solvi
806 1431 958 1483 nequit.

225 1495 377 1544 Tertio,
402 1496 656 1548 extinguitur
685 1497 895 1549 obligatio,
917 1511 969 1537 ex
1001 1504 1216 1537 contractu
1238 1505 1374 1545 enata,
1397 1510 1491 1536 cum
1519 1499 1609 1536 eius
1632 1509 1735 1536 exe-

169 1562 279 1602 cutio
310 1564 356 1601 fit
383 1563 663 1614 impossibilis;
695 1572 738 1603 ut
769 1564 814 1611 si,
847 1564 1026 1616 exempli
1056 1566 1216 1616 gratia,
1256 1578 1324 1604 res
1362 1564 1454 1616 ipsa
1488 1569 1631 1615 pereat
1664 1569 1738 1602 aut

168 1627 307 1666 aliena
337 1627 398 1666 vis
421 1640 503 1666 non
533 1628 767 1680 superabile
796 1628 1134 1680 impedimentum
1165 1636 1358 1682 opponat.
1390 1631 1509 1668 Tunc
1540 1635 1654 1668 certe
1685 1627 1739 1666 ad

167 1698 333 1744 pactum
366 1692 617 1743 implendum
648 1693 734 1732 iure
764 1694 966 1745 adstringi
997 1708 1176 1745 persona
1210 1707 1293 1733 non
1328 1700 1488 1745 potest;
1533 1692 1735 1744 siquidem

170 1756 287 1795 nulla
316 1756 515 1808 obligatio
547 1757 754 1797 obiectum
784 1757 1039 1810 impossibile
1070 1757 1249 1809 respicit.
1280 1759 1335 1797 At
1363 1756 1398 1796 si
1427 1756 1630 1796 eiusmodi
1658 1755 1739 1793 im-

167 1820 428 1872 possibilitas
457 1822 579 1872 culpa
608 1822 778 1861 alterius
809 1822 939 1873 partis
972 1821 1224 1873 paciscentis
1258 1821 1502 1867 intercedit,
1546 1821 1653 1859 haec
1684 1819 1738 1858 ad

170 1887 346 1926 alteram
377 1895 538 1938 partem
569 1887 650 1927 alio
681 1888 803 1928 modo
834 1889 1188 1940 compensandam
1220 1894 1392 1927 tenetur.

223 1951 423 1999 Tandem,
455 1964 506 1991 ne
531 1953 652 2002 plura
672 1960 902 1999 consecter,
926 1960 1143 1992 contracta
1165 1951 1362 2003 obligatio
1385 1950 1558 1989 solvitur
1576 1950 1740 1990 defectu

177 2016 439 2064 conditionis,
469 2029 575 2068 quae
605 2016 657 2055 ab
688 2017 887 2057 alterutra
916 2024 1032 2069 parte
1064 2030 1145 2056 non
1163 2016 1392 2068 impleatur,
1415 2022 1455 2055 et
1475 2015 1592 2056 cuius
1613 2029 1738 2056 exse-

173 2080 283 2119 cutio
314 2093 515 2132 expresse
545 2081 610 2120 vel
638 2081 761 2121 tacite
793 2095 817 2119 a
847 2089 1063 2120 contractu
1092 2080 1379 2132 praesumitur.
1411 2079 1456 2118 Id
1477 2079 1736 2131 potissimum

172 2147 308 2185 locum
339 2146 465 2186 habet
495 2146 537 2185 in
567 2153 784 2186 contractu
814 2146 1029 2194 bilaterali,
1060 2145 1222 2198 quoties
1255 2145 1453 2184 alteruter
1482 2145 1737 2184 contrahens

172 2210 305 2261 pactis
335 2209 461 2249 deest.
493 2211 611 2249 Tunc
642 2216 755 2250 certe
784 2223 880 2261 pars
909 2211 1041 2250 altera
1070 2209 1183 2248 omni
1221 2208 1474 2260 obligatione
1510 2208 1734 2247 liberatur:

170 2284 283 2316 esset
312 2277 421 2316 enim
453 2276 649 2316 iniustum
688 2284 732 2316 ut
761 2290 844 2315 una
874 2283 1031 2315 tantum
1062 2289 1158 2326 pars
1201 2274 1315 2314 oneri
1359 2274 1576 2314 subiaceat
1608 2273 1651 2312 in
1680 2273 1738 2312 fa-

171 2354 313 2380 vorem
344 2342 465 2388 illius,
496 2354 601 2393 quae
631 2341 770 2380 datam
800 2340 970 2380 violavit
1000 2340 1135 2379 fidem.
1166 2341 1299 2391 Atque
1334 2338 1439 2377 haec
1475 2336 1735 2389 potissimum

172 2404 363 2443 videntur
393 2417 564 2452 causae,
594 2404 634 2443 vi
663 2418 837 2456 quarum
868 2412 1155 2443 contractuum
1187 2403 1355 2442 vincula
1385 2402 1684 2441 dissolvuntur.

221 2469 284 2508 83.
313 2469 370 2508 De
400 2479 543 2508 usura.
577 2467 815 2507 Omittenda
844 2468 912 2507 hic
943 2467 1110 2507 minime
1141 2473 1203 2506 est
1224 2466 1365 2518 magni
1388 2464 1584 2504 momenti
1606 2476 1736 2516 quae-

169 2535 261 2582 stio,
293 2548 395 2587 quae
426 2547 508 2573 non
538 2547 686 2585 parum
715 2534 899 2573 moribus
928 2533 1116 2572 interest:
1146 2540 1281 2571 utrum
1313 2530 1505 2570 videlicet
1534 2543 1663 2569 usura
1683 2529 1735 2569 sit

171 2601 316 2640 illicita
347 2601 383 2639 vi
417 2608 606 2649 naturae,
625 2612 770 2638 necne.
794 2600 867 2638 Est
888 2606 1024 2637 autem
1047 2611 1176 2637 usura
1193 2598 1362 2636 lacrum
1379 2610 1427 2635 επ
1449 2603 1595 2635 mutuo
1615 2607 1740 2647 qeme-

170 2665 314 2712 sitam,
346 2678 419 2704 seu
450 2677 500 2703 ex
533 2676 611 2702 usu
640 2662 856 2714 pecuniae,
887 2675 992 2714 quae
1023 2661 1140 2700 alteri
1171 2660 1469 2699 commodatur.
1502 2660 1617 2705 Quae
1647 2657 1738 2709 qui-

173 2728 266 2767 dem
296 2727 484 2780 quaestio
515 2726 667 2766 resolvi
699 2726 849 2777 nequit,
881 2725 959 2764 nisi
991 2732 1115 2764 antea
1145 2725 1223 2764 duo
1258 2723 1384 2776 probe
1428 2723 1736 2773 intelligantur:

172 2793 270 2845 quid
298 2794 476 2845 pecunia
496 2794 560 2842 sit,
591 2799 631 2833 et
659 2794 702 2831 in
730 2806 809 2845 quo
840 2793 930 2832 eius
960 2804 1060 2830 usus
1090 2797 1325 2843 reponatur.

226 2859 289 2899 84.
320 2860 420 2908 Quid
450 2860 506 2899 sit
533 2859 724 2910 pecunia.
755 2860 841 2898 Res
870 2857 912 2896 in
938 2856 1190 2896 commercio
1221 2855 1380 2907 positae
1408 2856 1490 2894 vim
1520 2852 1741 2905 quamdam

174 2923 328 2963 habent
344 2923 532 2963 utilitatis
549 2923 798 2970 afferendae,
815 2922 864 2962 ob
883 2934 1007 2974 quam
1023 2919 1215 2959 homines
1231 2919 1480 2959 inducuntur
1493 2917 1544 2956 ad
1556 2928 1628 2955 eas
1646 2927 1739 2953 cum
