1970 3203
584 215 720 242 CAPUT
750 217 787 242 11.
817 218 870 245 DE
900 218 1130 245 somena-e
1160 218 1280 246 civm
1641 206 1718 245 265

147 292 282 345 spexit
312 296 352 331 et
381 290 576 338 funditus,
608 290 863 331 examinavit
893 292 966 343 (1).
997 293 1095 340 Nos,
1126 292 1194 345 qui
1224 292 1468 345 compendio
1490 292 1718 340 studemus,

145 357 282 410 aliqua
311 362 472 396 tantum
501 355 675 394 summis
705 356 831 396 veluti
861 356 983 396 labiis
1013 357 1280 409 attingemus.

197 424 351 462 Forma
378 421 484 460 haec
514 421 740 473 regiminis,
774 435 880 474 quae
911 436 937 462 a
966 422 1109 462 Locke
1131 430 1169 462 et
1187 424 1481 476 Montesquieu
1507 423 1711 463 theoriam

145 487 433 540 primigeniam
465 486 696 534 derivavit,
728 487 885 527 idcirco
916 489 1272 540 repraesentativa
1301 494 1589 541 nuncupatur,
1620 488 1718 541 quia

144 567 349 605 personae
380 553 538 594 electae
567 566 593 592 a
621 554 782 605 populo,
813 560 857 593 ut
885 554 938 593 ad
967 554 1181 606 generalia
1202 555 1369 594 comitia
1402 555 1626 603 mittantur,
1649 568 1718 606 po-

143 620 282 672 pulum
313 626 633 671 repraesentare
663 619 866 659 dicuntur.
898 619 997 659 Eius
1028 626 1165 659 autem
1213 628 1421 660 structura
1449 621 1501 659 ad
1530 622 1611 660 hoc
1646 634 1715 660 re-

144 684 318 731 ducitur,
350 690 394 722 ut
422 685 636 736 praeiacta
668 684 860 735 pactione
891 684 1029 736 aliqua
1059 684 1354 724 fundamentali
1386 686 1490 725 inter
1520 686 1714 737 populum

144 755 183 789 et
212 749 462 800 Principem,
492 761 610 800 quae,
633 748 728 800 quia
747 748 913 801 scriptis
934 749 1218 801 consignatur,
1246 750 1404 789 Charta
1430 751 1571 789 vocari
1593 752 1716 801 solet,

145 812 377 852 auctoritas
406 812 447 850 in
479 813 588 852 trina
617 812 742 852 veluti
772 812 959 853 membra
989 812 1219 853 dividatur:
1251 813 1291 851 in
1323 814 1503 866 Regem,
1535 815 1601 865 qui
1632 829 1716 855 una

145 889 239 915 cum
269 875 524 915 administris
552 882 756 928 potestate
785 877 940 929 gaudet
969 877 1224 925 exsecutiva,
1257 884 1296 917 et
1325 877 1366 916 in
1397 878 1575 929 collegia
1605 879 1685 918 duo
1703 910 1711 926 ,

145 955 270 981 unum
291 942 567 994 Optimatum,
586 943 759 981 alterum
781 942 1110 995 Deputatorum,
1132 956 1235 995 quae
1256 943 1418 995 legibus
1440 943 1709 983 discutiendis

142 1015 183 1048 et
213 1007 444 1048 sciscendis
475 1007 772 1060 praeficiuntur
803 1009 877 1060 (2).

194 1071 255 1111 70.
274 1071 426 1119 Quibus
441 1071 658 1123 principiis
680 1073 1004 1123 superstruitur.
1029 1072 1371 1120 Fundamentum,
1394 1073 1434 1111 in
1456 1086 1535 1125 quo
1558 1073 1624 1112 hic
1647 1086 1717 1124 po-

145 1134 284 1173 liticus
301 1133 613 1173 mechanismus
631 1134 783 1183 nititur,
803 1142 868 1174 est
888 1135 996 1186 quod
1014 1149 1220 1175 summum
1239 1136 1452 1189 imperium
1474 1144 1624 1176 natura
1639 1150 1715 1176 sua

142 1213 270 1251 penes
300 1200 495 1252 populum
517 1200 580 1248 sit;
603 1200 682 1253 qui,
704 1214 796 1239 cum
820 1209 1000 1253 nequeat
1023 1214 1095 1253 per
1116 1215 1161 1241 se
1197 1202 1314 1254 leges
1336 1203 1526 1250 condere,
1548 1203 1709 1255 aliquos

144 1266 259 1318 eligit
287 1266 354 1318 qui
385 1278 461 1305 suo
490 1266 656 1305 nomine
687 1267 778 1305 illas
800 1266 944 1306 serant.
970 1268 1133 1318 Scopus
1161 1281 1255 1307 vero
1279 1277 1355 1315 est,
1376 1274 1418 1307 ut
1439 1268 1706 1320 impossibilis

150 1331 346 1371 reddatur
375 1332 591 1383 potestatis
622 1332 801 1372 abusus:
846 1332 1026 1372 medium
1057 1333 1231 1386 denique
1263 1334 1406 1374 divisio
1449 1335 1702 1374 functionum

144 1395 381 1436 auctoritati
411 1395 748 1447 competentium3
779 1408 830 1435 ex
860 1409 941 1448 qua
970 1409 1112 1435 earum
1144 1405 1285 1436 mutua
1315 1397 1500 1436 limitatio
1532 1398 1700 1438 oriatur.

143 1460 251 1499 Hinc
282 1460 461 1512 collegio
492 1461 790 1512 Deputatorum
821 1461 1038 1512 opponitur
1069 1462 1290 1514 collegium
1313 1461 1577 1514 Optimatum;
1608 1469 1648 1502 et
1670 1476 1711 1501 u-

144 1523 312 1575 trisque,
342 1537 394 1562 ne
423 1523 586 1575 legibus
615 1523 844 1564 sciscendis
873 1525 1159 1564 exsecutivam
1189 1532 1436 1577 potestatem
1477 1526 1700 1574 destruant,

140 1587 402 1627 obstaculum
432 1588 669 1640 adiungitur
697 1589 840 1640 regiae
869 1589 1110 1635 sanctionis,
1141 1604 1247 1642 quae
1269 1591 1321 1629 ad
1344 1592 1459 1642 leges
1480 1591 1709 1631 firmandas

136 1653 371 1705 requiritur.
403 1655 597 1694 Potestas
627 1655 870 1694 exsecutiva
899 1654 1050 1695 limites
1085 1656 1236 1708 accipit
1266 1663 1430 1709 propter
1472 1671 1703 1710 responsa-

136 1719 352 1767 largitatem,
383 1733 465 1772 qua
495 1719 677 1759 Ministri
706 1720 909 1760 rationem
932 1721 1102 1760 reddere
1132 1729 1323 1762 tenentur
1347 1723 1538 1774 potestati
1570 1723 1700 1775 legis-

136 1783 290 1823 lativae
322 1784 371 1823 de
400 1784 462 1832 iis,
493 1797 600 1836 quae
629 1789 876 1836 operantum
921 1798 946 1823 a
976 1798 1056 1836 qua
1086 1785 1256 1836 proinde
1287 1786 1461 1825 iudicari
1506 1795 1545 1826 et
1573 1786 1707 1837 puniri

137 1854 323 1899 possunt.
356 1848 437 1887 Sed
467 1861 521 1888 ne
550 1847 704 1888 functio
734 1849 804 1889 illa
835 1849 1053 1900 potestatis
1084 1849 1209 1888 nimio
1240 1850 1425 1901 periculo
1457 1856 1702 1901 exponatur,

137 1913 226 1952 eius
257 1920 405 1966 caput,
435 1927 584 1965 nempe
614 1914 731 1962 Rex,
765 1915 1008 1954 inviolabile
1043 1915 1207 1954 omnino
1238 1916 1294 1954 fit.
1325 1917 1522 1956 Attamen
1554 1929 1625 1967 per
1653 1929 1701 1956 se

136 1977 237 2016 nihil
268 1977 406 2017 facere
435 1983 570 2029 potest
599 1977 689 2016 sine
712 1990 921 2017 consensu
943 1977 1292 2025 administrorum‚
1315 1985 1353 2017 et
1370 1978 1525 2018 idcirco
1548 1983 1705 2031 regnat

137 2042 210 2081 sed
239 2056 323 2082 non
349 2043 572 2095 ymbernat.
604 2043 665 2081 En
695 2043 818 2083 huius
847 2043 1069 2082 machinae
1090 2043 1336 2083 brevissima
1356 2044 1629 2092 adumbratio,
1654 2045 1704 2085 de

136 2118 216 2158 qua
246 2106 342 2159 quid
372 2107 630 2146 sentiendum
663 2107 727 2154 sit,
758 2114 980 2159 sequentes
1010 2107 1311 2158 propositiones
1342 2107 1622 2148 declarabunt.

691 2238 1155 2277 PROPOSITIONES.

186 2370 248 2409 71.
280 2370 535 2408 PRoposirlo
566 2370 624 2408 La
643 2370 763 2408 Haec
780 2371 935 2421 forma
958 2370 1196 2421 regiminis,
1219 2370 1314 2408 licet
1334 2370 1521 2408 absolate
1542 2369 1701 2422 imper*—

125 2437 245 2486 secta
275 2434 340 2482 sit,
376 2436 516 2473 tamen
549 2435 725 2473 relative
745 2436 1047 2487 praestantior
1076 2435 1225 2474 ceteris
1255 2448 1340 2474 esse
1366 2438 1531 2486 potest;
1563 2437 1601 2475 et
1633 2435 1705 2474 abi

134 2500 321 2552 legitime
349 2499 596 2539 introducta
628 2503 697 2547 est,
728 2500 837 2539 cives
866 2501 924 2539 ad
952 2500 1230 2540 obedientiam
1262 2500 1430 2551 obliyczt.

184 2563 306 2602 Prob.
337 2557 480 2602 Prima
509 2576 606 2614 pars
636 2563 810 2602 libenter
832 2563 1073 2602 conceditur
1103 2563 1153 2603 ab
1182 2563 1245 2612 iis,
1276 2564 1354 2615 qui,
1374 2564 1545 2604 semotis
1572 2578 1700 2616 prae-

132 2627 306 2676 iudiciis,
336 2642 424 2668 rem
454 2629 507 2667 ad
536 2628 709 2668 rationis
730 2628 922 2668 incudem
962 2635 1161 2669 revocant
1197 2630 1302 2668 Nam
1338 2635 1546 2670 structura
1576 2630 1701 2669 huius

176 2754 227 2794 (1)
253 2755 386 2787 Esame
411 2755 540 2787 critico
564 2755 663 2797 deyli
687 2755 820 2788 Ordinz'
835 2756 1153 2798 tapprvsentativi
1170 2756 1456 2789 ammodernati.
1476 2758 1593 2788 Roma
1611 2756 1702 2787 1854.

177 2805 227 2845 (2)
253 2816 268 2834 «
292 2806 365 2839 Une
389 2810 496 2845 carte,
518 2817 563 2839 un
586 2808 639 2840 roi
662 2810 696 2839 et
720 2808 815 2840 deux
831 2807 1030 2842 chambres.
1046 2807 1140 2839 voila
1154 2810 1234 2840 tout
1250 2808 1281 2839 le
1295 2808 1531 2840 mechanisme
1550 2808 1596 2838 du
1613 2815 1706 2847 gou-

134 2858 334 2889 vernemeni
355 2859 614 2899 representatis.
639 2871 654 2889 »
680 2860 820 2897 Cousm,
845 2860 960 2891 δοται-3
985 2859 1116 2891 d’hist.
1141 2860 1185 2891 de
1217 2860 1254 2891 ἰα
1274 2860 1506 2902 philosophie
1540 2859 1707 2896 morale,

134 2910 198 2949 lec.
222 2911 279 2942 IX.
