1970 3203
222 229 357 256 CAPUT
375 229 411 254 11.
432 228 485 254 DE
506 225 770 253 OPERATIONE
791 226 969 252 HUMANA
985 225 1123 252 PROUT
1155 225 1397 251 ORDINATUR
1426 225 1466 251 ΙΝ
1500 224 1628 251 FINEM
1656 211 1706 249 41

141 314 281 356 vetur3
312 311 434 358 atque
462 305 553 345 ideo
584 317 845 345 communem
890 306 1125 358 opinionem
1156 305 1384 352 adstruere,
1412 304 1503 344 sine
1534 305 1703 356 praevio

141 369 406 410 fundamento
428 381 507 420 quo
524 367 728 416 fulciatur,
746 369 852 407 idem
869 369 1036 408 omnino
1054 376 1115 408 est
1136 374 1257 421 atque
1274 369 1468 408 effectum
1490 369 1706 408 adstruere

141 433 230 472 sine
259 445 399 471 causa.
433 432 551 478 Quod
582 432 616 471 si
646 431 953 472 fundamentum
982 432 1024 470 in
1054 432 1233 472 medium
1257 425 1460 481 'affertur3
1497 431 1579 471 iam
1610 431 1705 470 fun-

141 496 378 535 damentum
408 495 608 535 eiusmodi
631 508 714 534 non
735 508 832 534 vero
854 495 1005 546 opinio,
1027 508 1132 547 quae
1152 495 1209 534 illi
1229 495 1547 548 superstruitur,
1570 494 1704 534 dicen-

139 561 234 600 dum
264 562 339 601 erit
368 561 612 600 moralitatis
641 560 898 613 principium.

190 627 348 667 Deinde
378 627 516 679 opinio
547 640 613 667 res
638 626 755 666 varia
776 634 837 667 est
859 634 898 667 et
919 626 1127 666 mutabilis
1148 632 1186 666 et
1205 627 1380 675 diversa,
1403 633 1522 679 prout
1540 626 1704 666 diversa

138 699 234 734 sunt
261 693 443 746 ingenia,
472 691 774 741 inclinationes,
796 692 1072 740 habitudines,
1093 693 1198 738 loca,
1220 692 1408 744 aliaeque
1439 693 1706 732 circumstan-

139 757 232 805 tiae,
264 770 370 809 quae
399 757 532 808 ipsam
563 757 811 809 ingenerare
840 762 1028 808 possunt.
1058 757 1112 794 At
1133 761 1282 794 contra
1304 755 1497 794 iudicium
1520 756 1569 794 de
1585 756 1708 794 hone·

140 820 215 860 stis
245 834 295 861 ac
326 820 467 872 pravis
496 820 670 868 actibus,
701 821 847 860 saltem
876 820 926 859 iis
956 819 1023 872 qui
1052 833 1125 871 per
1153 831 1200 859 se
1228 825 1367 871 patent
1399 826 1470 858 aut
1500 818 1609 857 facili
1646 831 1709 856 ra-

146 886 412 927 tiocinatione
442 900 468 925 a
496 886 638 938 primis
667 886 879 938 principiis
907 886 1156 932 derivantur,
1187 885 1295 924 idem
1324 886 1448 937 plane
1470 889 1532 923 est
1560 890 1597 923 et
1627 884 1706 922 im-

139 950 335 990 mutabile
364 950 473 1002 apud
503 963 648 989 omnes
677 956 835 1002 gentes.
876 950 987 1001 Ergo
1030 949 1186 988 morale
1230 947 1454 987 discrimen
1497 947 1705 986 actionum

137 1014 416 1053 humanarum
438 1014 619 1066 pendere
640 1013 780 1066 nequit
800 1012 851 1052 ab
874 1012 1065 1064 opinione
1086 1012 1344 1063 populorum.
1367 1011 1417 1050 Et
1437 1023 1538 1050 sane
1561 1023 1707 1049 omnes

144 1088 291 1134 gentes
320 1080 635 1132 blasphemiam,
665 1079 902 1131 periurium,
932 1078 1267 1130 perduellionem,
1300 1077 1485 1116 dolosum
1525 1075 1705 1128 promis-

139 1157 229 1183 sum
251 1176 260 1191 ‚
292 1150 331 1182 et
361 1143 522 1191 similia,
552 1143 774 1183 inhonesta
805 1155 898 1181 esse
929 1148 1101 1181 censent
1123 1173 1131 1189 ‚
1163 1153 1407 1192 semperque
1439 1145 1702 1179 censuerunt.

140 1211 304 1258 Contra,
337 1219 548 1262 tamquam
578 1209 731 1249 bonum
762 1208 976 1248 dilaudant
996 1207 1132 1255 fidem,
1150 1207 1451 1253 liberalitatem,
1470 1205 1706 1245 Divinitatis

141 1275 396 1328 obsequium,
428 1281 467 1315 et
496 1275 578 1314 alia
606 1274 817 1314 eiusmodi.
851 1275 961 1326 Ergo
983 1274 1017 1313 si
1036 1273 1133 1313 talia
1154 1272 1308 1312 iudicia
1330 1273 1380 1312 ab
1402 1271 1594 1324 opinione
1611 1283 1705 1322 pen-

143 1338 298 1386 derent,
330 1339 504 1378 effectus
533 1346 749 1390 superaret
780 1351 963 1377 causam.
995 1337 1085 1377 Nisi
1114 1336 1238 1389 igitur
1268 1336 1494 1376 absurdum
1525 1335 1604 1373 hoc
1635 1334 1704 1373 ad-

142 1400 244 1439 mitti
276 1401 401 1449 velit,
448 1401 658 1440 fatendum
689 1406 752 1441 est
782 1402 956 1442 effectus
985 1408 1069 1440 tam
1099 1400 1349 1440 universalis
1387 1407 1426 1439 et
1464 1398 1707 1446 constantis,

142 1465 423 1505 universalem
441 1472 481 1506 et
511 1474 769 1506 constantem
791 1480 884 1506 esse
906 1480 1091 1514 causam,
1113 1479 1218 1517 quae
1237 1466 1319 1505 alia
1337 1479 1430 1506 esse
1451 1465 1603 1516 nequit,
1624 1465 1703 1505 nisi

142 1535 292 1567 natura
321 1536 390 1567 aut
417 1528 458 1568 id
487 1529 595 1581 quod
624 1529 666 1568 in
696 1538 846 1570 natura
875 1530 1080 1570 fundatur.

197 1593 348 1642 Tertio,
380 1594 595 1634 moralitas
624 1597 765 1647 nequit
793 1596 974 1648 pendere
1004 1596 1056 1634 ab
1087 1608 1146 1643 eo,
1177 1597 1286 1646 quod
1315 1596 1405 1647 ipsa
1430 1595 1587 1647 indiget
1610 1600 1708 1634 tam-

141 1674 263 1713 quam
296 1660 460 1699 criterio
490 1673 570 1712 quo
601 1660 815 1701 iudicetur.
846 1662 969 1714 Atqui
999 1675 1076 1700 nos
1097 1662 1472 1713 permoralitatem,
1495 1667 1705 1713 tamquam

140 1740 211 1779 per
241 1725 465 1774 criterium,
495 1726 728 1766 iudicamus
757 1727 1003 1778 opinionemg
1035 1741 1117 1767 non
1139 1727 1357 1767 viceversa
1378 1741 1450 1780 per
1469 1727 1704 1780 opinionem

141 1789 430 1829 moralitatem.
461 1791 512 1829 Et
540 1804 654 1839 sane,
686 1804 779 1830 cum
810 1791 1045 1843 opinionem
1076 1791 1257 1843 aliquam
1287 1791 1492 1838 audimus,
1523 1804 1606 1829 non
1626 1798 1705 1831 sta-

140 1853 211 1892 tim
241 1853 570 1906 acquiescimus,
601 1855 675 1894 sed
704 1854 827 1894 altius
858 1854 1119 1906 assurgimus
1149 1855 1202 1894 ad
1241 1861 1490 1906 conceptum
1525 1853 1703 1905 aliquem

140 1919 399 1968 rationalem;
417 1927 460 1960 ut
489 1920 705 1961 videamus
735 1928 870 1960 utrum
901 1920 1038 1972 opinio
1056 1920 1126 1959 illa
1146 1920 1255 1960 bona
1276 1920 1328 1960 sit
1350 1926 1388 1960 et
1405 1919 1704 1971 amplectenda,

139 1998 194 2025 an
224 1987 334 2025 mala
363 1993 486 2038 atque
513 1986 606 2027 ideo
637 1987 904 2038 repudianda.
936 1986 1093 2025 Norma
1120 1985 1244 2038 igitur
1273 1985 1517 2025 moralitatis
1539 1999 1592 2025 ex
1612 1984 1703 2038 opi—

142 2049 264 2089 nione
293 2051 536 2102 populorum
566 2050 726 2090 desumi
756 2049 906 2102 nequit.

192 2117 253 2155 32.
285 2117 537 2156 Pssoposmo
568 2116 625 2155 2?
641 2116 874 2155 Actionum
891 2117 1183 2155 humanarum
1205 2115 1431 2155 moralitas
1454 2128 1537 2154 non
1550 2114 1709 2168 pendet

140 2193 165 2220 a
196 2179 354 2232 legibus
385 2181 596 2220 humanis.

191 2243 313 2282 Prob.
346 2245 444 2292 Nos,
476 2245 601 2284 ductu
630 2248 825 2292 naturae,
855 2243 996 2295 legum
1032 2243 1258 2283 bonitatem
1295 2256 1348 2283 ex
1386 2241 1703 2295 praesupposita

139 2309 371 2349 moralitate
402 2311 612 2350 actionum
642 2311 844 2358 metimur,
865 2323 948 2349 non
970 2310 1059 2350 vice
1082 2322 1214 2349 versa.
1237 2311 1368 2349 Nemo
1399 2309 1508 2348 enim
1529 2310 1581 2348 ad
1602 2309 1704 2349 obe-

140 2376 332 2416 diendum
362 2376 523 2428 legibus
553 2389 599 2416 se
628 2376 831 2429 adstringi
863 2376 1078 2424 diiudicat,
1110 2376 1188 2414 nisi
1217 2375 1442 2427 perspiciat
1475 2374 1576 2414 nihil
1604 2375 1708 2427 ipsis

142 2439 356 2487 contineri,
374 2440 483 2491 quod
510 2438 706 2479 iniustum
737 2447 806 2479 aut
835 2439 1005 2491 impium
1037 2440 1100 2489 sit,
1123 2453 1247 2479 secus
1269 2440 1321 2478 ad
1342 2438 1618 2479 obedientiam
1638 2452 1704 2490 po-

140 2502 222 2541 tius
253 2501 540 2553 denegandam
570 2516 616 2543 se
645 2502 756 2555 adigi
786 2503 1057 2543 existimaret.
1091 2504 1273 2555 Quisque
1294 2502 1403 2542 enirn
1429 2501 1555 2541 sentit
1576 2515 1621 2541 se
1641 2504 1704 2541 al-

139 2565 243 2605 tiore
273 2565 526 2618 obligatione
556 2566 701 2615 teneri,
731 2580 813 2618 qua
833 2567 938 2606 solvi
959 2567 1072 2605 nulla
1090 2567 1182 2618 lege
1203 2568 1387 2605 humana
1413 2564 1554 2617 possit,
1577 2571 1616 2604 et
1639 2565 1704 2604 cui

143 2631 179 2671 si
206 2632 445 2680 reluctetur,
475 2631 679 2672 rationem
709 2633 843 2684 ipsam
874 2633 1043 2673 violabit
1072 2640 1111 2672 et
1141 2639 1339 2685 quantum
1369 2632 1410 2671 in
1441 2645 1486 2671 se
1516 2638 1578 2671 est
1606 2631 1705 2670 inte-

141 2697 272 2736 rimet.
303 2698 354 2736 Et
383 2711 497 2746 sane,
529 2698 564 2738 si
594 2699 698 2738 adeo
728 2712 859 2750 prava
888 2706 1072 2739 exstaret
1102 2699 1305 2747 societas,
1345 2712 1450 2751 quae
1479 2697 1612 2749 impiis
1643 2699 1703 2736 le-

140 2759 260 2811 gibus
290 2759 576 2810 delectaretur,
607 2776 657 2802 ac
685 2764 871 2815 rapinaS,
903 2762 1136 2810 latrocinia,
1167 2763 1360 2814 periuria,
1392 2762 1572 2808 fraudes,
1594 2761 1706 2800 adul-

142 2822 257 2870 teria,
287 2830 504 2874 parentum
534 2832 572 2865 et
603 2826 754 2866 civium
784 2840 952 2874 necem,
982 2833 1020 2866 et
1049 2826 1084 2865 si
1114 2827 1209 2878 quid
1238 2826 1348 2866 aliud
1385 2824 1609 2865 nefandum
1639 2829 1701 2862 est

143 2891 264 2937 atque
292 2893 424 2938 turpe,
455 2891 648 2939 sanciret;
678 2904 776 2930 num
806 2889 960 2930 idcirco
995 2890 1101 2930 haec
1131 2889 1289 2941 flagitia
1317 2886 1564 2940 turpitudine
1594 2886 1697 2925 libe-
