1970 3203
183 233 261 274 166
510 248 577 275 lUS
606 248 809 275 NATURAE
830 258 851 264 -
872 249 980 276 PARS
1009 249 1032 276 l.
1064 250 1130 277 lUS
1159 250 1428 279 INDlVlDUALE

183 324 391 365 effectiva.
435 325 670 365 Materialis
711 332 775 365 est
819 326 981 367 falsitas
1024 327 1201 378 obiecti,
1232 328 1418 370 formalis
1461 336 1524 371 est
1567 331 1761 370 voluntas

187 389 449 440 exprimendi
480 389 662 439 falsum;
694 390 889 430 effectiva
918 399 982 431 est
1011 391 1207 442 fallacia,
1239 406 1345 445 quae
1382 393 1591 434 inducitur
1620 394 1662 432 in
1693 407 1762 433 au-

184 454 336 494 diente.
368 457 453 494 Iam
463 468 561 495 vero
593 455 858 495 mendacium
879 457 921 496 in
942 471 1019 496 sua
1039 458 1178 510 specie
1198 459 1462 499 constituitur
1483 473 1536 500 ex
1557 461 1756 508 secunda;

184 519 318 572 prima
348 526 484 572 potest
515 520 603 559 dari
634 526 673 560 et
703 534 786 560 non
818 521 931 570 dari;
964 521 1085 561 tertia
1113 535 1198 562 non
1227 523 1406 575 impertit
1435 523 1616 576 speciem
1648 537 1759 564 men-

185 583 318 631 dacio,
351 584 425 623 sed
454 584 588 637 ipsam
619 586 812 637 complet.
845 600 863 623 ‹<
897 585 1114 625 Obiectum
1148 587 1360 639 proprium
1405 587 1757 627 manifestationis

183 648 272 688 sive
290 649 596 689 enunciationis
614 658 676 690 est
689 664 834 690 verum
846 650 909 689 vel
926 650 1089 690 falsum.
1109 652 1286 691 Intentio
1299 666 1397 692 vero
1414 653 1637 693 voluntatis
1654 655 1765 692 inor-

183 714 352 753 dinatae
384 720 520 766 potest
540 717 594 755 ad
614 717 693 756 duo
715 717 824 766 ferri,
846 731 1019 769 quorum
1043 730 1170 756 unum
1192 723 1254 757 est
1277 724 1321 757 ut
1341 717 1490 757 salsum
1513 717 1762 766 enuntietur,

182 780 294 819 aliud
315 787 379 820 est
397 782 572 822 effectus
590 783 780 835 proprius
798 783 929 824 falsae
950 783 1259 831 enuntiationis,
1281 789 1325 822 ut
1341 783 1501 823 scilicet
1522 783 1670 836 aliquis
1692 783 1762 822 sal-

184 846 303 885 latur.
323 846 365 886 Si
397 860 497 900 ergo
528 848 608 888 ista
628 849 704 887 tria
725 856 990 898 concurrant,
1021 849 1180 888 scilicet
1201 850 1309 902 quod
1331 849 1482 890 falsum
1503 849 1556 889 sit
1576 849 1629 898 id,
1650 851 1759 902 quod

185 912 450 961 enuntiatur,
483 919 522 954 et
551 914 660 966 quod
691 914 801 954 adsit
830 916 1024 954 voluntas
1057 914 1206 954 falsum
1237 915 1511 964 enuntiandi,
1542 923 1582 955 et
1610 915 1757 955 iterum

184 976 360 1017 intentio
391 977 584 1027 fallendi;
616 983 714 1018 tunc
736 986 798 1019 est
820 978 982 1019 falsitas
1003 979 1286 1028 materialiter,
1309 979 1407 1032 quia
1427 979 1577 1019 falsum
1598 979 1758 1027 dicitur,

185 1050 224 1082 et
254 1042 484 1083 formaliter
514 1050 680 1096 propter
700 1046 959 1085 voluntatam
982 1045 1132 1085 salsum
1156 1046 1332 1094 dicendi,
1353 1052 1393 1086 et
1414 1048 1608 1086 effectiva
1628 1060 1755 1099 prop-

183 1115 244 1145 ter
260 1107 515 1146 voluntatem
530 1106 680 1147 falsum
697 1109 970 1161 imprimendi.
987 1110 1068 1150 Sed
1086 1118 1225 1150 tamen
1243 1110 1350 1151 ratio
1366 1111 1571 1152 mendacii
1584 1112 1759 1152 sumitur

184 1185 209 1210 a
238 1172 402 1212 formali
434 1173 625 1223 falsitate,
647 1177 877 1216 secundum
907 1177 988 1216 hoc
1020 1177 1181 1216 scilicet
1210 1177 1318 1230 quod
1348 1178 1497 1230 aliquis
1527 1178 1653 1218 habet
1683 1191 1759 1217 vo—

181 1239 382 1278 luntatem
425 1238 575 1279 falsum
620 1241 875 1281 enuntiandi.
906 1242 1029 1282 Unde
1060 1249 1099 1282 et
1132 1243 1397 1282 mendacium
1439 1242 1675 1282 nominatur
1706 1257 1757 1282 ex

184 1317 232 1343 eo
255 1305 362 1356 quod
385 1312 533 1344 contra
553 1313 732 1346 mentem
756 1307 942 1347 dicitur...
965 1308 1086 1354 Quod
1107 1314 1246 1347 autem
1268 1308 1417 1360 aliquis
1444 1309 1630 1348 intendat
1652 1308 1759 1347 falsi-

183 1374 310 1408 tatem
334 1369 374 1408 in
396 1370 588 1422 opinione
609 1372 780 1411 alterius
798 1372 1064 1420 constituere,
1081 1385 1164 1411 non
1182 1372 1358 1424 pertinet
1374 1373 1427 1411 ad
1443 1372 1625 1424 speciem
1649 1384 1761 1410 men-

185 1434 304 1483 dacii,
318 1435 390 1474 sed
410 1435 463 1474 ad
480 1436 702 1488 quamdam
719 1437 1016 1488 perfectionem
1033 1437 1176 1487 ipsius.
1195 1436 1311 1476 Sicut
1327 1445 1366 1477 et
1382 1437 1423 1476 in
1444 1437 1569 1477 rebus
1591 1442 1756 1475 natura—

186 1498 293 1538 libus
314 1499 469 1551 aliquid
490 1500 673 1551 speciem
694 1501 876 1549 sortitur,
896 1501 929 1540 si
946 1501 1121 1541 formam
1137 1501 1276 1551 habet,
1294 1501 1459 1541 etiamsi
1476 1501 1580 1541 desit
1597 1500 1757 1540 formae

182 1566 368 1613 effectus,
390 1565 498 1605 sieut
518 1572 630 1618 patet
650 1566 692 1605 in
713 1568 833 1619 gravi
855 1568 963 1621 quod
990 1568 1192 1607 violenter
1212 1581 1378 1608 sursum
1411 1568 1615 1608 detinetur
1634 1568 1709 1618 (1).
1735 1583 1755 1604 »

235 1629 497 1682 Quamquam
514 1631 675 1671 mentiri
691 1645 902 1684 nunquam
918 1633 1052 1679 liceat,
1066 1631 1163 1672 hinc
1181 1637 1319 1672 tamen
1338 1645 1421 1671 non
1438 1630 1690 1683 prohibetur,
1706 1643 1762 1669 ne

180 1695 420 1748 aliquando,
439 1697 550 1737 iusta
566 1698 844 1748 persuadente
861 1712 1003 1746 causa,
1022 1698 1238 1738 veritatem
1256 1691 1520 1746 reticeamus,
1539 1697 1620 1736 alio
1637 1697 1762 1736 infle-

183 1763 332 1802 ctendo
347 1775 596 1802 sermonem.
608 1765 700 1802 Non
714 1763 822 1803 enim
839 1764 995 1812 omnia,
1007 1777 1112 1816 quae
1130 1764 1287 1803 scimus
1301 1764 1526 1804 etinterius
1539 1764 1762 1815 agitamus,

184 1826 454 1866 manifestare
474 1826 566 1866 aliis
583 1834 734 1868 natura
755 1829 979 1880 praecipit3
1001 1828 1128 1867 immo
1151 1829 1277 1869 etiam
1297 1828 1337 1867 id
1358 1841 1486 1880 saepe
1507 1828 1611 1867 levis
1631 1828 1759 1867 animi

185 1897 223 1930 et
238 1890 510 1942 imprudentis
525 1891 724 1930 indicium
740 1900 814 1932 est.
833 1893 971 1938 Quare
993 1898 1159 1944 propter
1175 1891 1466 1932 rationabilem
1485 1905 1658 1931 causam
1675 1905 1759 1930 am-

185 1956 386 2008 biguitate
404 1957 635 1997 sententiae
647 1959 703 1996 uti
717 1957 824 2006 licet,
835 1958 887 1997 ad
905 1958 1122 1998 veritatem
1135 1958 1382 2010 quandoque
1393 1958 1754 2005 celandam,modo

184 2035 278 2062 earn
311 2022 585 2076 interroganti
619 2024 783 2075 aperire
804 2018 900 2064 'iure
930 2024 1068 2076 aliquo
1099 2037 1183 2063 non
1213 2024 1456 2076 obligemur.
1487 2025 1682 2064 Attamen
1715 2033 1757 2063 ut

182 2085 279 2125 inde
305 2087 567 2126 mendacium
587 2087 707 2136 absit,
726 2088 907 2137 loquutio
925 2088 1045 2128 debet
1063 2101 1156 2128 esse
1173 2088 1386 2136 eiusmodi,
1405 2096 1450 2129 ut
1466 2101 1518 2127 ex
1535 2087 1616 2127 alio
1633 2088 1760 2127 etiam

185 2154 283 2188 noto
316 2149 432 2188 vocis
448 2163 576 2190 sensu
595 2152 659 2190 vel
681 2165 734 2190 ex
751 2152 872 2191 modo
894 2151 1087 2203 loquendi
1105 2152 1168 2190 vel
1186 2152 1333 2191 saltem
1356 2165 1409 2191 ex
1430 2150 1758 2192 circumstantiis

185 2214 323 2266 colligi
353 2216 485 2267 possit
506 2229 608 2256 vera
628 2230 747 2256 mens
768 2218 987 2270 loquentiS,
1014 2217 1110 2258 licet
1140 2218 1268 2257 verba
1288 2218 1400 2257 aliud
1421 2230 1573 2257 sonare
1597 2216 1763 2256 videan—

186 2287 263 2320 tur.
287 2281 355 2320 Sic
378 2283 417 2321 S.
438 2281 710 2330 Athanasius,
728 2297 820 2322 cum
843 2290 1132 2336 persecutores
1153 2284 1381 2336 aufugeret,
1403 2297 1556 2336 eosque
1579 2284 1763 2324 evadere

188 2358 272 2385 non
304 2352 455 2396 posset,
477 2347 729 2395 naviculam,
752 2361 833 2400 qua
853 2348 1095 2395 vehebatur,
1117 2355 1265 2387 contra
1295 2348 1407 2387 littus
1437 2347 1659 2387 obvertens
1680 2347 1762 2386 illis

187 2410 353 2450 obviam
383 2412 514 2461 rediit;
537 2426 713 2465 cumque
733 2413 786 2452 ab
806 2414 869 2461 iis,
897 2414 952 2452 nil
974 2414 1055 2454 tale
1086 2412 1408 2465 suspicantibus,
1431 2413 1765 2465 interrogaretur

188 2490 242 2516 an
272 2477 551 2516 Athanasium
582 2477 807 2531 fugientem
829 2480 1012 2519 vidisset:
1033 2480 1263 2526 Festc'nate,
1286 2478 1428 2531 inquit,
1451 2492 1476 2518 a
1510 2479 1620 2518 vobis
1650 2479 1762 2518 enim

180 2554 344 2594 parum
373 2542 515 2581 distat.

240 2606 332 2644 Hac
351 2605 475 2657 igitur
491 2607 679 2647 adhibita
692 2608 897 2657 cautione,
912 2608 1040 2648 celari
1056 2608 1211 2648 veritas
1228 2608 1474 2660 quandoque
1491 2612 1638 2659 potest;
1652 2606 1761 2646 falsa

189 2669 297 2709 enim
316 2668 469 2721 opinio,
485 2684 589 2722 quae
611 2680 722 2720 tunc,
737 2673 972 2720 oritur,non
994 2672 1226 2724 deceptioni
1245 2671 1462 2724 loquentis,
1475 2670 1548 2709 sed
1566 2669 1765 2709 stultitiae

187 2734 393 2775 audientis
423 2735 641 2776 tribuenda
661 2745 734 2777 est.
756 2742 953 2778 Attamen
975 2738 1119 2778 sedulo
1141 2737 1498 2776 animadvertatur
1527 2748 1610 2775 non
1635 2748 1765 2787 prop-

187 2807 302 2840 terea
330 2800 497 2853 probari
530 2802 820 2842 restrz'ctc'ones
843 2817 956 2856 pure
985 2805 1201 2851 mentales,
1223 2816 1297 2843 seu
1318 2815 1507 2855 prorsas
1539 2802 1730 2842 internas
1751 2814 1766 2841 :

239 2939 289 2979 (1)
315 2940 469 2973 Summa
493 2940 538 2972 τΙι.
564 2941 605 2972 2.·
628 2941 683 2973 2³¹0
719 2951 748 2982 q.
775 2943 847 2981 CX,
870 2952 896 2974 a„
923 2943 949 2974 1.
