1970 3203
323 253 470 282 CAPUT.
489 253 542 278 111.
563 252 616 278 DE
636 251 866 278 socmTATE
881 250 1111 285 RELIGIOSA,
1132 249 1312 276 NIMIRUM
1332 247 1526 276 ECCLESIA
1639 235 1715 274 311

141 335 362 387 gistratum
383 329 710 382 adipiscendum,
732 342 783 368 ne
810 340 1003 380 supremo
1025 328 1185 379 quidem
1208 326 1380 378 imperio
1410 332 1595 379 excepto,
1612 325 1716 365 liber

141 398 278 437 aditus
306 401 430 446 patet;
452 399 492 434 et
519 393 580 432 sic
601 406 626 432 a
646 392 830 444 gerenda
850 390 1081 430 christiana
1100 390 1311 442 republica
1329 403 1450 429 nemo
1471 389 1715 429 excluditur.

192 461 262 498 VI.
297 460 492 498 Potestas
523 455 740 495 Ecclesiae
770 467 854 494 non
885 453 1007 492 modo
1028 459 1147 493 actus
1169 459 1366 494 externos
1386 454 1555 505 respicit
1577 453 1717 506 (siqui-

141 524 233 564 dem
262 522 406 561 fideles
428 553 437 568 ,
468 520 617 573 quibus
645 519 851 570 imperat,
881 517 1072 557 homines
1115 523 1212 556 sunt
1240 517 1308 569 qui
1337 517 1520 557 externis
1549 517 1712 557 actibus

141 589 408 642 operantur);
440 587 514 626 sed
544 586 667 626 etiam
699 591 738 625 et
766 583 987 636 praecipue
1015 582 1187 634 respicit
1215 593 1336 622 actus
1364 583 1561 632 internos;
1584 583 1716 636 siqui-

144 657 236 696 dem
266 653 566 695 conscientiam
597 664 758 704 quoque
790 649 986 690 diiudicat
1007 655 1046 688 et
1067 662 1117 688 ea
1137 648 1289 696 definit,
1312 662 1418 701 quae
1439 649 1491 688 ad
1510 649 1654 688 Fidem
1675 655 1716 689 et

140 734 279 762 mores
307 719 526 771 pertinent.
560 718 698 764 Quare
718 716 807 756 eius
827 715 1056 755 auctoritas
1078 713 1304 766 spiritualis
1325 721 1388 753 est
1407 728 1490 754 non
1512 714 1634 754 modo
1655 727 1718 753 ra-

140 784 250 823 tione
278 783 386 830 finis,
417 782 490 822 sed
520 780 643 821 etiam
672 779 831 819 ratione
860 778 1046 824 subiecti,
1078 778 1119 816 in
1149 777 1261 830 quod
1287 779 1476 830 proxime
1497 786 1539 819 et
1558 777 1717 830 praeci-

140 861 218 900 pue
248 852 454 899 operatur.
486 845 555 884 Sic
585 857 732 884 revera
762 849 890 883 totum
919 842 1144 890 hominem,
1168 848 1372 894 quatenus
1392 842 1445 880 ad
1466 841 1541 881 Dei
1563 842 1717 881 cultum

139 921 179 954 et
208 921 421 953 aeternam
451 913 626 951 salutem
656 909 895 962 dirigendus
925 916 1000 955 est,
1029 909 1269 948 moderatur
1298 916 1337 948 et
1365 907 1581 960 gubernat.

192 981 256 1018 Ex
286 979 363 1025 his,
395 990 501 1029 quae
531 977 583 1016 ad
612 984 805 1015 naturam
827 975 1045 1014 Ecclesiae
1065 987 1149 1014 non
1169 982 1254 1015 tam
1277 973 1567 1025 explicandam
1590 973 1716 1025 (quod

137 1041 393 1094 propositum
424 1046 612 1079 nostrum
643 1039 914 1090 egreditur),
945 1038 1019 1078 sed
1046 1037 1193 1077 leviter
1222 1037 1552 1077 adumbrandam
1583 1049 1716 1088 expo—

137 1104 308 1153 suimus,
339 1104 391 1144 ad
419 1108 661 1156 sequentem
692 1102 1014 1154 propositionem
1045 1101 1419 1141 constabiliendam
1460 1100 1714 1140 adducimur.

641 1229 985 1270 PROPOSITIO
1018 1230 1207 1269 UNICA.

189 1361 277 1400 122.
308 1361 500 1400 Ecclesia
531 1362 592 1399 est
620 1372 765 1398 ver-um
798 1358 1024 1411 imper-ium
1054 1359 1292 1411 spirituale,
1325 1359 1439 1397 inter·
1468 1358 1658 1397 homines
1687 1372 1713 1397 cz

133 1424 226 1464 Deo
258 1426 544 1472 constitutum,
575 1424 804 1463 diversum*
820 1423 992 1461 omnino
1015 1423 1064 1462 ab
1089 1423 1267 1475 imper-io
1289 1422 1414 1471 civili,
1438 1435 1566 1475 eoque
1589 1424 1712 1474 longsc

127 1489 441 1541 praestantius.

188 1554 309 1593 Prob.
350 1553 469 1600 Quod
498 1553 550 1593 sit
578 1566 724 1592 verum
754 1553 971 1605 imperium
1011 1566 1084 1604 per
1113 1565 1158 1592 se
1188 1553 1333 1592 elucet.
1373 1554 1481 1591 Nam
1524 1560 1587 1592 est
1616 1565 1716 1592 vera

135 1617 328 1665 societas,
360 1616 621 1656 multitudine
652 1624 690 1657 et
720 1617 968 1657 auctoritate
998 1625 1210 1663 constans,
1231 1617 1396 1668 proprio
1418 1617 1501 1656 fine
1524 1625 1563 1656 et
1587 1629 1716 1668 orga-

132 1682 266 1722 nismo
295 1682 494 1734 praedita.
525 1683 643 1729 Quod
665 1696 763 1722 vero
785 1697 810 1722 a
831 1683 941 1722 civili
963 1683 1163 1722 societate
1186 1683 1360 1730 differat,
1384 1682 1505 1722 facile
1526 1683 1713 1722 ostendi-

131 1754 209 1785 tur:
241 1746 445 1798 siquidem
476 1746 684 1786 elementa
713 1747 878 1794 omnia,
910 1746 1058 1798 quibus
1088 1746 1300 1793 coalescit,
1332 1747 1384 1785 ab
1407 1747 1625 1786 elementis
1647 1747 1710 1785 di-

131 1814 341 1860 screpant,
372 1822 477 1861 quae
506 1809 619 1849 illam
649 1811 881 1850 efformant.
915 1811 965 1849 Et
995 1823 1110 1857 sane,
1138 1810 1326 1849 membra
1345 1810 1479 1851 civilis
1501 1810 1714 1850 societatis

132 1880 228 1913 sunt
256 1874 450 1914 homines
481 1875 780 1915 determinatae
809 1875 994 1928 regionis
1015 1908 1023 1923 ‚
1055 1884 1094 1916 et
1124 1876 1261 1927 quoad
1290 1882 1457 1915 mutuas
1487 1876 1712 1915 relationes

129 1939 306 1992 inspecti
345 1940 388 1979 in
417 1940 558 1980 ordine
591 1955 705 1981 mere
733 1942 942 1990 naturali;
977 1941 1165 1981 membra
1195 1949 1333 1981 autem
1364 1941 1582 1981 Ecclesiae
1618 1948 1714 1981 sunt

131 2006 292 2058 quidem
310 2006 387 2058 ipsi
407 2007 611 2055 homines,
628 2014 669 2046 at
685 2020 768 2046 non
786 2008 906 2046 modo
924 2021 995 2059 per
1012 2016 1139 2047 totum
1157 2007 1298 2046 orbem
1322 2007 1472 2055 diffusi,
1490 2007 1564 2047 sed
1585 2007 1712 2047 etiam

97 2099 101 2103 .
134 2070 387 2109 considerati
417 2070 458 2109 in
480 2070 624 2110 ordine
645 2071 951 2123 supernaturali
972 2078 1010 2110 et
1031 2071 1166 2123 quoad
1201 2072 1426 2111 relationes
1447 2084 1548 2123 erga
1569 2072 1702 2110 Deum

132 2144 344 2188 tamquam
375 2137 613 2175 eorumdem
643 2149 881 2188 supremum
912 2137 1123 2176 dominum
1154 2143 1193 2176 et
1222 2136 1409 2176 ultimum
1430 2138 1568 2177 finem.
1592 2137 1709 2176 Finis

133 2198 344 2239 societatis
368 2199 501 2239 civilis
523 2206 585 2239 est
605 2199 780 2240 felicitas
802 2200 1066 2252 temporaria,
1089 2214 1194 2252 quae
1216 2201 1392 2253 emergit
1413 2214 1466 2240 ex
1483 2201 1711 2240 stabilitate

131 2263 288 2303 ordinis
317 2265 478 2304 externi
508 2272 547 2304 et
578 2266 703 2304 tutela
730 2265 881 2305 iurium
905 2266 1011 2305 inter
1040 2266 1241 2315 homines;
1270 2267 1367 2306 finis
1399 2266 1616 2306 Ecclesiae
1648 2274 1711 2306 est

130 2329 306 2369 felicitas
333 2336 504 2370 aeterna
534 2338 573 2371 et
601 2331 932 2383 supernaturalis
960 2332 1156 2380 fidelium,
1187 2345 1293 2384 quae
1323 2332 1498 2384 emergit
1528 2345 1580 2371 ex
1609 2346 1710 2384 pro—

128 2396 344 2435 curatione
375 2395 539 2435 divinae
569 2397 727 2448 gloriae
757 2404 796 2437 et
826 2397 1161 2438 sanctificatione
1191 2398 1434 2437 animarum.
1465 2398 1709 2438 Auctoritas

128 2461 262 2501 civilis
291 2475 316 2501 a
338 2463 425 2501 Deo
443 2462 626 2514 procedit
646 2463 720 2502 sed
741 2469 783 2502 ut
812 2470 978 2503 auctore
999 2471 1195 2512 naturae,
1209 2471 1248 2504 et
1269 2477 1294 2502 a
1315 2463 1435 2504 factis
1455 2464 1650 2504 humanis
1671 2471 1712 2504 et

125 2526 338 2565 hominum
372 2525 560 2565 libertate
589 2527 740 2578 pendet
760 2528 895 2579 quoad
917 2536 1157 2567 concretam
1178 2528 1394 2581 regiminis
1413 2527 1600 2576 formam;
1630 2541 1708 2567 au—

126 2590 298 2630 ctoritas
330 2591 620 2631 ecclesiastica
650 2605 675 2630 a
703 2592 792 2631 Deo
822 2592 1008 2643 procedit
1034 2599 1076 2631 ut
1105 2599 1274 2632 auctore
1304 2593 1477 2644 gratiae,
1495 2593 1547 2632 ab
1578 2605 1709 2643 eoque

125 2653 247 2693 unice
275 2655 426 2706 pendet
456 2668 539 2694 non
569 2655 690 2694 modo
719 2656 762 2694 in
792 2669 837 2695 se
867 2656 1001 2708 quoad
1029 2669 1116 2695 rem
1146 2657 1291 2708 ipsam,
1323 2657 1396 2696 sed
1426 2656 1550 2696 etiam
1572 2656 1708 2708 quoad

126 2717 359 2758 subiectum
388 2719 584 2770 specifice
605 2720 929 2768 consideratum,
950 2734 1098 2773 nempe
1119 2722 1255 2773 quoad
1278 2721 1494 2773 regiminis
1515 2720 1703 2769 sormam,

130 2795 235 2833 quae
264 2796 289 2821 a
319 2783 484 2823 Christo
506 2783 778 2824 determinata
799 2791 873 2825 est.
898 2786 1035 2832 Quare
1056 2786 1108 2825 ab
1129 2786 1297 2826 homine
1317 2786 1466 2826 mutari
1495 2799 1705 2838 nunquam

130 2853 276 2899 potest.
307 2849 502 2888 Potestas
530 2849 663 2890 civilis
681 2856 898 2890 externum
919 2858 1166 2903 apparatum
1197 2852 1439 2900 mediorum,
1460 2851 1590 2891 ordini
1613 2863 1706 2890 mo-

129 2914 206 2954 rali
237 2914 546 2964 conferentium,
576 2916 741 2968 proprie
770 2917 950 2969 respicit,
981 2930 1059 2957 nec
1089 2918 1216 2957 ullum
1246 2918 1449 2957 influxum
1478 2917 1634 2957 directe
1661 2915 1704 2956 in
