1970 3203
206 224 283 263 314
579 233 645 260 ms
674 232 876 260 NATURAE
899 242 920 248 —
941 232 1048 259 PARS
1078 233 1115 258 11.
1144 233 1210 260 ms
1241 232 1417 260 soc1ALE

768 370 1236 410 PROPOSITIONES.

257 504 347 542 125.
378 504 636 542 Pnoposrrio
666 503 722 541 1³.
744 501 937 541 Ecclesia
961 501 1026 540 ius
1043 500 1166 540 habet
1185 512 1228 540 se
1247 500 1526 553 propagandi
1538 513 1621 553 per·
1645 502 1781 538 totum

203 569 357 618 orbem,
389 570 518 609 etiarn
550 570 756 608 renuente
784 568 901 607 civili
922 568 1146 620 potestate.

253 636 375 676 Prob.
408 636 500 675 Hoc
530 635 596 676 ius
627 634 841 675 evidenter
871 634 1027 674 eruitur
1043 647 1095 673 ex
1112 632 1263 682 officio,
1286 632 1395 685 quod
1418 632 1609 674 Christus
1631 633 1775 673 Eccle-

200 700 288 740 siae
305 700 511 752 imposuit,
529 699 796 752 praedicandi
812 698 1090 751 Evangelium
1106 698 1147 737 in
1165 698 1361 737 universo
1378 697 1546 745 mundo,
1564 704 1604 738 et
1627 698 1780 750 ubique

202 764 481 817 regenerandi
510 763 704 803 homines
725 763 898 803 salutari
919 763 1102 802 lavacro.
1126 763 1189 801 En
1207 761 1362 802 Christi
1393 761 1546 802 verba:
1577 762 1696 801 Data
1720 764 1785 802 est

202 830 312 869 mihi
329 829 445 869 omni
460 832 654 882 potestas
673 829 715 868 in
733 829 850 868 caelo
869 832 910 868 et
929 829 973 868 in
995 832 1126 869 terra.
1147 829 1311 868 Euntes
1332 841 1432 880 eryo
1463 828 1605 867 docete
1636 840 1780 868 omnes

199 899 362 949 yentes,·
383 896 646 949 baptizantes
663 908 731 935 eos
745 896 791 935 in
807 896 978 935 nomine
995 896 1146 935 Patris
1163 899 1203 935 et
1215 895 1327 934 Filii
1339 898 1379 934 et
1400 894 1593 948 Spiritus
1612 893 1777 941 Sancti,

200 965 393 1005 docentes
415 976 484 1002 eos
505 975 678 1002 servare
706 963 864 1010 omnia,
886 975 1180 1014 qaaecumque
1211 961 1419 1001 mandavi
1449 961 1562 1001 vobis
1583 961 1657 1012 (1).
1690 962 1781 1006 Quo

200 1032 294 1072 loco
325 1029 633 1071 observandum
664 1034 741 1076 est,
770 1028 880 1080 quod
910 1029 1103 1068 Christus
1123 1028 1246 1069 mittit
1270 1028 1496 1080 Apostolos
1536 1027 1589 1067 ad
1629 1039 1778 1067 omnes

198 1101 372 1149 gentes;
404 1094 528 1135 mittit
557 1093 885 1146 independenter
914 1107 940 1132 a
968 1092 1093 1133 venia
1124 1092 1393 1145 Principum;
1425 1092 1550 1131 mittit
1579 1091 1619 1130 vi
1649 1091 1781 1130 abso-

197 1161 311 1201 lutae
340 1158 574 1211 potestatiS,
606 1171 730 1210 quam
761 1171 787 1196 a
816 1158 943 1197 Patre
964 1163 1182 1209 receperat
1203 1156 1245 1195 in
1266 1157 1384 1196 caelo
1406 1163 1447 1196 et
1467 1155 1508 1194 in
1538 1160 1660 1195 terra.
1684 1156 1781 1194 Non

197 1226 306 1266 enim
338 1224 441 1264 dixit
470 1229 512 1263 ut
542 1224 594 1263 ab
625 1225 882 1275 Imperatore
912 1228 983 1262 aut
1014 1221 1203 1274 Regibus
1226 1221 1465 1260 facultatem
1493 1220 1775 1272 impetrarent,

196 1292 271 1331 sed
301 1295 513 1342 tamquam
543 1288 747 1327 rationem
779 1287 887 1326 illius
918 1285 1131 1325 missionis
1161 1285 1283 1324 unice
1313 1284 1485 1324 adduxit
1513 1288 1776 1336 potestatem,

196 1367 304 1408 quae
333 1353 412 1407 ipsi
442 1354 540 1393 data
569 1352 643 1392 fuit
671 1365 697 1391 a
728 1353 853 1391 Patre
875 1351 920 1390 in
950 1350 1068 1389 caelo
1100 1353 1139 1389 et
1160 1349 1204 1388 in
1227 1352 1357 1389 ter-ra.
1380 1349 1489 1387 Dum
1519 1361 1619 1387 vero
1652 1346 1778 1387 Chri-

198 1426 287 1460 stus
303 1417 540 1458 huiusmodi
561 1415 744 1456 officium
762 1429 812 1454 ac
834 1413 1005 1467 proinde
1026 1413 1091 1453 ius
1113 1412 1253 1452 tribuit
1274 1412 1503 1460 Ecclesiae3
1526 1410 1781 1463 praescribit

198 1484 322 1524 etiam
353 1482 533 1530 modum,
555 1493 635 1533 quo
658 1479 904 1532 propagatio
926 1478 997 1517 illa
1027 1477 1284 1530 perficienda
1304 1482 1382 1523 est;
1404 1475 1596 1514 nimirum
1627 1487 1711 1514 non
1736 1473 1776 1512 vi

198 1554 269 1588 aut
298 1548 438 1595 armis,
460 1548 530 1586 sed
552 1544 865 1599 praedicatione
896 1551 936 1583 et
957 1542 1189 1594 disciplina,
1207 1555 1289 1594 qua
1309 1541 1363 1580 ad
1379 1539 1616 1579 Ecclesiam
1648 1538 1776 1578 libere

199 1613 533 1664 amplectendam
565 1609 760 1650 homines
790 1609 1062 1648 adducantur.

252 1680 341 1719 126.
373 1680 629 1718 PRoposmo
661 1676 717 1715 2³.
749 1676 963 1715 Ecclesiae
994 1675 1060 1714 ius
1081 1673 1278 1726 competit
1306 1686 1348 1712 se
1368 1672 1413 1712 in
1438 1671 1553 1720 locis,
1581 1671 1650 1710 ubi
1678 1673 1783 1710 sunt

191 1745 354 1798 fideles,
374 1742 672 1791 constituendi,
690 1741 986 1795 eteoeplicancli
999 1739 1340 1792 orgyana,quibus
1360 1738 1635 1791 spiritualem
1653 1749 1781 1776 suam

191 1814 448 1864 potestatem
479 1816 684 1849 eoeerceat.

251 1875 376 1916 Prob.
407 1874 574 1914 Fideles
604 1880 825 1925 postquam
856 1872 897 1911 in
919 1871 1155 1911 Ecclesiam
1176 1883 1248 1921 per
1269 1868 1532 1921 baptismum,
1550 1866 1660 1919 quod
1683 1865 1774 1906 eius

196 1942 324 1982 veluti
342 1942 469 1980 ianua
486 1946 560 1987 est,
575 1940 759 1992 ingressi
774 1937 1116 1986 sint,auctoritati
1133 1935 1409 1976 subiiciuntur
1422 1933 1651 1981 Ecclesiae;
1672 1945 1782 1985 quae

195 2008 368 2060 proinde
385 2021 458 2048 eos
474 2019 621 2058 regere
643 2012 683 2046 et
696 2005 930 2058 gubernare
947 2003 1079 2051 debet,
1095 2008 1262 2055 propter
1278 2000 1476 2048 officium,
1497 2013 1577 2052 quo
1595 1999 1780 2038 adstrin-

196 2074 320 2126 gitur,
337 2073 538 2126 pascendi
559 2085 745 2124 gregem.
766 2070 892 2123 Atqui
912 2070 953 2109 id
971 2069 1165 2109 Ecclesia
1185 2073 1399 2120 praestare
1417 2080 1500 2106 non
1521 2072 1676 2118 posset,
1693 2064 1773 2104 nisi

202 2153 248 2180 se
264 2140 305 2179 in
317 2139 367 2179 iis
379 2140 482 2179 locis
494 2138 765 2179 constitueret
779 2137 897 2176 iuxta
913 2135 1210 2183 hierarchiam,
1221 2147 1246 2173 a
1261 2133 1425 2173 Christo
1444 2132 1777 2180 determinatam,

202 2213 242 2247 et
272 2220 435 2259 organa
456 2205 697 2258 explicaret,
719 2204 867 2256 quibus
891 2203 980 2242 eius
1000 2207 1189 2254 potestas
1209 2200 1447 2240 exercenda
1467 2207 1541 2238 est.
1567 2199 1678 2250 Ergo
1698 2203 1777 2237 etc.

250 2274 491 2320 Praeterea,
510 2271 657 2324 cuique
673 2270 732 2310 rei
752 2270 921 2309 insitum
943 2275 1009 2309 est
1028 2274 1084 2316 ut,
1106 2268 1187 2306 hoc
1208 2266 1298 2318 ipso
1320 2265 1428 2318 quod
1449 2264 1603 2305 alicubi
1621 2270 1776 2312 exstat,

198 2336 239 2376 vi
263 2336 425 2376 fruatur
445 2349 490 2375 se
512 2335 629 2374 iuxta
656 2334 865 2386 propriam
895 2339 1090 2372 naturam
1113 2330 1345 2371 evolvendi.
1370 2330 1488 2369 Haec
1505 2329 1581 2378 vis,
1603 2342 1710 2382 quae
1731 2328 1773 2367 in

197 2402 364 2442 entibus
384 2401 548 2442 ratione
569 2399 809 2440 carentibus
838 2397 1015 2450 physica
1044 2403 1205 2436 tantum
1236 2404 1323 2444 est3
1345 2395 1386 2434 in
1414 2394 1577 2435 entibus
1609 2396 1770 2433 ratione

192 2467 393 2518 praeditis
418 2472 481 2506 est
508 2465 693 2514 moralis,
711 2478 786 2504 seu
802 2464 877 2514 ius;
899 2464 963 2503 ius
993 2462 1103 2502 enim
1134 2462 1236 2501 nihil
1257 2461 1368 2500 aliud
1390 2471 1464 2509 est,
1481 2460 1561 2499 nisi
1585 2459 1646 2498 vis
1677 2471 1770 2497 mo-

195 2531 308 2571 ralis.
327 2531 572 2571 Huiusmodi
584 2531 659 2579 ius,
674 2536 868 2582 respectu
879 2529 1143 2575 societatum,
1157 2527 1221 2566 ius
1239 2525 1551 2568 constitutivum
1568 2523 1767 2575 appellari

198 2595 317 2644 solet;
336 2595 444 2647 quod
475 2595 661 2646 profecto
683 2599 920 2646 competere
942 2592 1062 2633 debet
1085 2591 1315 2639 Ecclesiae,
1332 2603 1438 2643 quae
1459 2602 1542 2629 non
1563 2589 1687 2628 modo
1712 2600 1772 2627 so-

199 2659 330 2699 cietas
346 2664 422 2706 est,
444 2659 517 2697 sed
538 2658 723 2698 societas
744 2657 928 2697 divinam
949 2657 1112 2696 habens
1129 2656 1345 2708 originem.
1364 2656 1493 2693 Immo
1511 2652 1769 2705 praedictum

194 2723 260 2763 ius
293 2727 434 2762 tantae
470 2722 634 2762 virtutis
666 2728 741 2771 est,
764 2728 807 2761 ut
843 2734 1055 2773 nunquam
1080 2720 1132 2759 ab
1163 2719 1310 2759 altiore
1338 2719 1425 2757 iure
1456 2716 1593 2756 collidi
1624 2715 1769 2768 possit:

194 2791 400 2844 siquidem
423 2796 616 2843 respectu
647 2789 866 2830 Ecclesiae
897 2788 1135 2828 immediate
1157 2787 1285 2827 oritur
1306 2799 1331 2825 a
1351 2790 1574 2838 praecepto
1606 2783 1774 2832 Christi,-

237 2921 287 2962 (1)
314 2922 460 2953 varn.
483 2920 648 2958 XXVIII,
671 2921 720 2958 18,
744 2921 792 2958 19,
818 2921 867 2952 90.
