1970 3203
221 190 301 230 236
597 200 663 226 1us
691 198 895 226 NATURAE
915 209 937 216 -
958 200 1066 227 PARS
1096 201 1133 228 u.
1162 202 1228 229 ms
1257 201 1429 230 sociALE

223 280 334 332 quod
353 279 536 320 societas
552 285 760 331 procurat,
778 292 862 319 non
883 291 978 319 esse
994 279 1229 320 ordinatum
1245 281 1300 320 ad
1314 281 1535 332 internum,
1552 284 1662 336 quod
1677 285 1804 325 finem

222 346 482 397 singulorum
513 343 730 384 hominum
760 344 802 384 in
831 345 912 385 hac
944 345 1028 385 vita
1057 346 1285 386 constituit.
1315 347 1417 387 Non
1448 350 1639 399 aliunde,
1668 350 1727 390 ait
1757 351 1798 391 S.

220 408 495 461 Augustinus,
528 408 648 448 beata
680 408 843 457 civitas,
874 409 1051 450 aliunde
1079 411 1221 458 homo;
1253 425 1348 451 cum
1379 413 1506 460 uliud
1532 414 1683 455 civitas
1713 428 1800 455 non

219 474 286 522 sit,
318 487 448 527 quam
478 487 656 513 concors
686 474 906 515 hominum
936 475 1166 515 multitudo
1198 477 1274 530 (1).
1297 477 1413 518 Finis
1443 480 1657 521 societatis
1687 481 1794 533 poli-

221 540 330 581 ticae
359 541 500 594 nequit
529 541 827 593 praescindere
855 555 881 581 a
910 542 994 582 fine
1014 541 1146 595 ipsius
1173 543 1367 593 hominis;
1398 558 1523 586 secus
1554 560 1638 587 non
1668 548 1710 587 in
1733 548 1801 588 bo-

219 619 318 647 num
351 608 563 648 sociorum
589 607 768 657 cederet,
800 621 1026 661 eorumque
1056 608 1247 660 dignitati
1275 611 1486 662 personali
1514 619 1791 667 repugnaret3

221 672 427 725 siquidem
457 685 641 725 persona
668 672 711 711 in
731 673 814 712 hoc
835 671 1104 724 distinguitur
1131 687 1157 712 a
1176 674 1313 723 rebus,
1344 675 1454 728 quod
1473 676 1528 716 sit
1557 677 1695 729 gratia
1715 677 1795 725 sui,

220 751 305 778 non
337 738 523 777 alterius.
544 738 639 777 Non
659 744 773 778 esset
792 743 931 778 autern
952 737 1089 791 gratia
1118 738 1197 788 sui,
1218 739 1254 779 si
1275 739 1318 779 in
1348 740 1550 781 societate
1580 743 1633 782 ad
1653 743 1794 791 finem,

218 817 244 844 a
277 804 445 858 proprio
475 805 558 845 fine
588 804 800 844 diversum
831 810 871 845 et
899 804 1161 857 praecisum,
1193 805 1467 846 ordinaretur.
1508 807 1618 847 Hinc
1647 808 1795 849 merito

220 868 261 907 S.
295 868 509 917 Thomas,
541 868 591 907 de
620 868 703 908 fine
734 867 948 908 societatis
978 869 1153 921 loquens
1175 902 1185 918 ,
1214 870 1352 922 ipsum
1381 871 1424 911 in
1455 871 1606 912 virtute
1636 872 1797 913 consti—

218 933 323 983 tuit,
369 948 463 974 cum
494 935 625 974 virtus
669 934 722 974 sit
762 934 858 973 finis
888 934 999 975 vitae
1033 936 1269 987 praesentis
1311 938 1353 977 in
1397 938 1578 979 homine.
1617 940 1694 978 Ad
1721 941 1798 979 hoc

221 999 413 1039 homines
443 1002 780 1052 congregantur,
814 1002 863 1038 ut
879 999 1011 1039 simul
1030 999 1130 1039 bene
1161 1001 1315 1050 vivant,
1347 1003 1463 1054 quod
1490 1003 1697 1056 consequi
1714 1016 1798 1042 non

219 1066 358 1113 potest
386 1064 680 1116 unusquisque
709 1064 1000 1116 singulariter·
1023 1064 1175 1105 vivens.
1203 1065 1332 1106 Bona
1363 1070 1505 1106 autem
1537 1067 1621 1107 vita
1653 1070 1716 1107 est
1733 1080 1801 1106 se-

217 1127 406 1166 cundum
438 1127 647 1167 virtutem.
682 1128 887 1169 Virtuosa
910 1128 1048 1181 zffitar
1068 1130 1153 1168 vita
1174 1133 1236 1168 est
1261 1131 1613 1184 conyreyationis
1643 1133 1801 1171 huma-

217 1205 298 1232 nae
315 1192 427 1244 finis
449 1193 522 1243 (2).

271 1257 394 1296 Prob.
427 1257 550 1297 tertia
580 1271 690 1310 pars.
723 1258 1015 1298 Subordinatio
1045 1259 1088 1297 in
1109 1272 1158 1298 eo
1189 1259 1325 1311 posita
1355 1265 1429 1308 est,
1451 1266 1496 1299 ut
1525 1273 1654 1299 unum
1676 1258 1796 1299 alteri
1826 1270 1831 1276 ⁴

215 1320 463 1360 subiiciatur
492 1322 545 1361 ab
568 1335 700 1376 eoque
729 1336 921 1363 normam
944 1329 983 1362 et
1012 1322 1164 1363 limites
1189 1323 1382 1375 accipiat.
1414 1324 1507 1362 Hoc
1537 1329 1675 1362 autem
1701 1336 1794 1362 om—

214 1385 314 1425 nino
337 1385 558 1426 dicendum
582 1394 648 1426 est
673 1387 723 1426 de
743 1387 853 1426 bono
884 1387 1042 1436 sociali,
1066 1386 1203 1439 quoad
1224 1387 1415 1426 ultimum
1435 1388 1576 1436 finem;
1598 1391 1794 1438 respectu

214 1451 334 1491 cuius
357 1461 500 1493 cetera
522 1453 665 1492 omnia
685 1453 843 1493 habent
863 1453 1067 1493 rationem
1090 1453 1226 1493 medii.
1251 1453 1293 1492 Si
1324 1453 1444 1492 aliter
1465 1460 1589 1501 esset,
1611 1452 1796 1493 societas

212 1518 255 1556 in
286 1519 485 1558 damnum
517 1519 728 1559 sociorum
757 1532 842 1558 non
871 1519 913 1558 in
944 1532 1087 1559 veram
1117 1518 1334 1559 utilitatem
1365 1519 1629 1568 redundaret;
1652 1518 1796 1572 nequit

214 1585 325 1625 enim
357 1599 452 1626 esse
481 1585 579 1626 utile
609 1585 780 1635 homini,
812 1585 892 1625 nisi
924 1586 965 1625 id
994 1586 1103 1638 quod
1132 1590 1204 1625 aut
1233 1584 1394 1625 confert
1431 1591 1502 1625 aut
1531 1585 1680 1625 saltem
1710 1597 1796 1624 non

215 1655 341 1689 nocet
369 1650 511 1689 ultimo
543 1651 630 1698 fini,
661 1651 714 1689 ad
743 1663 866 1702 quem
896 1654 984 1690 tota
1013 1649 1098 1689 vita
1127 1649 1340 1697 humana,
1372 1655 1577 1700 quatenus
1606 1648 1794 1687 humana

211 1723 286 1764 est,
316 1717 546 1756 ordinatur.

263 1782 459 1830 Advorte,
481 1783 589 1822 haec
612 1782 693 1822 dici
715 1795 740 1821 a
761 1782 894 1831 nobis,
917 1781 1279 1822 considerantibus
1298 1781 1570 1821 intentionem
1600 1786 1793 1829 naturae,

210 1858 398 1886 nonvero
418 1846 458 1885 id
480 1846 589 1898 quod
609 1846 803 1886 homines
825 1846 1004 1887 fortasse
1032 1846 1202 1893 faciant,
1225 1859 1250 1885 a
1269 1852 1443 1885 naturae
1481 1845 1711 1884 intentione
1731 1858 1794 1886 re-

209 1909 419 1950 cedentes.
450 1910 592 1949 Facile
624 1910 734 1950 enim
760 1910 1003 1963 contingere
1034 1916 1170 1962 potest
1201 1915 1245 1949 ut
1274 1910 1415 1962 aliqua
1442 1909 1576 1949 civilis
1606 1909 1792 1949 societas

208 1974 335 2015 alium
366 1976 492 2015 finem
524 1975 601 2015 sibi
622 1981 851 2029 proponat;
882 1982 926 2015 ut
956 1989 1020 2016 ex.
1045 1988 1107 2027 gr.
1131 1975 1440 2016 oblectamenta
1471 1975 1593 2023 vitae,
1625 1980 1695 2014 aut
1716 1988 1791 2014 co-

207 2041 318 2093 piam
339 2041 588 2088 divitiarum‚
610 2047 682 2081 aut
698 2042 859 2094 imperii
876 2041 1174 2090 dilatationem,
1198 2047 1269 2081 aut
1288 2042 1454 2094 plenam
1483 2040 1791 2080 individuorum

209 2105 457 2154 libertatem,
489 2106 600 2146 nullo
631 2112 827 2158 respectu
856 2105 998 2145 habito
1029 2105 1182 2146 ordinis
1212 2105 1383 2145 moralis
1410 2118 1461 2144 ac
1492 2104 1618 2143 multo
1650 2103 1790 2144 minus

209 2178 407 2211 aeternae
438 2172 647 2212 sociorum
670 2171 829 2212 salutis.
851 2172 905 2211 At
937 2172 1134 2212 cordatus
1156 2171 1329 2223 quisque
1360 2171 1471 2210 videt
1499 2169 1539 2208 id
1568 2182 1790 2222 perperam

205 2234 308 2275 fieri.
339 2235 639 2287 Quaecumque
669 2235 778 2275 enim
811 2235 922 2275 bona
952 2249 977 2274 a
1006 2235 1208 2274 societate
1238 2240 1515 2287 procurantur
1534 2266 1543 2281 ,
1579 2247 1631 2273 ea
1660 2239 1790 2281 certe,

206 2304 251 2338 ut
280 2298 491 2339 hominem
514 2299 703 2347 deceant,
725 2313 937 2353 nunquam
959 2313 985 2339 a
1006 2299 1167 2347 virtute,
1184 2312 1290 2351 quae
1311 2298 1581 2351 praecipuum
1602 2297 1788 2337 hominis

206 2364 362 2404 bonum
395 2373 471 2414 est,
503 2366 723 2406 dissociari
754 2372 941 2419 possunt,
963 2373 1003 2406 et
1024 2371 1329 2418 consequenter
1361 2365 1583 2405 dissociari
1612 2378 1697 2405 non
1720 2364 1784 2404 de-

204 2431 302 2470 bent
332 2432 384 2471 ab
416 2432 559 2472 ultimo
590 2434 687 2480 fine,
721 2432 774 2471 ad
804 2445 926 2485 quem
956 2432 1049 2484 ipsa
1078 2432 1208 2472 virtus
1238 2432 1428 2472 ordinem
1457 2431 1595 2471 habet.

719 2538 961 2578 Solvuntur
989 2538 1272 2592 difficultates.

256 2624 320 2664 46.
355 2624 483 2664 Οόίίσ.
514 2627 543 2665 Ι.
575 2626 690 2666 Finis
719 2625 947 2674 societatis,
978 2638 1099 2678 quem
1129 2626 1248 2668 Kant
1281 2625 1498 2678 assignat,
1531 2623 1678 2663 melius
1709 2635 1778 2662 re·—

207 2689 383 2741 spondet
411 2689 672 2730 inclinationi
704 2698 891 2737 naturae.
925 2693 1031 2731 Nam
1062 2691 1276 2731 inclinatio
1305 2696 1481 2730 naturae
1509 2687 1552 2727 in
1583 2686 1704 2727 nobis
1726 2687 1780 2727 ad

206 2755 288 2795 hoc
319 2755 459 2803 fertur,
490 2763 533 2794 ut
562 2756 764 2806 libertate,
785 2758 923 2809 quoad
953 2758 1136 2797 maxime
1167 2755 1311 2808 possit,
1341 2753 1615 2807 perfruamur.

248 2846 299 2886 (1)
324 2846 488 2888 Epistola
511 2847 609 2879 CLV.

247 2898 298 2938 (2)
324 2897 521 2938 Opusculo:
546 2897 598 2930 De
622 2898 816 2939 Refqitnine
839 2898 1067 2941 Principum,
1093 2898 1113 2930 l.
1137 2898 1160 2936 l,
1176 2908 1203 2931 c.
1229 2898 1277 2930 14.
