1970 3203
333 198 469 225 CAPUT
496 198 519 223 1.
551 197 603 223 DE
632 197 820 224 GENTmM
848 197 1151 225 RssuATIONlssUS
1179 199 1219 224 IN
1249 199 1385 225 STATU
1413 198 1530 226 PAc1s
1639 188 1715 226 349

157 286 206 312 ac
235 284 368 311 novas
396 270 690 309 instructiones
717 270 964 322 postulandi.
996 271 1087 310 Hac
1117 271 1159 309 in
1179 285 1222 311 re
1243 271 1429 323 impediri
1458 271 1625 311 minime
1646 285 1712 324 po-

153 343 245 385 test,
276 336 373 389 quin
403 334 567 386 proprio
600 349 772 376 munere
801 336 1058 376 destituatur.
1093 337 1230 383 Quare
1261 337 1348 376 eius
1379 351 1560 389 persona
1587 338 1715 379 invio-

149 401 286 440 labilis
314 398 482 439 omnino
513 412 607 439 esse
638 400 780 447 debet;
810 413 947 447 secus,
977 399 1012 439 si
1036 400 1117 438 vim
1140 401 1222 452 pati
1252 408 1406 453 posset,
1436 401 1557 442 facile
1579 416 1604 441 a
1628 402 1715 443 suis

155 464 434 506 functionibus
463 464 639 505 fideliter
667 465 886 517 implendis
915 465 1202 505 deterreretur.

205 528 313 570 Hinc
342 528 528 579 sequitur
548 535 590 568 ut
610 529 883 568 iurisdictioni
911 533 1062 581 gentIS,
1084 530 1136 568 ad
1157 544 1280 583 quam
1309 530 1494 579 mittitur,
1524 545 1608 571 non
1629 532 1720 571 sub-

148 596 321 635 iiciatur.
353 595 472 642 Quod
494 594 662 646 insuper
682 594 902 635 manifeste
932 593 1112 645 exigitur
1140 609 1165 634 a
1187 596 1432 636 charactere
1460 610 1713 648 repraesen-

151 660 279 701 tativo
300 693 310 708 ,
340 674 420 712 quo
450 666 649 706 ornatur;
691 659 731 698 vi
761 660 878 700 cuius
907 659 1041 699 vicem
1076 661 1182 711 gerit
1218 662 1371 713 proprii
1410 662 1617 714 Principis
1648 663 1715 701 vel

149 725 341 778 propriae
371 724 565 764 nationis.
595 724 706 763 Hinc
735 724 844 764 enim
875 723 1051 763 efficitur
1079 730 1123 762 ut
1151 732 1344 776 respectu
1379 725 1592 765 commissi
1623 739 1720 764 mu-

149 789 262 829 neris
290 802 364 841 pro
385 789 529 828 eadem
560 801 739 839 persona
767 788 914 840 gentis,
937 801 1059 839 quarn
1077 794 1382 840 repraesentat,
1412 789 1632 829 habendus
1654 789 1717 829 sit.

151 854 252 894 Eius
280 853 404 905 igitur
431 853 792 905 independentiam
823 852 1074 905 participare
1104 853 1251 900 debet,
1283 860 1322 893 et
1353 854 1495 893 ditioni
1524 855 1718 903 alterius,

151 919 217 959 cui
244 918 314 957 illa
342 932 425 958 non
455 919 607 967 subest,
638 918 821 958 submitti
850 918 1001 970 nequit.

204 987 251 1026 Id
278 998 377 1025 vero
407 998 490 1024 non
521 990 634 1025 vetat
661 985 891 1037 quominus,
921 985 957 1024 si
986 989 1127 1036 aperte
1155 985 1348 1024 hostilem
1386 985 1569 1024 animum
1600 985 1715 1025 exhi-

149 1050 246 1090 beat
274 1063 325 1089 ac
358 1048 516 1088 nefario
546 1055 699 1087 conatu
731 1049 955 1100 perniciem
985 1049 1122 1100 gentis
1144 1081 1152 1096 ,
1192 1049 1302 1100 apud
1333 1060 1457 1100 quam
1501 1057 1711 1095 moratur,

149 1112 391 1161 meditetur;
421 1125 466 1151 re
496 1118 718 1164 comperta,
748 1112 914 1163 reprimi
944 1112 1073 1163 possit
1102 1120 1226 1165 atque
1257 1113 1379 1153 etiam
1415 1112 1584 1152 civitate
1606 1113 1715 1153 eiici.

148 1178 292 1224 Immo,
323 1176 409 1215 iure
441 1182 598 1216 tantum
628 1181 803 1214 naturae
832 1181 1031 1226 spectato,
1054 1176 1153 1214 nihil
1175 1176 1395 1228 prohibere
1428 1176 1586 1216 videtur
1606 1189 1711 1228 quo-

148 1241 310 1288 minus,
341 1239 392 1279 ob
423 1240 593 1279 evidens
624 1239 779 1279 crimen
808 1252 943 1291 poena
971 1239 1096 1277 etiam
1128 1240 1275 1279 merita
1304 1242 1519 1291 plectatur.
1553 1240 1634 1279 Sed
1666 1240 1719 1279 ad

152 1305 418 1345 occasionem
448 1302 669 1344 violentiae
698 1304 909 1343 vitandam
954 1309 993 1342 et
1028 1304 1259 1356 legatorum
1302 1303 1534 1343 libertatem
1570 1303 1720 1342 melius

152 1371 437 1418 asserendam,
459 1376 787 1411 consentaneum
808 1371 880 1410 fuit
901 1377 944 1410 ut
964 1370 1167 1410 eiusmodi
1196 1383 1330 1422 poena
1360 1383 1385 1408 a
1415 1368 1581 1421 proprio
1606 1368 1718 1407 Prin-

154 1435 256 1488 cipe,
287 1434 353 1474 eui
382 1436 546 1486 legatus
575 1434 800 1483 subiicitur,
821 1434 1051 1486 infligenda
1075 1436 1384 1488 relinqueretur.
1411 1438 1656 1477 Generatim
1677 1438 1720 1476 in

152 1501 233 1540 hac
263 1500 438 1541 materia
456 1500 641 1539 moribus
662 1501 864 1539 cultarum
887 1501 1072 1552 gentium
1102 1502 1295 1541 standum
1319 1508 1392 1550 est;
1416 1516 1522 1555 quae
1552 1503 1616 1543 ius
1640 1504 1720 1544 hoc

152 1570 328 1604 naturae
359 1564 445 1603 suis
474 1564 662 1616 positivis
691 1564 854 1616 legibus
876 1572 946 1604 aut
976 1565 1161 1605 moribus
1187 1566 1373 1607 emollire
1404 1581 1454 1606 ac
1486 1576 1720 1619 temperare

152 1633 473 1676 consueverunt,
505 1634 669 1680 propter
697 1641 919 1668 commune
949 1629 1103 1668 bonum
1135 1631 1365 1679 tutandum,
1397 1632 1506 1684 quod
1536 1631 1718 1671 maxime

154 1704 205 1731 ex
232 1690 545 1731 inviolabilitate
576 1693 830 1743 Legatorum
851 1693 1012 1743 pendet.
1040 1694 1201 1732 Horum
1232 1694 1360 1734 laesio
1391 1694 1620 1733 maximum
1641 1694 1720 1733 cri-

155 1770 250 1797 men
276 1764 338 1797 est
357 1757 687 1805 internationale;
709 1759 818 1810 quod
838 1760 1018 1798 omnium
1039 1759 1228 1811 gentium
1251 1759 1474 1799 relationes
1504 1759 1547 1798 in
1577 1759 1716 1798 discri-

153 1833 250 1861 men
280 1820 457 1860 adducit.

593 1960 837 2014 CAPUT
882 1961 1288 2013 SECUNDUM

427 2121 478 2148 DE
507 2121 811 2149 RELATIONIBUS
840 2122 1061 2148 NATlONUM
1090 2122 1131 2148 IN
1163 2122 1299 2148 STATU
1331 2122 1446 2149 BELLI

207 2240 269 2278 21.
299 2240 399 2287 Quid
427 2241 591 2281 nomine
619 2241 728 2280 belli.
775 2241 1016 2279 Consensus
1047 2246 1086 2279 et
1124 2240 1350 2279 concordia
1379 2240 1591 2280 nationum
1616 2273 1625 2288 ,
1666 2254 1722 2280 ex

154 2305 448 2357 tranquillitate
464 2306 619 2345 ordinis
642 2314 681 2346 et
700 2312 934 2345 mutuorum
951 2305 1184 2345 officiorum
1205 2305 1475 2346 observantia
1496 2320 1717 2355 enascens,

152 2368 252 2407 vitio
281 2369 491 2408 humanae
520 2369 746 2409 voluntatis
766 2369 1009 2420 interrumpi
1038 2369 1287 2421 quandoque
1308 2376 1444 2421 potest
1473 2377 1513 2410 et
1533 2371 1722 2423 graviter

151 2430 392 2483 perturbari.
424 2432 542 2470 Tunc
563 2438 608 2471 ut
627 2432 930 2486 redintegretur
960 2439 1083 2484 atque
1105 2432 1157 2472 ab
1179 2433 1360 2472 ulteriori
1390 2434 1540 2473 damno
1573 2434 1719 2474 defen-

151 2496 287 2544 datur,
320 2495 430 2535 omni
452 2496 531 2536 nisi
552 2497 782 2536 curandum
811 2506 885 2536 est.
917 2497 999 2536 Sed
1019 2498 1193 2549 contigit
1214 2499 1436 2551 aliquando
1458 2507 1501 2540 ut
1521 2500 1627 2540 haec
1648 2513 1720 2539 or-

152 2562 258 2601 dinis
287 2562 585 2615 redintegratio
616 2563 791 2603 obtineri
820 2564 941 2603 aliter
970 2570 1159 2615 nequeat,
1191 2564 1271 2603 nisi
1301 2578 1512 2605 armorum
1533 2566 1583 2615 vig
1615 2580 1709 2618 qua,

151 2625 360 2676 protervia
374 2625 540 2677 iniquae
558 2625 693 2678 gentis
709 2633 865 2674 retusa,
882 2626 934 2675 id,
951 2627 1060 2679 quod
1076 2627 1176 2667 ordo
1193 2628 1589 2680 poscit,vindicetur.
1609 2630 1720 2669 Hinc

157 2688 285 2728 oritur
303 2688 465 2737 bellum,
487 2689 595 2742 quod
615 2703 640 2728 a
660 2689 804 2729 Grotio
826 2689 985 2729 dicitur:
1007 2689 1153 2730 Status
1176 2692 1401 2731 nationum
1415 2706 1498 2744 per
1520 2692 1600 2730 vim
1622 2705 1718 2731 cer-

164 2754 371 2803 tantium,
402 2768 487 2807 qua
520 2756 623 2794 tales
652 2758 754 2795 sant
780 2756 854 2807 (1).
885 2755 1001 2801 Quae
1031 2755 1251 2808 descriptio
1283 2770 1308 2796 a
1346 2757 1443 2798 belli
1470 2757 1626 2798 iustitia
1654 2759 1720 2798 vel

203 2871 253 2912 (1)
278 2871 332 2904 De
355 2872 435 2905 iure
458 2873 542 2906 belli
565 2878 599 2906 et
615 2872 738 2916 pacis,
761 2872 782 2904 l.
806 2873 830 2912 Ι,
853 2883 878 2906 c.
909 2873 937 2912 1,
959 2883 989 2906 n.
1012 2875 1040 2906 2.
