1970 3203
239 197 315 237 ‘272
438 235 440 238 ,
614 208 679 234 ms
708 206 911 234 NATURAE
932 206 1078 233 -PARs
1105 205 1144 232 11.
1174 205 1240 233 ms
1271 205 1444 233 somALE

240 284 332 324 aliis
356 282 742 331 communicandae;
759 280 998 322 tameniure
1019 285 1193 320 ornatur
1209 281 1422 321 civitatem
1438 279 1658 321 ordinandi
1675 293 1726 320 ac
1739 294 1820 321 ma·

239 350 443 403 gistratus
460 347 735 401 temporarios
767 346 1058 387 constituendi.
1081 346 1127 386 Id
1147 345 1257 387 enim
1279 346 1567 387 necessarium
1590 351 1654 386 est
1674 346 1727 386 ad
1748 360 1820 386 sa-

243 416 369 454 lutem
390 414 529 466 populi
557 412 878 466 procurandam,
899 424 1005 464 quae
1034 410 1125 450 sine
1155 409 1265 449 civili
1296 409 1442 450 ordine
1462 410 1626 451 servari
1667 410 1823 463 nequit⁸

235 480 355 526 Quod
378 479 564 532 profecto
580 479 645 518 ius
662 491 746 518 non
759 478 989 531 personale
1008 480 1072 517 est
1083 475 1158 516 sed
1173 477 1309 524 reale,
1326 476 1521 516 nimirum
1543 476 1762 526 eiusmodi,
1780 484 1825 518 ut

234 558 441 598 personae
463 549 673 596 competat
693 542 854 583 ratione
875 542 933 582 rei
953 555 1059 595 quae
1079 540 1326 593 possidetur,
1349 554 1400 580 ac
1424 542 1548 594 proin
1559 542 1608 582 de
1631 554 1715 581 non
1738 546 1822 580 tarn

234 610 286 649 ad
308 615 611 661 usurpatorem,
635 621 759 660 quam
781 607 918 660 potius
939 606 992 646 ad
1011 605 1305 646 auctoritatem
1326 605 1516 658 pertinet.
1561 607 1678 646 Haec
1711 605 1819 645 enim
1862 638 1864 640 ,

235 675 333 715 licet
344 676 497 715 iniuste
508 673 559 713 ab
573 673 642 712 illo
655 678 895 725 occupetur,
912 679 1052 711 tamen
1064 670 1229 723 proprio
1242 671 1392 711 effectu
1407 671 1660 724 propriaque
1681 671 1720 710 vi
1734 683 1817 710 non

238 741 485 781 destituitur.
510 741 648 787 Quare
670 739 820 779 subditi
842 738 1034 792 quamvis
1061 738 1210 777 iuvare
1240 744 1548 789 usurpatorem,
1583 745 1626 777 ut
1662 739 1704 777 in
1739 750 1818 777 sua

236 808 504 862 possessione
534 806 779 854 stabiliatur,
802 805 1124 857 prohibeantur;
1146 809 1287 843 tamen
1310 803 1485 855 legibus,
1508 817 1615 856 quae
1644 804 1696 845 ab
1719 804 1810 857 ipso

233 888 306 928 pro
336 875 445 914 bono
476 873 686 913 communi
708 878 747 912 et
777 872 922 912 ordine
951 872 1098 912 sociali
1118 871 1317 920 feruntur,
1351 871 1640 924 obtemperare
1659 878 1808 912 tenen-

234 948 309 982 tur.
342 942 389 980 In
418 941 499 980 hoc
530 939 639 980 enim
670 952 754 978 non
785 938 1022 991 usurpatori
1051 938 1126 978 sed
1156 937 1397 979 auctoritati
1437 938 1643 988 obediunt,
1675 946 1714 980 et
1744 940 1805 979 le-

232 1006 376 1059 gitimo
407 1004 582 1056 principi
613 1016 771 1043 morem
801 1009 964 1055 gerunt,
994 1002 1062 1055 qui
1092 1009 1204 1042 certe
1233 1003 1274 1042 id
1304 1003 1409 1043 velle
1439 1004 1647 1056 putandus
1678 1010 1752 1044 est.

287 1069 486 1121 Denique,
516 1068 551 1107 si
580 1080 786 1107 annorum
817 1066 997 1106 decursu
1026 1079 1161 1106 novus
1191 1067 1453 1107 auctoritatis
1496 1080 1717 1119 possessor
1747 1068 1804 1107 ita

234 1136 488 1181 obfirmetur,
519 1139 591 1173 aut
621 1146 715 1172 curn
740 1133 849 1172 bono
872 1139 910 1172 et
931 1131 1231 1185 tranquillitate
1252 1131 1417 1184 publica
1438 1132 1500 1171 sic
1521 1138 1813 1181 connectatur,

233 1211 276 1243 ut
296 1202 495 1255 pristinus
516 1202 615 1240 ordo
645 1199 920 1252 redintegrari
951 1204 1142 1251 nequeat,
1166 1198 1257 1238 sine
1278 1198 1600 1249 perturbatione*
1621 1199 1808 1239 maxima

234 1277 274 1311 et
302 1268 486 1322 periculo
518 1267 664 1307 salutis
694 1265 897 1319 publicae3
920 1265 1001 1305 hoc
1022 1265 1113 1317 ipso
1134 1265 1347 1318 legitimus
1378 1264 1528 1313 evadit,
1551 1271 1591 1305 et
1620 1265 1725 1305 nihil
1755 1266 1807 1305 ad

233 1348 327 1375 eum
346 1333 394 1373 de
416 1332 520 1372 solio
543 1330 844 1371 deturbandum
867 1329 1003 1369 moliri
1024 1329 1089 1369 fas
1111 1334 1185 1369 est.
1210 1329 1257 1368 In
1279 1329 1360 1368 hoc
1383 1329 1494 1368 enim
1515 1341 1642 1369 sensu
1666 1342 1811 1368 verum

231 1404 294 1439 est
325 1398 520 1438 effatum:
544 1396 673 1435 Salus
695 1395 871 1447 publiea
901 1406 1105 1446 suprema
1137 1394 1235 1440 leem
1267 1395 1334 1432 cui
1365 1406 1448 1432 non
1478 1394 1615 1433 solum
1636 1393 1803 1441 subditi,

230 1479 375 1505 verum
414 1463 538 1503 etiam
568 1461 779 1513 principes
808 1459 1131 1499 accommodare
1160 1471 1206 1498 se
1237 1457 1412 1506 debent,
1443 1471 1495 1498 ne
1535 1458 1688 1498 bonum
1722 1459 1806 1511 pri-

230 1537 371 1571 vatum
402 1529 511 1568 bono
542 1525 706 1578 publico
738 1530 1027 1577 anteponatur.
1061 1523 1148 1563 Nec
1179 1536 1278 1562 vero
1310 1523 1566 1563 contrarium
1597 1524 1706 1564 velle
1736 1537 1804 1563 an-

235 1594 385 1647 tiquior
415 1592 610 1646 princeps
639 1589 851 1643 praesumi
881 1594 1042 1641 potest;
1074 1601 1167 1638 nec,
1198 1588 1231 1627 si
1263 1589 1397 1637 vellet,
1428 1589 1661 1629 audiendus
1683 1596 1806 1637 esset,

233 1666 372 1713 utpote
403 1659 471 1711 qui
503 1670 622 1697 suam
650 1668 735 1695 non
765 1655 904 1707 populi
934 1655 1154 1695 utilitatem
1184 1660 1415 1707 quaereret.

284 1725 346 1764 79.
376 1725 438 1763 An
466 1722 596 1762 liceat
625 1720 807 1771 Principi
827 1720 1039 1760 abdicare.
1071 1720 1226 1767 Quaeri
1254 1720 1450 1760 hocloco
1472 1727 1616 1772 posset
1645 1733 1700 1758 an
1721 1719 1810 1759 iure

232 1800 272 1832 et
293 1805 388 1831 cum
406 1789 529 1830 laude
543 1788 766 1840 aliquando
779 1801 974 1839 suprema
991 1792 1178 1839 potestas
1199 1801 1224 1826 a
1243 1786 1432 1839 legitimo
1449 1787 1636 1838 principe
1658 1795 1806 1838 sponte

233 1854 419 1896 abdicari
450 1860 585 1906 queat.
628 1852 892 1892 Contrarium
924 1851 1063 1891 docuit
1093 1850 1432 1899 Burlamachius‚
1464 1850 1675 1903 inquiens:
1703 1850 1819 1901 Regi

232 1919 506 1960 moriendum
539 1930 626 1957 esse
650 1917 692 1955 in
704 1916 892 1969 proprio
925 1917 1088 1963 throno,
1122 1919 1162 1955 et
1187 1916 1361 1968 signum
1391 1916 1545 1956 abiecti
1563 1917 1705 1957 animi
1721 1931 1811 1957 esse

231 2002 280 2028 ac
312 1986 433 2026 ualde
462 1984 664 2024 dedecens
694 1984 958 2022 maiestatem
980 1983 1224 2036 principis,
1255 1997 1299 2022 se
1324 1983 1509 2036 propria
1541 1985 1802 2024 auctoritate

231 2054 415 2107 privare
446 2054 518 2102 (1).
552 2052 668 2098 Quae
698 2050 907 2090 sententia
936 2049 1140 2090 mirabilis
1171 2063 1273 2090 sane
1305 2056 1380 2099 est,
1422 2056 1462 2090 et
1491 2050 1639 2103 quibus
1679 2065 1808 2104 argu—

230 2117 381 2157 mentis
402 2115 597 2155 fulciatur
618 2127 880 2167 nequaquam
903 2120 1089 2166 apparet.
1111 2115 1231 2162 Nam,
1255 2120 1432 2167 excepta
1453 2115 1675 2167 hypothesi
1697 2117 1806 2168 quod

230 2182 433 2224 eiusmodi
463 2181 670 2221 abdicatio
699 2181 740 2220 in
770 2193 971 2232 magnum
992 2179 1246 2232 reipublicae
1286 2180 1483 2219 damnum
1521 2181 1643 2221 cedat
1675 2183 1805 2234 (quod

230 2250 417 2304 profecto
432 2262 528 2288 raro
546 2247 728 2300 accidit),
750 2247 865 2287 nulla
885 2247 992 2286 ratio
1012 2246 1153 2286 afferri
1175 2252 1311 2299 potest
1331 2260 1406 2286 cur
1422 2247 1616 2300 princeps
1633 2248 1805 2290 omnino

233 2317 519 2368 adstringatur
548 2314 601 2353 ad
632 2319 790 2353 tantum
821 2327 926 2353 onus
956 2312 1230 2353 retinendum.
1262 2313 1395 2361 Certe,
1426 2312 1506 2352 nisi
1537 2314 1690 2353 bonum
1721 2328 1804 2367 pu-

228 2383 381 2423 blicum
412 2382 671 2427 adversetur,
703 2381 800 2420 licet
823 2379 998 2419 subditis
1018 2378 1111 2419 sine
1133 2378 1337 2419 dedecore
1356 2391 1402 2418 se
1424 2380 1672 2431 magistratu
1695 2380 1816 2420 abdi-

228 2461 337 2487 care.
370 2445 521 2493 Quidni
553 2443 769 2484 consimile
789 2443 854 2482 ius
874 2442 1050 2494 principi
1072 2440 1313 2494 competet?
1334 2443 1442 2482 Num
1474 2442 1673 2494 principis
1710 2456 1806 2483 con-

228 2511 327 2551 ditio
348 2511 389 2549 in
412 2523 491 2549 usu
511 2508 715 2548 libertatis
737 2506 902 2547 inferior
923 2506 1137 2547 censenda
1158 2506 1234 2546 erit
1256 2505 1493 2546 conditione
1523 2506 1806 2547 subditorum?

226 2575 372 2621 Immo,
405 2574 438 2612 si
469 2573 578 2612 bono
611 2571 824 2611 societatis
854 2583 938 2609 non
969 2569 1243 2622 periclitante,
1273 2570 1469 2622 princeps
1498 2569 1619 2622 regni
1660 2583 1804 2611 curam

226 2646 266 2682 et
287 2641 503 2686 honorem,
522 2639 590 2690 qui
606 2643 823 2690 tantopere
835 2636 984 2676 ambiri
994 2637 1112 2684 solet,
1134 2636 1312 2688 deponit,
1327 2642 1370 2676 ut
1385 2635 1576 2676 altiorum
1600 2636 1801 2678 virtutum

228 2703 430 2745 exercitio
461 2715 506 2741 se
538 2702 685 2749 dedat3
716 2701 757 2740 id
787 2700 929 2753 magni
958 2700 1086 2740 animi
1108 2701 1244 2752 potius
1275 2699 1473 2740 indicium
1503 2705 1576 2740 est.
1609 2701 1798 2741 Maxime

227 2783 327 2811 vero
356 2769 397 2809 id
428 2770 566 2808 locum
596 2768 733 2816 habet,
766 2767 802 2807 si
819 2767 914 2806 talis
936 2766 1143 2806 abdicatio
1173 2766 1225 2806 ab
1245 2765 1337 2818 ipsa
1358 2765 1521 2818 publica
1551 2766 1724 2807 utilitate
1755 2775 1794 2807 et

223 2849 330 2890 pace
361 2833 676 2887 persuadeatur.

272 2967 322 3008 (1)
348 2965 544 3008 Principes
569 2963 613 2996 cle
638 2963 756 2995 Droit.
782 2966 859 2995 nat.
888 2966 923 2994 et
940 2962 1011 3005 pol.
1038 2961 1057 2994 l.
1083 2961 1123 2999 II,
1145 2970 1176 3002 p.
1204 2962 1231 3000 1,
1256 2962 1310 2994 ch.
1333 2961 1359 2994 4.
