1970 3203
695 454 1289 533 ETH1OA'

371 836 720 889 PARTITIO
762 834 1025 888 TOTIUS
1065 834 1608 887 TRACTATIONIS

261 986 296 1024 1.
328 984 432 1024 Tria
458 983 766 1036 investiganda.
813 998 831 1020 «
863 981 1041 1022 Moralis
1070 980 1385 1034 philosophiae,
1416 981 1473 1020 ait
1504 982 1545 1020 S.
1577 982 1776 1029 Thomas,

206 1047 416 1101 proprium
446 1052 508 1087 est
538 1047 806 1087 considerare
836 1048 1024 1087 actiones
1052 1046 1273 1093 humanas,
1305 1045 1535 1085 secundum
1566 1046 1674 1098 quod
1705 1059 1776 1085 or-

206 1114 402 1154 dinantur
418 1113 460 1152 in
475 1113 601 1153 finem
620 1113 695 1165 (1).
714 1128 732 1151 »
752 1113 804 1152 Et
818 1125 983 1152 rursus:
1004 1127 1023 1150 «
1042 1111 1282 1151 Subiectum
1299 1110 1468 1150 moralis
1486 1110 1778 1162 philosophiae

207 1182 371 1232 (nempe
402 1179 445 1218 id
472 1179 588 1231 qaod
616 1179 701 1231 ipsi
727 1178 1086 1218 considerandam
1115 1177 1367 1225 subiicitur,
1400 1190 1475 1216 nos
1505 1178 1776 1230 appellamus

207 1243 427 1293 obiectam)
459 1248 522 1282 est
550 1242 736 1294 operatio
757 1242 954 1290 humana,
977 1240 1168 1280 ordinata
1188 1241 1240 1280 ad
1257 1242 1382 1280 finem
1415 1242 1489 1292 (2).
1512 1256 1531 1278 »
1566 1241 1776 1287 Quoniam

212 1320 310 1346 vero
340 1319 528 1358 quaeque
550 1305 769 1357 disciplina
790 1319 816 1344 a
838 1305 1003 1357 proprio
1026 1305 1188 1345 obiecto
1211 1305 1392 1356 speciem
1414 1304 1778 1357 definitionemque

209 1370 400 1419 desumit,
432 1376 471 1410 et
501 1370 602 1410 ordo
633 1370 789 1410 liberae
821 1370 999 1410 actionis
1038 1370 1078 1409 in
1116 1371 1243 1410 finem
1273 1370 1443 1410 exhibet
1473 1370 1776 1419 moralitatem3

209 1440 350 1487 aperte
367 1434 562 1486 sequitur,
581 1434 771 1474 Ethicam
790 1434 850 1473 sic
867 1434 1030 1473 definiri
1046 1447 1182 1486 posse,
1200 1441 1243 1473 ut
1263 1447 1358 1475 esse
1379 1434 1563 1474 dicatur:
1588 1433 1780 1473 Scz'entz‘a

216 1500 477 1539 moralitatis
509 1499 725 1539 actionum
755 1502 1060 1539 humanarum.

265 1565 375 1604 Hinc
393 1565 606 1604 evidenter
626 1566 783 1605 eruitur
804 1565 893 1605 eius
915 1565 1116 1604 naturalis
1138 1566 1312 1617 partitio.
1337 1567 1443 1605 Nam
1466 1567 1650 1618 operatio
1670 1567 1782 1606 ordi-

217 1629 356 1668 nanda
384 1628 426 1667 in
456 1629 581 1668 finem
611 1628 691 1667 tria
722 1629 851 1680 exigit
881 1629 1212 1669 consideranda:
1244 1630 1396 1678 Primo,
1415 1632 1552 1683 finem
1581 1631 1635 1670 ad
1663 1644 1785 1683 quem

212 1690 396 1746 operatio
421 1693 651 1733 ordinanda
681 1699 766 1741 est;
789 1693 948 1741 deinde,
968 1693 1103 1745 ipsam
1125 1696 1423 1746 operationem,
1447 1708 1552 1747 quae
1582 1696 1692 1735 hanc
1713 1709 1784 1734 or—

211 1759 465 1800 dinationem
496 1759 708 1811 suscipere
739 1759 887 1807 debet;
919 1758 1052 1807 tertio,
1084 1772 1282 1799 normam
1312 1773 1386 1800 seu
1419 1762 1562 1813 legem,
1595 1761 1633 1800 vi
1663 1762 1780 1801 cuius

211 1823 413 1864 ordinatio
450 1825 556 1864 haec
587 1824 762 1863 habetur
792 1837 842 1864 ac
873 1824 1042 1876 regitur.
1073 1825 1132 1863 De
1162 1825 1245 1864 fine
1273 1825 1398 1876 igitur
1428 1826 1681 1877 operationis
1710 1826 1784 1865 hu-

209 1900 359 1927 manae
369 1901 379 1936 ;
409 1887 458 1927 de
490 1887 731 1939 operatione
760 1887 946 1928 humana
975 1895 1094 1940 prout
1123 1889 1306 1928 ordinari
1330 1889 1449 1929 debet
1478 1890 1519 1929 in
1549 1891 1697 1939 finem;
1729 1891 1778 1930 de

208 1953 313 2004 lege,
333 1965 406 2004 per
436 1965 559 2004 quam
576 1952 683 1992 haec
705 1952 910 1992 ordinatio
928 1953 1159 2005 perficitur3
1192 1954 1337 2006 triplici
1369 1954 1503 2006 capite
1524 1955 1780 2007 eloquemur,

212 2017 331 2056 Haec
360 2023 498 2057 autem
528 2018 810 2069 pertractatio,
841 2018 958 2058 iuxta
989 2019 1296 2060 distinctionem
1329 2020 1502 2060 Ethicae
1533 2034 1558 2059 a
1588 2022 1682 2060 Iure
1704 2022 1783 2060 Na-

213 2089 344 2128 turae,
374 2081 536 2121 ratione
565 2073 747 2121 methodi
782 2083 982 2123 selectam
1012 2097 1037 2123 a
1056 2083 1194 2131 nobis,
1214 2083 1423 2124 abstracte
1444 2090 1606 2124 tantum
1638 2096 1677 2126 et
1708 2100 1784 2138 per

217 2145 421 2197 principia
449 2145 665 2198 generalia
695 2147 980 2199 complebitur.

710 2302 956 2354 CAPUT
993 2304 1295 2356 PRIMUM

646 2437 698 2463 DE
722 2438 816 2464 FINE
847 2439 1127 2467 OPERATIONIS
1156 2441 1374 2469 HUMANAE.

271 2540 306 2578 2.
336 2541 513 2581 Partitio
544 2541 704 2592 capitis.
740 2543 777 2581 A
817 2544 951 2595 prima
988 2545 1126 2596 itaque
1156 2558 1178 2584 e
1213 2546 1435 2597 propositis
1475 2547 1787 2600 quaestionibus

220 2604 501 2653 exordientes,
530 2606 611 2645 tria
637 2606 766 2647 tribus
787 2608 972 2648 articulis
994 2609 1339 2662 investigabimus
1357 2626 1364 2652 ;
1394 2612 1546 2661 Primo,
1564 2613 1688 2653 finem
1709 2613 1787 2651 ho-

219 2667 343 2708 minis
363 2670 598 2721 generatim
613 2671 859 2723 inspectum
878 2674 1075 2722 secundo,
1093 2675 1218 2715 finem
1240 2676 1420 2716 hominis
1441 2677 1638 2726 ultimum3
1656 2677 1788 2724 tertio,

222 2732 348 2771 finem
380 2733 561 2774 hominis
591 2736 840 2787 proximum,
863 2750 937 2778 seu
958 2752 1077 2790 quem
1095 2740 1286 2792 prosequi
1310 2740 1352 2779 in
1372 2741 1452 2781 hac
1474 2742 1558 2782 vita
1579 2742 1787 2782 debemus.

266 2867 315 2907 (1)
340 2868 376 2900 In
399 2869 421 2900 1.
446 2869 670 2911 Ethiomum,
698 2873 777 2905 lect.
803 2873 828 2904 1.

266 2919 317 2958 (2)
342 2920 399 2953 Ibi.
