1970 3203
209 192 289 236 358
344 206 409 233 ms
429 205 690 233 NATURALE-
706 205 814 232 PARS
834 205 886 233 111.
908 205 975 233 1th
993 205 1361 234 INTERNATIONALE
1381 207 1458 235 seu
1478 206 1669 234 GENTHJM

207 283 478 335 bilioremque
499 282 770 332 efficiendam,
792 282 1002 335 perpetuis
1022 282 1199 322 stimulis
1219 288 1370 324 natura
1390 283 1612 337 compellit.
1636 284 1778 336 Neque

210 349 251 388 id
279 348 479 390 instinctu
509 349 739 397 dumtaxat,
770 349 843 389 sed
873 349 962 401 ipso
992 361 1153 402 quoque
1188 348 1412 391 dictamine
1440 350 1646 399 rationis;
1677 363 1783 402 quae

206 415 258 454 ad
288 415 510 468 pacificam
541 421 585 455 ut
615 415 849 455 ordinatam
880 415 1123 456 societatem
1153 428 1237 455 non
1267 416 1401 456 solum
1431 431 1484 458 ex
1513 416 1680 457 familiis
1712 416 1785 457 sed

206 495 259 522 ex
289 482 528 522 nationibus
559 482 684 522 etiam
715 482 952 522 habendam
983 484 1252 524 vehementer
1282 482 1466 525 inclinat.

260 550 321 590 33.
351 549 496 601 Aliquo
525 549 646 590 modo
675 549 759 589 iam
788 550 986 591 inchoata
1017 550 1100 591 dici
1128 555 1282 602 potest.
1314 551 1444 599 Haec,
1472 565 1577 604 quae
1607 551 1787 592 sortasse

208 613 345 654 otiosa
374 613 619 666 speculatio,
650 613 875 654 chimaeris
904 615 1231 664 adnumeranda,
1261 615 1396 667 putari
1432 622 1584 668 posset;
1616 629 1699 655 non
1731 615 1788 655 ita

206 677 388 719 fortasse
418 678 638 728 videbitur,
669 679 704 719 si
736 679 946 719 civilitatis
974 680 1184 720 humanae
1216 680 1429 721 tendentia
1458 681 1534 720 sub
1564 682 1690 721 ductu
1720 680 1785 720 di-

207 743 331 783 vinae
362 744 652 796 providentiae
682 744 981 785 consideretur.
1005 746 1055 784 Et
1085 759 1199 794 sane,
1231 745 1422 799 quamvis
1443 745 1678 786 rudioribus
1712 759 1786 785 ae-

206 810 360 850 tatibus
389 811 545 850 nullum
568 812 634 851 vel
655 810 744 851 sere
762 811 918 850 nullum
950 811 1073 851 huius
1095 825 1275 865 magnae
1307 811 1633 852 consociationis
1649 813 1784 852 vesti-

208 873 323 926 gium
354 874 584 924 exstiterit;
624 888 674 915 ea
717 881 858 915 tamen
898 889 992 915 cum
1027 877 1274 928 populorum
1318 876 1480 915 cultura
1525 876 1715 916 inchoari
1746 882 1786 917 et

208 938 454 980 adolescere
483 945 697 992 comperta
719 946 793 980 est.
817 939 885 979 Sic
908 940 1048 992 aliqua
1069 953 1121 980 ex
1139 946 1254 993 parte
1271 940 1402 993 viguit
1423 941 1678 994 temporibus
1700 947 1786 981 tum

207 1006 371 1046 romani
393 1012 477 1046 tum
508 1006 619 1047 sacri
641 1006 820 1059 Imperii,
851 1012 890 1047 et
910 1021 1022 1047 nunc
1044 1007 1167 1047 etiam
1188 1007 1435 1060 imperfecta
1455 1009 1602 1049 saltem
1624 1007 1787 1048 ratione

207 1073 477 1113 adumbratur
508 1086 716 1114 consensu
746 1079 786 1114 et
816 1073 1184 1115 deliberationibus
1219 1074 1538 1126 praecipuorum
1560 1087 1788 1127 regnorum

212 1145 251 1180 et
276 1145 510 1192 systemate
530 1139 601 1180 illo
622 1139 802 1192 politico,
824 1153 903 1193 quo
925 1139 1248 1195 aequilibrium,
1279 1146 1323 1181 ut
1340 1147 1504 1190 vocant,
1528 1153 1790 1194 ear-opaeum

207 1205 471 1259 potissimum
503 1212 754 1259 procuratur
777 1208 852 1258 (1).

262 1273 352 1312 Iam
382 1285 483 1312 vero
513 1272 548 1313 si
578 1272 619 1312 id
647 1273 855 1313 hactenus
885 1272 1074 1322 obtinuit,
1105 1287 1200 1313 cum
1229 1273 1445 1313 nationum
1476 1272 1705 1313 relationes
1738 1271 1789 1312 ob

209 1338 428 1391 regionum
459 1338 699 1378 distantiam
737 1345 777 1379 et
812 1339 1240 1380 communicationum
1271 1339 1526 1392 paucitatem
1569 1352 1654 1379 non
1680 1339 1786 1378 adeo

209 1403 338 1444 arctis
366 1403 546 1444 vinculis
576 1403 871 1456 alligabantur3
894 1405 990 1458 quid
1020 1405 1198 1457 posthac
1220 1406 1549 1458 exspectandum
1580 1405 1669 1454 erit,
1693 1418 1788 1445 cum

208 1468 292 1508 iam
312 1469 656 1509 commerciorum
680 1469 905 1521 amplitudo
927 1482 1074 1509 omnes
1093 1469 1180 1510 fere
1196 1475 1348 1522 gentes
1368 1470 1475 1510 inter
1494 1483 1540 1509 se
1562 1469 1786 1518 miscuerit,

208 1535 573 1588 pyroscaphorum
605 1535 915 1588 ferrearumque
946 1535 1109 1575 viarum
1139 1535 1334 1577 celeritas
1373 1535 1693 1576 disiunctionem
1724 1537 1789 1576 lo·-

210 1614 355 1642 corum
387 1602 472 1642 fere
502 1615 675 1655 prorsus
704 1602 941 1642 ademerit?
969 1603 1048 1642 His
1077 1603 1183 1643 adde
1205 1603 1543 1643 recentissimum
1573 1603 1787 1643 inventum

211 1667 445 1720 telegraphi
465 1667 660 1718 electrici,
677 1681 757 1721 quo
778 1669 825 1709 fit
840 1673 885 1707 ut
906 1668 1115 1708 velocitati
1134 1668 1238 1709 lucis
1256 1668 1427 1709 notitiae
1449 1675 1488 1709 et
1502 1669 1619 1709 iussa
1638 1682 1690 1709 ex
1706 1682 1791 1708 una

210 1733 321 1773 orbis
337 1741 454 1786 parte
474 1735 515 1772 in
532 1733 657 1773 aliam
675 1735 969 1786 pervehantur,
987 1740 1027 1775 et
1043 1734 1184 1774 mundi
1206 1734 1382 1784 termini,
1400 1741 1622 1787 utcumque
1640 1735 1786 1782 dissiti,
1804 1753 1811 1761 ÷

209 1811 256 1839 se
273 1799 400 1838 veluti
415 1813 542 1839 manu
559 1800 804 1852 contingere
826 1808 866 1841 et
883 1801 1197 1853 apprehendere
1215 1800 1444 1840 videantur.
1463 1802 1656 1840 Ceterum
1683 1800 1793 1853 quid-

209 1865 305 1918 quid
322 1865 375 1906 sit
391 1866 441 1905 de
456 1866 545 1906 eius
562 1867 747 1919 possibili
763 1867 1006 1908 reductione
1026 1868 1079 1907 ad
1095 1873 1247 1916 actum,
1271 1874 1381 1908 certe
1404 1868 1640 1908 huiusmodi
1659 1869 1790 1909 socie-

209 1938 273 1970 tas
287 1930 544 1971 considerari
560 1933 708 1972 saltem
722 1933 872 1985 poterit
889 1939 932 1972 ut
949 1940 1071 1986 typus
1086 1933 1248 1982 idealis,
1262 1933 1327 1972 cui
1345 1933 1535 1973 nationes
1559 1933 1711 1986 iugiter
1726 1948 1792 1974 ac-

211 1998 375 2047 cedant,
387 1998 482 2038 licet
497 1998 632 2051 ipsum
649 2013 862 2052 nunquam
878 1999 1219 2052 attingant,intra
1234 1999 1365 2040 solius
1383 2004 1558 2039 naturae
1576 2001 1790 2041 terminos.

267 2064 328 2102 34.
359 2064 458 2104 Eius
479 2065 742 2116 organismus
762 2068 963 2116 respectu
979 2065 1177 2116 partium.
1200 2064 1390 2104 Societas
1418 2065 1525 2104 haec
1557 2064 1794 2105 internatio-

213 2130 334 2178 nalis,
353 2137 397 2170 ut
411 2130 509 2170 alibi
527 2131 577 2171 de
594 2130 704 2171 civili
722 2130 874 2170 dictum
893 2137 968 2179 est,
987 2131 1149 2171 duobus
1166 2137 1379 2171 constaret
1407 2132 1635 2172 elementis:
1654 2132 1795 2172 malti-

257 2237 307 2278 (1)
333 2237 446 2270 Huius
471 2237 667 2279 aequilibrii
690 2239 872 2271 notionem
889 2238 941 2271 sic
958 2239 1103 2271 exhibet
1119 2239 1252 2272 Vattel:
1269 2239 1454 2281 L’Europe
1478 2240 1540 2272 fait
1567 2249 1612 2272 un
1631 2241 1794 2281 systeme

212 2291 406 2332 politique,
430 2301 475 2324 un
499 2302 608 2333 corps
631 2316 639 2330 ,
664 2293 709 2325 ou
732 2295 813 2325 tout
836 2295 893 2325 est
917 2293 960 2325 lie
986 2303 1051 2334 par
1074 2293 1128 2325 les
1153 2293 1324 2325 relations
1353 2296 1388 2325 et
1413 2293 1531 2325 divers
1555 2293 1704 2326 interets
1729 2294 1793 2326 des

211 2346 362 2378 Nations
389 2346 448 2387 qui
470 2346 629 2379 habitent
652 2349 747 2380 cette
770 2348 884 2388 partie
915 2348 962 2380 du
986 2348 1123 2380 monde.
1150 2348 1197 2380 Ce
1213 2348 1305 2380 n'est
1328 2347 1423 2389 plus,
1446 2357 1586 2381 comme
1610 2348 1796 2387 autrefois,

213 2409 258 2431 un
282 2410 383 2433 amas
408 2401 534 2434 consus
560 2402 603 2434 de
627 2401 748 2443 picces
772 2402 918 2440 isolees,
942 2403 1028 2434 dont
1052 2403 1208 2434 chacune
1226 2412 1265 2435 se
1282 2403 1422 2444 croyait
1444 2414 1513 2445 peu
1535 2403 1733 2436 interessee
1751 2414 1795 2436 au

214 2454 292 2483 sort
317 2453 381 2484 des
406 2455 530 2486 autres
554 2456 589 2486 et
607 2463 646 2486 se
671 2454 809 2486 mettait
833 2456 1013 2487 rarement
1035 2464 1076 2486 en
1100 2455 1200 2496 peine
1222 2456 1265 2488 de
1283 2466 1322 2488 ce
1348 2456 1407 2497 qui
1429 2466 1472 2489 ne
1495 2457 1531 2489 la
1552 2456 1713 2489 touchait
1729 2465 1796 2498 pas

212 2505 523 2539 immediatement.
548 2508 764 2540 L'attention
781 2507 994 2540 continuelle
1008 2509 1072 2540 des
1098 2510 1308 2542 souverains
1325 2512 1346 2543 a
1369 2513 1449 2543 tout
1473 2521 1512 2543 ce
1538 2511 1596 2551 qui
1621 2520 1659 2542 se
1676 2519 1799 2553 passe,

216 2558 271 2591 les
294 2559 472 2593 ministres
495 2561 664 2603 touJ'ours
689 2561 880 2600 residents‚
903 2562 957 2594 les
983 2562 1225 2603 negotiations
1250 2565 1515 2606 perpetuelles,
1538 2565 1615 2597 font
1639 2564 1682 2596 de
1706 2563 1800 2597 l’Eu-

215 2623 305 2655 rope
328 2616 498 2648 moderne
522 2626 589 2649 une
624 2618 755 2658 espece
779 2618 822 2649 de
846 2617 1078 2659 republique,
1114 2619 1201 2651 dont
1224 2619 1278 2652 les
1304 2620 1483 2652 membres
1518 2619 1799 2661 independants,

215 2665 306 2698 mais
330 2667 394 2699 lies
418 2677 484 2708 par
507 2667 661 2701 l’interet
685 2679 862 2708 commun,
886 2679 925 2702 se
949 2670 1154 2703 reunissent
1177 2681 1270 2712 pour
1293 2683 1317 2714 y
1341 2672 1525 2705 maintenir
1548 2672 1682 2704 l'ordre
1706 2675 1741 2704 et
1764 2673 1800 2705 la

215 2718 351 2751 liberte.
378 2719 480 2751 C’est
505 2730 565 2759 ce,
590 2721 648 2761 qui
672 2732 693 2753 a
715 2722 831 2755 donne
854 2722 1043 2755 naissance
1067 2724 1088 2755 a
1112 2725 1207 2756 cette
1232 2725 1393 2758 fameuse
1424 2725 1501 2758 idee
1526 2725 1570 2757 de
1592 2724 1629 2756 la
1651 2725 1799 2758 balance

216 2772 403 2814 politique‚
425 2772 471 2805 osi
494 2773 538 2806 de
561 2774 759 2815 l'equilibre
783 2775 1001 2817 dupouvoir.
1025 2775 1080 2808 On
1103 2778 1231 2810 entend
1253 2787 1320 2819 par
1343 2778 1378 2810 la
1401 2787 1468 2810 une
1492 2776 1709 2818 disposition
1733 2778 1799 2811 des

217 2828 362 2866 choses,
384 2837 430 2860 au
453 2837 583 2869 moyen
607 2829 651 2860 de
667 2829 823 2869 laquelle
846 2839 981 2862 aucune
997 2830 1193 2871 puissance
1216 2841 1258 2864 ne
1283 2841 1322 2864 se
1344 2834 1473 2864 trouve
1498 2840 1539 2863 en
1564 2831 1638 2863 etat
1662 2831 1706 2863 de
1721 2832 1801 2873 pre-

220 2884 380 2917 dominer
402 2883 652 2921 absolument‚
675 2885 710 2916 et
733 2884 777 2916 de
800 2883 887 2917 faire
916 2884 951 2917 la
972 2883 1021 2918 loi
1044 2894 1116 2917 aux
1145 2887 1279 2918 autres.
1304 2886 1352 2919 Le
1376 2885 1476 2919 droit
1499 2885 1565 2919 cles
1585 2895 1678 2928 qens
1694 2911 1701 2925 ,
1723 2888 1746 2918 t.
1771 2887 1802 2925 2,

219 2938 263 2971 ib„
288 2939 317 2976 3,
340 2938 383 2970 ch
417 2938 448 2973 3,
468 2936 486 2978 ,ξ
509 2937 558 2969 47.
