1970 3203
231 194 309 234 292
608 202 674 230 ius
703 201 905 229 NATURAE
923 212 943 218 -
966 202 1074 230 PARS
1107 199 1146 226 ιι.
1178 202 1246 229 ms
1276 200 1448 230 SOCIALE

229 286 403 325 irretita.
433 284 505 324 Sin
536 282 655 335 pravi
685 281 792 330 sint;
823 270 1012 333 privatae
1041 284 1199 320 tantum
1231 280 1454 320 studebunt
1482 280 1645 320 utilitati
1676 284 1716 318 et
1745 291 1814 330 po-

233 354 375 404 pulum
407 350 664 403 oppriment,
696 356 921 399 utcumque
960 350 1149 397 potestas
1177 343 1411 384 minutatim
1451 354 1640 391 secetur,
1672 348 1711 382 et
1740 355 1813 395 per

237 418 436 458 disiectas
465 415 693 469 particulas
722 413 909 466 pluribus
940 412 1236 452 committatur.
1260 411 1490 452 Conflictus
1521 412 1631 453 enim
1662 410 1812 463 cupidi—

235 491 367 524 tatum
399 489 438 522 et
468 487 613 521 mutua
642 478 906 526 resistentia,
937 477 979 516 in
1023 476 1171 529 quibus
1203 481 1290 516 tota
1318 476 1426 517 haec
1466 477 1664 518 dissectio
1695 490 1813 529 spem

230 551 369 604 ponit,
400 550 436 591 si
466 563 492 589 a
512 548 716 601 probitate
745 546 1003 598 seiungitur,
1034 544 1172 583 locum
1203 556 1288 583 non
1316 543 1469 592 habet;
1502 544 1583 584 nisi
1615 543 1814 596 quamdiu

232 617 370 658 studia
400 615 660 668 singulorum
692 612 895 653 dissident
924 611 1031 650 inter
1051 623 1108 650 se.
1141 611 1259 657 Quae
1288 609 1455 662 quidem
1476 609 1727 650 dissidentia
1757 607 1815 648 fa-

232 683 310 724 cile
332 679 606 732 componitur,
628 678 664 718 si
684 677 859 730 quisque
880 675 1035 728 aliquid
1055 674 1174 714 alteri
1200 674 1405 722 concedit,
1429 680 1472 713 ut
1491 674 1605 714 illum
1625 673 1814 714 vicissim

228 762 302 802 pro
333 760 411 787 sua
431 745 605 786 utilitate
633 743 967 784 consentientem
997 741 1168 781 habeat.
1196 740 1271 780 Sic
1301 740 1492 792 privatae
1521 740 1813 792 imperantium

231 809 709 863 utilitateslprincipium
731 807 911 847 evadent
932 818 1172 858 supremum
1205 804 1390 845 iustitiae
1413 811 1452 845 et
1483 805 1813 845 administratio-

231 879 297 918 nis
327 875 593 929 reipublicae.
626 874 672 913 Id
692 882 844 920 autem,
876 880 919 911 ut
939 871 1112 923 quisque
1136 871 1259 919 videt,
1281 883 1366 909 non
1383 870 1563 911 libertati
1585 870 1708 919 favet,
1740 871 1812 911 sed

230 942 497 983 deterrimam
528 938 793 991 tyrannidem
823 944 950 977 creat.

282 1009 371 1047 Nec
399 1006 532 1045 instes
560 1004 602 1042 in
624 1009 745 1043 coetu
774 1001 952 1054 plurium
983 1013 1148 1053 semper
1177 1001 1310 1041 bonos
1338 1001 1501 1053 aliquos
1530 1000 1716 1053 reperiri,
1740 1000 1811 1052 qui

228 1084 388 1124 pravae
417 1069 594 1109 aliorum
625 1066 828 1106 voluntati
850 1065 1060 1106 resistant.
1093 1067 1201 1106 Nam
1223 1065 1429 1106 bonorum
1461 1074 1639 1105 conatus
1661 1066 1815 1105 effectu

228 1136 350 1177 facile
379 1134 655 1181 frustrantur,
687 1138 772 1172 tum
802 1131 854 1171 ob
887 1130 1086 1171 maiorem
1117 1130 1399 1183 improborum
1441 1143 1659 1170 numerum
1678 1163 1686 1178 ,
1728 1138 1814 1170 tum

226 1206 394 1254 propter
424 1197 592 1238 fraudes
613 1205 654 1236 et
675 1196 809 1235 malas
829 1202 954 1243 artes,
985 1194 1133 1247 quibus
1155 1194 1195 1233 hi
1225 1195 1279 1234 ad
1300 1194 1511 1247 proprium
1543 1194 1811 1234 obtinendum

226 1267 355 1305 finem
385 1261 655 1303 callidissime
685 1268 865 1299 utuntur.
899 1260 1004 1299 Nam
1036 1273 1109 1311 per
1139 1272 1185 1298 se
1213 1258 1255 1298 in
1285 1260 1411 1299 rebus
1441 1259 1618 1312 agendis
1649 1259 1712 1299 vis
1744 1260 1814 1299 im-

225 1332 450 1385 proborum
480 1329 606 1380 longe
641 1327 849 1379 potentior
879 1334 967 1373 est,
999 1339 1122 1377 quam
1152 1326 1368 1365 hominum
1408 1325 1548 1364 virtuti
1578 1325 1809 1365 adhaeren-

225 1399 340 1445 tium3
362 1395 566 1448 siquidem
596 1393 665 1441 illi,
689 1406 783 1432 curn
813 1392 971 1430 nullum
993 1390 1219 1430 discrimen
1249 1391 1435 1431 habeant
1455 1390 1620 1430 honesti
1643 1404 1668 1429 a
1692 1391 1812 1443 turpi,

226 1467 351 1516 longe
381 1461 531 1502 maiori
562 1460 791 1501 mediorum
822 1457 945 1510 copia
966 1458 1193 1506 abundant,
1226 1471 1351 1510 quam
1382 1457 1450 1510 qui
1471 1459 1563 1497 sola
1583 1458 1805 1499 honestate

226 1537 458 1571 moventur.
489 1527 624 1568 Linea
653 1525 762 1566 enim
792 1532 909 1574 recta
939 1538 1022 1563 una
1061 1530 1148 1573 est3
1180 1537 1336 1564 curvae
1366 1531 1505 1565 autern
1544 1525 1805 1565 innumerae.

227 1597 354 1637 Cuius
384 1592 573 1634 veritatis
602 1590 937 1631 luculentissima
966 1590 1159 1642 exempla
1187 1589 1388 1630 historiae
1418 1589 1651 1642 perhibent,
1682 1599 1808 1642 atque

224 1661 387 1702 utinam
416 1657 573 1697 nostris
604 1655 729 1695 etiam
760 1654 893 1694 oculis
924 1667 1007 1693 non
1038 1654 1369 1706 usurparemusl

280 1723 409 1763 Obz'ie.
433 1723 485 1761 II.
515 1720 640 1772 Apud
658 1719 822 1771 Anglos
852 1719 958 1758 haec
981 1721 1199 1769 potestatis
1230 1719 1377 1758 divisio
1399 1719 1569 1768 obtinet;
1601 1726 1642 1760 et
1663 1728 1805 1760 tamen

224 1789 348 1833 mala,
379 1798 486 1838 quae
508 1783 717 1835 descripta
737 1790 844 1831 sunt,
865 1796 949 1822 non
971 1782 1157 1835 parturit.
1182 1783 1331 1830 Quidni
1353 1783 1477 1835 igitur
1494 1784 1640 1823 eadem
1658 1784 1811 1837 guber-

223 1851 350 1892 nandi
366 1850 469 1889 ratio
489 1849 542 1889 ad
562 1848 668 1887 alias
689 1860 850 1900 quoque
871 1854 1020 1900 gentes
1041 1847 1256 1888 transferri
1280 1847 1458 1900 poterit?
1489 1850 1540 1888 Et
1560 1862 1664 1890 sane
1692 1851 1809 1890 Mon-

227 1918 417 1971 tesquieu
434 1930 555 1957 suam
568 1914 774 1955 theoriam
792 1929 818 1953 a
838 1914 1173 1954 consideratione
1189 1914 1343 1968 anglici
1361 1916 1576 1968 regiminis
1593 1916 1810 1957 derivavit.

278 1984 328 2022 R.
359 1983 405 2021 In
427 1981 573 2034 primis
594 1980 763 2019 stultum
783 1985 845 2018 est
866 1979 1041 2019 formam
1064 1979 1253 2032 gubernii
1274 1978 1397 2018 unius
1412 1980 1550 2031 populi
1572 1980 1614 2019 in
1635 1994 1809 2033 genera-

224 2050 305 2088 lem
323 2059 512 2086 normam
535 2044 719 2084 omnium
742 2043 958 2084 nationum
980 2050 1239 2084 convertere.
1258 2044 1512 2084 Praesertim
1533 2044 1568 2084 si
1591 2046 1806 2097 praedicta

223 2114 359 2154 forma
379 2125 450 2165 per
471 2125 517 2151 se
540 2110 690 2150 vitiosa
710 2109 774 2158 sit,
797 2116 836 2149 et
858 2123 910 2149 ex
932 2110 1132 2162 peculiari
1154 2110 1401 2151 charactere
1421 2111 1529 2151 illius
1550 2113 1689 2165 populi
1707 2127 1802 2153 con-

221 2181 414 2233 tingat,ut
430 2178 540 2230 apud
556 2177 691 2228 ipsum
709 2177 863 2216 damna
880 2175 1071 2224 vitentur,
1084 2189 1192 2228 quae
1209 2189 1333 2217 secus
1349 2177 1506 2218 oritura
1523 2177 1670 2220 forent.
1682 2179 1801 2225 Quod

223 2260 327 2286 sane
357 2247 400 2285 in
421 2244 631 2297 praesenti
651 2256 753 2282 casu
773 2242 987 2294 contingit.
1011 2244 1118 2282 Nam
1139 2256 1291 2283 sensus
1320 2243 1532 2295 practicus
1554 2246 1695 2297 populi
1723 2261 1800 2286 an-

222 2311 320 2364 glici
338 2318 376 2350 et
397 2324 423 2349 a
445 2307 699 2348 deducendis
719 2306 973 2346 illationibus
994 2307 1240 2355 abhorrens,
1263 2321 1396 2348 causa
1416 2315 1479 2349 est
1499 2323 1574 2348 cur
1594 2310 1712 2349 multi
1730 2310 1798 2350 im-

222 2376 443 2427 pediantur
463 2374 638 2413 effectus
668 2372 832 2419 nocivi,
868 2371 935 2423 qui
957 2371 1064 2411 alias
1093 2372 1306 2424 prodirent
1327 2386 1380 2413 ex
1409 2373 1545 2414 forma
1566 2375 1799 2427 regiminis,

222 2447 342 2493 prout
373 2439 585 2480 recentius
616 2438 725 2491 apud
758 2437 873 2476 illum
896 2437 1086 2477 adhiberi
1116 2438 1262 2490 coepit.
1287 2440 1481 2478 Ceterum
1505 2440 1797 2492 Montesquieu

222 2506 420 2547 corticem
442 2512 603 2545 tantum
625 2503 817 2556 regimini
847 2504 1003 2556 anglici
1035 2510 1246 2544 scrutatus
1270 2510 1344 2553 est,
1374 2506 1602 2546 medullam
1623 2511 1662 2546 et
1685 2506 1807 2547 inter-

221 2584 321 2610 num
347 2569 455 2608 vitae
473 2567 719 2620 principium
741 2580 825 2606 non
842 2567 1213 2619 penetravit.Quod
1231 2568 1334 2609 scite
1351 2569 1645 2609 animadvertit
1662 2570 1802 2611 claris-

223 2635 355 2675 simus
374 2633 505 2680 Sthal‚
518 2633 721 2685 inquiens:
740 2633 825 2671 «La
843 2631 1111 2672 costituzione
1127 2632 1301 2685 inglese‚
1313 2633 1366 2672 da
1384 2633 1448 2672 cui
1465 2640 1487 2673 e
1504 2633 1693 2674 ricavata
1711 2647 1806 2686 que-

221 2709 289 2742 sta
311 2699 457 2748 teoria‚
480 2712 562 2738 non
586 2704 735 2739 consta
755 2698 792 2737 di
811 2699 935 2739 simili
958 2700 1151 2740 elementi
1172 2699 1448 2749 nieccanici‚e
1471 2714 1552 2740 non
1570 2701 1625 2741 ha
1646 2716 1729 2742 una
1750 2704 1798 2743 si-

222 2766 319 2804 mile
340 2763 547 2804 divisione
569 2763 607 2801 di
625 2763 768 2814 poteri.
789 2764 836 2802 In
854 2763 988 2815 quella
1009 2763 1036 2802 il
1053 2776 1097 2802 re
1119 2777 1201 2803 non
1219 2771 1241 2803 e
1262 2777 1317 2802 un
1332 2763 1544 2803 individuo
1563 2765 1655 2805 ch'e
1677 2779 1800 2818 preso

222 2832 289 2871 dal
306 2844 407 2872 seno
426 2830 534 2870 della
545 2829 804 2869 moltitudine
822 2834 886 2869 col
900 2830 989 2869 solo
1006 2842 1134 2881 scopo
1151 2828 1190 2868 di
1207 2842 1355 2869 curare
1371 2830 1413 2868 la
1429 2831 1679 2872 esecuzione
1696 2832 1804 2872 delle

223 2894 350 2948 leggi‚
372 2895 411 2934 al
434 2894 512 2934 che
529 2892 570 2933 fa
590 2893 766 2946 bisogno
785 2893 823 2932 di
842 2906 926 2932 una
942 2892 1190 2934 risoluzione
1206 2900 1511 2945 momentanea,
1530 2909 1551 2936 e
1569 2896 1608 2936 di
1626 2896 1803 2938 limitare
