1970 3203
249 225 328 266 118
597 237 663 263 ms
694 234 896 263 NATURAE
917 245 939 253 -
959 236 1068 263 PARs
1097 236 1122 261 1.
1151 236 1216 263 ius
1245 235 1515 263 INDIVIDUALE

303 311 341 351 9.
370 310 642 351 Transfertur
662 310 790 350 etiam
820 311 873 351 ad
903 311 995 352 alia.
1028 311 1099 350 Ius
1119 323 1145 350 a
1173 310 1480 362 significatione
1510 311 1580 350 illa
1600 309 1835 350 subiectiva

247 376 459 417 facultatis
487 376 659 415 moralis
688 376 906 416 transferri
936 377 1042 417 solet
1072 376 1125 417 ad
1154 376 1405 417 obiectivam
1427 409 1436 425 ,
1471 385 1678 430 quatenus
1707 376 1826 416 obie-

250 449 363 483 ctum
395 443 573 489 denotet,
595 442 709 481 circa
729 443 836 495 quod
867 442 1045 483 facultas
1069 441 1140 482 illa
1159 450 1364 482 versatur.
1387 443 1456 482 Sic
1485 443 1663 483 dicimus
1684 442 1737 481 ad
1757 442 1823 482 iu-

247 509 403 549 stitiam
433 507 637 560 pertinere
666 514 710 547 ut
739 511 890 562 curque
919 509 1045 548 detur
1072 521 1198 548 suum
1227 513 1307 555 ius,
1329 507 1522 548 nimirum
1550 509 1592 548 id
1621 509 1730 561 quod
1752 508 1832 560 ipsi

250 580 315 614 est
344 574 537 614 debitum.
569 575 827 627 Quandoque
857 574 982 615 etiam
1012 574 1260 615 transfertur
1291 575 1345 613 ad
1374 574 1695 626 significandam
1726 588 1826 615 sen-

249 639 421 679 tentiam
452 639 612 687 iudicis,
642 640 731 680 sive
760 640 870 679 iusta
900 640 952 679 sit
981 639 1069 679 sive
1100 639 1223 680 etiam
1253 639 1419 687 iniusta,
1441 645 1481 678 et
1508 638 1569 679 sic
1599 639 1728 679 iadeae
1750 652 1835 678 no-

252 704 434 744 minatur
461 718 487 744 a
517 705 611 745 iure
638 705 827 744 dicendo.
859 706 991 746 Immo
1021 705 1146 745 etiam
1176 718 1227 745 ea
1248 718 1330 745 vox
1354 705 1576 757 aliquando
1600 706 1829 746 'adhibetur

252 771 307 810 ad
326 771 650 823 significandum
673 773 822 820 locum,
843 771 911 812 ubi
931 771 996 812 ius
1016 771 1166 812 dicitur
1194 771 1388 810 nimirum
1417 763 1607 820 tribunal;
1628 777 1672 811 ut
1702 778 1826 811 sonat

250 833 435 888 loquutio
463 835 546 876 illa:
575 837 630 875 In
662 838 726 875 ius
758 836 946 889 aliquem
978 849 1140 876 vocare.
1186 836 1374 875 Tandem
1411 835 1562 874 utimur
1591 848 1694 875 voce
1723 835 1825 875 iuris

255 898 309 939 ad
336 898 593 939 innuendam
623 900 914 941 collectionem
944 900 1083 953 legum
1112 899 1357 952 aliquarum,
1389 906 1429 940 et
1458 900 1519 939 sic
1544 898 1731 939 dicimus:
1756 900 1833 939 Ias

261 963 394 1012 civile,
425 965 502 1004 Ius
533 966 787 1003 canonicum
817 971 856 1004 et
885 970 1038 1005 cetera.

309 1030 374 1070 10.
403 1031 579 1071 Partitio
600 1031 718 1080 iuris,
742 1036 785 1071 et
803 1032 985 1083 primum
1005 1033 1049 1071 in
1068 1032 1184 1071 reale
1205 1035 1247 1071 et
1265 1031 1500 1082 personale.
1532 1030 1597 1069 Ad
1616 1030 1718 1070 iuris
1735 1043 1832 1082 par-

257 1094 443 1135 titionem
475 1096 584 1148 quod
613 1096 774 1144 attinet,
805 1097 896 1136 iura
924 1097 966 1136 in
989 1097 1130 1149 primis
1160 1097 1340 1149 dispesci
1361 1102 1536 1149 possunt
1565 1097 1607 1136 in
1630 1097 1771 1136 realia
1793 1103 1834 1137 et

233 1151 525 1213 ⁴per-sonalat.
557 1161 811 1200 Personalia
839 1162 931 1200 iura
961 1161 1163 1208 dicuntur,
1184 1175 1290 1214 quae
1321 1175 1393 1213 per
1423 1175 1468 1201 se
1489 1174 1711 1214 personam
1741 1160 1837 1200 affi-

260 1223 383 1271 ciunt,
406 1224 626 1276 eidemque
643 1225 863 1265 inhaerent
878 1225 1128 1273 immediate;
1150 1232 1193 1266 ut
1213 1238 1278 1265 ex,
1300 1240 1362 1278 gr.
1384 1227 1449 1266 ius
1470 1224 1751 1265 conservandi
1772 1224 1836 1263 vi-

262 1294 360 1328 tam.
373 1287 525 1327 Realia
544 1302 662 1337 vero,
683 1302 789 1341 quae
810 1289 851 1328 in
865 1302 1088 1341 personam
1104 1289 1330 1329 adveniunt
1344 1290 1494 1329 virtute
1507 1288 1566 1328 rei
1587 1287 1836 1339 cuiuspiam,

261 1358 386 1406 atque
407 1353 503 1394 ideo
524 1354 628 1394 inre
648 1355 718 1394 illa
733 1355 953 1395 inhaerere
976 1355 1275 1407 concipiuntur.
1295 1356 1414 1401 Quod
1435 1368 1518 1394 non
1534 1355 1592 1395 ita
1608 1354 1841 1406 intelligen-

264 1420 359 1459 dum
383 1426 459 1468 est,
483 1420 605 1472 quasi
626 1434 696 1460 res
717 1422 807 1473 ipsa
828 1421 1060 1461 subiectum
1081 1421 1134 1460 sit
1153 1421 1254 1460 iuris
1277 1421 1345 1473 (id
1369 1421 1478 1461 enim
1501 1434 1554 1460 ex
1575 1419 1695 1460 dictis
1715 1431 1841 1472 repu-

268 1492 371 1537 gnat
387 1487 428 1537 );
458 1487 533 1526 sed
554 1493 756 1539 quatenus
786 1500 967 1539 persona
995 1487 1083 1527 iure
1104 1494 1274 1527 ornetur
1303 1500 1386 1526 non
1417 1500 1489 1539 per
1510 1500 1567 1535 se,
1589 1486 1663 1527 sed
1690 1486 1730 1525 vi
1750 1498 1842 1537 pos-

267 1549 470 1590 sessionis
490 1551 549 1590 rei
571 1551 821 1603 praedictae3
845 1564 926 1604 qua
945 1550 980 1591 si
1005 1551 1213 1603 spolietur,
1243 1552 1307 1591 ius
1328 1551 1488 1591 amittit:
1511 1550 1620 1603 quod
1641 1549 1838 1589 continuo

267 1615 310 1655 in
339 1629 432 1655 eam
463 1630 685 1668 personam
718 1618 876 1666 transit,
898 1630 1004 1669 quae
1032 1630 1120 1656 rein
1147 1617 1260 1656 illam
1291 1616 1542 1668 adipiscitur.
1575 1615 1643 1655 Sic
1664 1615 1731 1668 qui
1753 1614 1839 1654 fun-

271 1682 366 1722 dum
388 1682 497 1731 emit,
519 1683 572 1721 ad
592 1697 712 1735 quem
735 1697 820 1723 non
850 1684 969 1724 aliter
985 1683 1076 1731 itur,
1107 1683 1188 1723 nisi
1217 1697 1289 1735 per
1310 1683 1480 1722 fundum
1507 1682 1691 1731 alterius,
1714 1682 1839 1721 huius

265 1746 467 1786 transitus
501 1747 567 1786 ius
596 1748 786 1799 acquirit,
817 1747 939 1799 idque
968 1747 1031 1787 ius
1059 1748 1172 1787 reale
1201 1753 1475 1798 nuncupatur.

315 1812 410 1851 Alio
441 1812 564 1852 etiam
595 1826 722 1852 sensu
752 1813 955 1865 accipitur
983 1813 1048 1852 ius
1070 1813 1182 1853 reale
1212 1818 1251 1852 et
1280 1813 1342 1851 ius
1365 1813 1597 1863 personale,
1628 1816 1836 1863 quatenus

262 1876 499 1928 exprimunt
528 1877 594 1926 id,
625 1878 733 1930 quod
757 1883 920 1917 veteres
950 1877 1237 1917 Iurisconsulti
1265 1877 1534 1929 appellabant
1558 1877 1624 1916 ius
1656 1876 1701 1915 in
1733 1889 1779 1914 re
1799 1882 1840 1916 et

261 1940 330 1981 ias
350 1941 408 1980 ad
427 1955 528 1980 rem.
548 1942 731 1981 Primum
754 1948 818 1981 est
837 1942 913 1990 ius,
935 1942 1043 1994 quod
1060 1955 1150 1981 rem
1170 1942 1339 1993 respicit
1361 1942 1563 1990 absolate,
1584 1955 1635 1980 ac
1656 1939 1832 1993 proinde

262 2005 348 2046 vim
377 2006 503 2047 habet
531 2014 724 2058 respectu
756 2007 950 2055 omnium,
980 2013 1024 2046 ut
1053 2009 1095 2047 in
1126 2008 1319 2047 dominio.
1345 2008 1533 2048 Alterum
1553 2012 1616 2047 est
1635 2007 1698 2046 ius
1725 2007 1834 2058 quod

263 2085 354 2111 rem
383 2071 553 2124 respicit
583 2075 784 2121 relative,
814 2073 1009 2112 nimirum
1039 2080 1231 2126 respectu
1268 2074 1568 2113 determinatae
1598 2085 1806 2125 personae
1826 2104 1836 2120 ,

263 2148 370 2188 quae
398 2135 511 2174 illam
541 2136 681 2176 facere
712 2143 783 2176 aut
813 2137 913 2176 dare
942 2143 1142 2186 teneatur,
1172 2143 1215 2177 ut
1244 2137 1286 2176 in
1316 2147 1470 2178 mutuo.

316 2202 378 2240 11.
399 2201 446 2240 In
461 2201 654 2242 innatum
671 2206 713 2242 et
731 2203 995 2253 acquisitum.
1028 2202 1188 2242 Deinde
1203 2202 1294 2241 iura
1311 2202 1548 2243 dividuntur
1563 2201 1605 2240 in
1629 2201 1781 2239 innata
1798 2204 1840 2239 et

264 2265 493 2318 acquisita,
513 2274 634 2319 prout
656 2268 895 2307 eorumdem
915 2268 1020 2308 ratio
1045 2280 1119 2307 seu
1137 2268 1278 2308 titulus
1299 2281 1351 2307 ex
1373 2268 1464 2319 ipsa
1484 2266 1666 2306 hominis
1687 2270 1837 2305 natura

262 2331 449 2384 pullulat,
471 2339 542 2372 aut
561 2346 612 2372 ex
635 2333 744 2372 sacto
766 2334 943 2385 quodam
964 2333 1202 2374 adventitio.
1221 2334 1357 2373 Homo
1377 2333 1487 2373 enim
1503 2334 1584 2373 hoc
1600 2333 1702 2384 ipso,
1724 2332 1834 2384 quod

264 2396 317 2435 ad
337 2397 463 2436 finem
481 2397 705 2446 ordinatur,
728 2398 967 2438 facultatem
989 2398 1114 2438 habet
1130 2399 1494 2450 procurandi‚sine
1515 2398 1689 2437 aliorum
1708 2397 1843 2436 offen-

263 2473 379 2509 sa‚ea
395 2476 500 2514 quae
517 2464 570 2508 ad
586 2465 711 2503 finem
729 2464 842 2502 illum
856 2463 1011 2503 ducunt
1026 2469 1097 2502 aut
1113 2464 1343 2503 conferunt.
1363 2465 1458 2503 Iura
1475 2462 1677 2503 eiusmodi
1690 2461 1838 2500 innata

263 2524 331 2564 vel
352 2525 476 2564 etiam
498 2526 706 2578 primitiva
727 2527 929 2567 dicuntur.
951 2529 1044 2567 Non
1061 2527 1170 2567 enirn
1187 2528 1424 2577 adveniunt,
1443 2527 1517 2568 sed
1539 2540 1634 2566 cum
1653 2525 1744 2578 ipso
1767 2526 1836 2565 ho-

263 2588 374 2629 mine
396 2596 498 2639 orta,
521 2592 557 2631 ei
578 2592 891 2632 immutabiliter
915 2593 1148 2633 inhaerent.
1179 2594 1318 2640 Quare
1346 2593 1545 2645 deinceps
1577 2590 1753 2630 alienari
1772 2598 1845 2631 aut

264 2655 396 2696 amitti
418 2657 540 2708 plane
561 2671 645 2698 non
666 2666 852 2710 possunt,
869 2659 1215 2712 quemadmodum
1237 2660 1368 2700 amitti
1388 2658 1528 2711 nequit
1543 2663 1706 2705 natura,
1731 2658 1843 2697 unde

266 2720 491 2763 dimanant.
504 2725 607 2764 Tale
621 2732 683 2764 est
697 2739 831 2778 ex.gr.
848 2726 911 2765 ius
929 2726 1170 2778 perficiendi
1186 2724 1528 2773 animum,tuendi
1546 2724 1692 2773 vitam,
1708 2724 1845 2776 acqui-

263 2784 382 2825 rendi
399 2785 637 2835 dominium,
656 2801 702 2827 se
719 2789 990 2829 consociandi
1007 2803 1101 2830 cum
1118 2789 1210 2828 aliis
1226 2789 1276 2828 ad
1295 2789 1420 2828 finem
1438 2789 1661 2829 honestum
1687 2801 1844 2828 conse-

266 2852 492 2906 quendum,
509 2860 631 2905 atque
644 2854 902 2906 aliageneris
922 2854 1118 2895 eiusdem.
1132 2854 1251 2901 Quod
1267 2855 1768 2907 quidemintelligendum
1778 2860 1843 2895 est

267 2916 312 2957 in
332 2923 532 2970 quantum
555 2930 605 2957 ea
620 2917 708 2957 iura
727 2931 798 2970 per
814 2932 859 2958 se
879 2925 918 2959 et
933 2920 1068 2972 quoad
1089 2918 1313 2960 essentiam
1331 2918 1659 2958 considerentur.
1684 2919 1790 2958 Nam
1808 2917 1842 2958 si
