1970 3203
216 216 268 257 68
905 222 1123 249 ETHICA

220 312 360 346 tamen
391 317 475 344 non
505 302 689 343 excludit
718 300 817 354 quin
846 306 1016 340 moveat
1044 299 1227 351 seipsum
1257 312 1330 352 per
1359 297 1533 337 liberum
1564 296 1793 348 arbitrium3

217 374 255 409 et
285 368 378 408 ideo
407 381 481 420 per
509 380 630 406 suum
665 370 804 405 actum
826 370 1007 404 meretur
1026 364 1092 403 vel
1113 363 1349 404 demeretur
1377 364 1487 416 apud
1516 364 1650 404 Deum
1674 364 1748 415 (1).
1772 378 1792 401 ))

215 435 355 481 Quare
385 433 447 473 sic
477 433 714 484 distingues
744 431 979 470 maiorem:
1010 431 1336 469 Instrumentum
1371 428 1474 467 nihil
1512 434 1696 468 meretur
1730 430 1798 469 vel

213 498 450 538 demeretur
480 496 590 547 apud
620 508 726 543 eum,
757 495 824 548 qui
855 509 903 536 eo
925 496 1061 543 utitur,
1085 495 1121 536 si
1142 501 1206 534 est
1226 495 1547 534 instrumentum
1572 507 1687 534 mere
1708 508 1800 546 pas-

215 562 365 610 sivum,
396 560 589 608 conced03
620 559 656 598 si
686 565 749 599 est
778 560 963 600 activum
993 566 1032 599 et
1061 560 1249 607 liberum,
1281 572 1401 612 nego.

274 629 403 668 Obz'z'c.
435 629 508 667 III.
532 628 670 668 Homo
701 625 896 678 quidquid
929 626 1056 666 habet
1084 632 1259 665 naturae
1288 632 1359 664 aut
1387 623 1549 674 virium,
1581 624 1744 676 accepit
1775 639 1800 664 a

219 698 321 737 Deo.
334 698 446 751 Ergo
464 696 657 750 quidquid
673 697 714 735 in
732 695 808 735 Dei
825 694 1068 744 obsequium
1086 699 1293 745 operatur,
1305 691 1405 730 nihil
1421 691 1532 731 aliud
1545 692 1656 741 facit,
1673 706 1798 745 quam

214 764 302 804 Deo
332 762 519 810 reddere,
551 761 660 814 quod
690 761 766 801 Dei
798 767 874 800 est.
904 758 1025 811 Apud
1045 760 1183 811 ipsum
1205 757 1331 810 igitur
1362 756 1513 797 mereri
1542 770 1627 796 non
1648 764 1797 810 potest.

268 827 318 865 R.
354 827 475 865 Cone.
509 829 595 866 ant.
628 830 667 864 et
697 825 914 877 distinguo
946 837 1224 877 consequens:
1256 822 1367 863 Nihil
1399 821 1512 861 aliud
1541 822 1652 871 facit,
1673 836 1799 875 quam

219 892 307 932 Deo
337 891 512 931 reddere
542 891 652 942 quod
680 890 739 930 ita
768 896 832 929 est
861 889 950 937 Dei,
981 895 1024 928 ut
1058 889 1111 929 sit
1141 888 1266 929 etiam
1295 888 1427 940 ipsius
1467 887 1652 927 hominis
1681 902 1795 937 conc;

218 956 329 1009 quod
358 955 414 994 ita
444 960 507 994 est
537 954 627 1001 Dei,
661 960 703 993 ut
733 955 845 994 nullo
879 954 1000 994 modo
1032 954 1084 994 sit
1112 953 1309 1001 hominis,
1343 967 1461 1006 nego.

270 1025 335 1063 Ex
364 1022 597 1063 obiectione
629 1035 711 1061 non
741 1021 852 1062 aliud
882 1022 1078 1075 sequitur,
1109 1023 1188 1062 nisi
1209 1035 1294 1061 non
1314 1035 1438 1074 posse
1459 1022 1619 1062 homini
1650 1036 1795 1076 respe-

216 1094 285 1128 ctu
306 1086 381 1127 Dei
404 1092 642 1138 competere
671 1086 876 1134 meritum,
897 1087 1127 1126 secundum
1147 1087 1365 1127 absolutae
1397 1087 1577 1128 iustitiae
1597 1088 1798 1141 rigorem.

220 1152 301 1191 Hic
332 1151 440 1192 enim
472 1151 642 1203 requirit
671 1158 716 1190 ut
744 1151 851 1192 inter
881 1152 1094 1200 terminos,
1125 1165 1229 1204 quos
1260 1153 1441 1205 respicit,
1474 1160 1622 1194 mutua
1651 1154 1706 1194 sit
1734 1153 1801 1192 in-

219 1216 509 1269 dependentia,
531 1216 680 1255 saltem
701 1224 895 1268 respectu
917 1217 1006 1256 eius
1025 1217 1099 1265 rei,
1120 1217 1162 1256 in
1179 1231 1261 1270 qua
1281 1218 1385 1257 alter
1405 1218 1580 1258 alterum
1605 1219 1683 1258 sibi
1705 1218 1800 1258 obli-

220 1288 305 1335 gat.
335 1281 381 1320 Id
413 1286 526 1320 certe
557 1286 793 1333 competere
823 1281 981 1321 homini
1011 1282 1162 1334 nequit,
1194 1288 1386 1334 respectu
1409 1283 1496 1323 Dei.
1520 1284 1658 1322 Homo
1691 1282 1800 1322 enim

219 1349 416 1402 quidquid
445 1348 643 1401 possidet,
664 1362 690 1387 a
712 1349 800 1388 Deo
817 1348 1023 1401 largiente
1044 1349 1240 1401 suscepit,
1258 1349 1474 1402 eidemque
1494 1349 1801 1402 quodammodo

218 1414 438 1455 restituere
469 1420 731 1465 per-rectam
753 1413 1038 1464 operationem
1060 1419 1233 1453 tenetur.
1253 1413 1534 1461 Nihilominus
1569 1427 1663 1452 cum
1683 1412 1800 1452 liber-

217 1488 302 1522 tate
333 1482 386 1522 sit
414 1480 639 1532 praeditus,
671 1493 770 1519 vere
791 1486 936 1519 auctor
957 1488 1023 1520 est
1052 1487 1091 1519 et
1112 1479 1358 1532 principium
1380 1494 1551 1520 suarum
1574 1480 1800 1533 actionum,

218 1548 261 1586 in
298 1547 431 1599 iisque
452 1559 505 1585 ex
536 1558 582 1585 se
612 1545 826 1585 eliciendis
866 1545 1019 1598 aliquid
1049 1545 1217 1598 propria
1246 1545 1594 1586 determinatione
1625 1545 1801 1586 confert.

221 1613 360 1659 Quare
390 1610 497 1651 inter
525 1610 660 1663 ipsum
692 1616 732 1650 et
761 1611 895 1650 Deum
925 1609 1064 1662 aliqua
1092 1609 1311 1649 intercedit
1339 1609 1444 1648 ratio
1473 1608 1655 1649 iustitiae
1674 1640 1682 1656 ,
1715 1620 1802 1647 non

223 1675 366 1715 stricte
396 1673 531 1713 dictae
553 1706 564 1721 ,
597 1674 671 1713 sed
699 1674 930 1713 secundum
960 1673 1183 1725 quamdam
1214 1673 1554 1725 proportionem;
1596 1679 1801 1725 quatenus

220 1747 334 1781 recto
356 1754 435 1780 usu
452 1740 654 1780 libertatis
683 1741 809 1780 homo
831 1753 876 1780 se
895 1740 1144 1780 determinat
1161 1739 1213 1779 ad
1236 1739 1489 1779 servandam
1511 1740 1648 1791 legem
1671 1753 1696 1778 a
1713 1739 1802 1779 Deo

220 1807 375 1852 latam,
407 1818 500 1844 cum
531 1804 664 1856 possit
693 1804 949 1844 contrarium
979 1803 1155 1856 operari.
1189 1803 1397 1850 Quoniam
1429 1816 1527 1842 vero
1559 1803 1699 1842 divina
1729 1816 1803 1843 sa-

220 1873 377 1926 pientia
407 1872 590 1920 dictavit,
622 1871 780 1911 homini
802 1871 863 1910 sic
884 1869 1072 1922 operanti
1093 1882 1392 1922 responsuram
1414 1883 1508 1910 esse
1538 1869 1803 1922 adeptionem

219 1939 376 1993 proprii
407 1939 516 1987 finis,
548 1944 760 1990 tamquam
783 1937 1016 1977 mercedem
1039 1944 1077 1977 et
1100 1937 1331 1988 praemium
1353 1937 1431 1989 ipsi
1453 1943 1799 1985 consentaneum

224 2005 324 2044 ordo
354 2003 534 2056 postulat
564 2009 606 2042 ut
635 2002 675 2041 id
703 2015 852 2054 reapse
882 2002 1055 2048 homini,
1085 2008 1200 2040 recte
1230 2001 1430 2053 operanti,
1454 2002 1568 2041 Deus
1607 2006 1803 2052 praestet.

226 2070 314 2108 Nec
343 2080 441 2106 vero
472 2066 675 2106 rectitudo
705 2066 943 2106 essentialis
975 2065 1138 2104 divinae
1168 2065 1396 2105 voluntatis
1417 2065 1469 2105 ab
1491 2078 1538 2105 eo
1568 2064 1713 2105 ordine
1734 2079 1802 2106 re-

224 2135 375 2175 cedere
406 2134 538 2172 Deum
569 2132 677 2182 sinit,
696 2132 764 2185 qui
794 2132 1087 2173 sanctissimus
1117 2138 1179 2171 est
1209 2137 1248 2171 et
1277 2145 1379 2171 suae
1409 2131 1639 2184 sapientiae
1673 2133 1805 2171 reluc-

223 2199 304 2239 tari
336 2211 421 2237 non
450 2203 598 2250 potest.
628 2198 695 2244 At,
719 2203 760 2236 ut
781 2197 954 2249 quisque
975 2195 1096 2243 videt,
1119 2196 1234 2235 Deus
1253 2195 1295 2234 in
1315 2196 1397 2235 hoc
1418 2208 1497 2234 non
1523 2201 1607 2235 tam
1628 2195 1803 2244 homini,

233 2276 356 2315 quam
388 2261 525 2313 potius
556 2274 658 2300 suae
688 2260 919 2312 sapientiae
950 2268 988 2300 et
1017 2259 1191 2300 bonitati
1221 2259 1380 2299 debitor
1410 2259 1597 2299 efficitur.

754 2390 1143 2428 ARTICULus
1188 2389 1281 2427 VII.

835 2523 903 2562 De
929 2521 1204 2575 passionibus

282 2641 345 2681 66.
380 2641 482 2688 Quid
511 2641 785 2681 sensibilitas.
819 2642 881 2679 Ex
911 2640 1123 2680 intellectu
1146 2644 1185 2678 et
1205 2639 1430 2686 voluntate,
1451 2643 1644 2690 respectu
1669 2637 1809 2677 habito

229 2705 283 2743 ad
313 2704 564 2744 obiectivum
598 2705 787 2744 ordinem
817 2717 955 2744 rerum
977 2736 985 2752 ,
1017 2703 1365 2755 quemadmodum
1403 2714 1532 2753 supra
1571 2701 1808 2754 explicavi,

234 2768 420 2808 essentia
450 2774 572 2807 actus
603 2769 776 2807 moralis
807 2768 848 2807 in
881 2781 926 2807 se
957 2766 1234 2807 constituitur.
1265 2768 1463 2807 Attamen
1487 2766 1611 2805 homo
1633 2779 1716 2805 non
1737 2779 1809 2805 so-

230 2835 315 2874 lum
350 2834 529 2882 ratione,
561 2847 703 2873 verum
735 2834 858 2874 etiam
889 2833 1161 2874 sensibilitate
1190 2838 1367 2881 constat,
1390 2845 1495 2884 quae
1526 2832 1578 2871 ad
1597 2833 1807 2872 actionum

283 2941 332 2982 (1)
361 2943 457 2974 Loco
483 2950 594 2982 supra
617 2940 727 2973 citato
751 2940 796 2972 ad
819 2940 845 2972 2.
