1970 3203
231 163 309 203 222
608 180 674 206 ms
703 179 904 206 NATURAE
928 189 948 196 —
970 179 1077 206 PARS
1107 178 1145 206 11.
1175 179 1241 207 ius
1272 180 1442 211 sociALE

228 253 423 299 damenti‚
454 266 533 305 quo
565 255 717 293 saltem
739 253 976 294 verisimilis
998 255 1211 296 reddenda
1232 263 1332 297 erat.
1357 258 1571 299 Eiusmodi
1592 259 1718 313 igitur
1739 274 1811 301 re-

227 318 344 358 iectis
375 319 511 371 nugis,
544 320 596 358 ad
628 319 846 360 veritatem
876 320 1251 361 constabiliendam
1284 323 1513 365 veniamus.

276 383 338 423 36.
367 385 622 426 Pnoposmo
653 385 710 425 3³.
745 385 889 425 Homo
918 387 1095 427 socialis
1123 390 1184 426 est
1215 391 1376 427 natur-‘a
1405 402 1498 429 sua.

283 448 408 487 Prob.
440 449 470 487 Ι.
501 462 553 488 ex
582 449 705 489 sacto.
737 451 844 490 Nam
875 450 1026 503 ubique
1060 460 1265 491 terrarum
1285 452 1411 492 homo
1432 454 1570 507 aliqua
1590 456 1804 505 societate,

234 513 325 564 plus
354 514 547 554 minusve
569 515 693 563 culta,
715 516 781 556 vel
802 516 940 565 etiam,
962 517 996 556 si
1019 517 1167 569 placet,
1190 516 1371 557 barbara
1392 521 1637 561 continetur.
1660 523 1804 575 Neque

228 577 267 616 id
288 585 500 618 recentem
522 579 650 619 habet
670 580 888 633 originem,
910 581 983 621 sed
1006 594 1101 620 cum
1122 581 1225 634 ipsis
1245 581 1417 621 humani
1437 585 1605 635 generis
1625 585 1804 638 primor—

232 644 309 685 diis
338 646 463 698 plane
492 646 769 687 confunditur.
801 649 907 688 Nam
938 649 1073 701 quoad
1109 648 1355 701 longissime
1375 650 1584 701 praeteriti
1604 652 1804 704 temporis

225 725 470 752 memoriam
501 727 753 754 revocamus
782 721 822 754 et
851 721 1108 755 vetustarum
1138 721 1322 755 aetatum
1358 723 1627 757 monumenta
1649 732 1806 758 consu-

224 778 347 817 limus
366 811 374 827 ‚
404 777 616 818 hominem
647 779 763 819 initio
793 779 833 818 in
865 779 1096 819 domestica
1126 780 1327 820 societate
1357 787 1572 830 creatum,
1603 772 1800 836 deinceps

224 843 591 882 succrescentibus
633 844 801 883 familiis
832 856 997 895 semper
1027 845 1223 884 convictu
1261 845 1398 898 aliquo
1441 846 1587 886 sociali
1616 848 1797 900 gauden-

226 917 308 949 tem
330 910 622 961 comperimus.
646 911 838 950 Iamvero
855 909 1011 950 factum
1032 911 1280 960 universale,
1302 918 1559 964 perpetuum,
1584 921 1798 962 constans,

223 989 306 1015 non
339 977 506 1015 aliunde
536 976 635 1015 oriri
664 982 812 1028 potest,
844 976 923 1016 nisi
953 990 1004 1016 ex
1034 977 1312 1029 propensione
1333 984 1520 1019 naturae.
1541 980 1652 1031 Ergo
1673 980 1799 1020 homo

224 1055 308 1082 non
339 1056 493 1095 segrei<
524 1049 563 1081 et
592 1041 816 1088 solitarius,
847 1043 921 1082 sed
951 1042 1122 1082 socialis
1151 1050 1191 1083 et
1220 1044 1273 1082 ad
1302 1044 1540 1084 convictum
1575 1059 1670 1085 cum
1706 1046 1799 1086 aliis

222 1121 247 1145 a
264 1113 413 1146 natura
430 1107 646 1147 ordinatus
663 1120 757 1147 esse
774 1107 977 1147 dicendus
994 1113 1068 1148 est.
1088 1109 1152 1148 Ad
1169 1122 1255 1149 rem
1273 1109 1418 1149 Victor
1435 1111 1603 1151 Cousin:
1624 1126 1642 1148 «
1664 1112 1799 1158 Quan-

220 1173 271 1212 do
303 1172 439 1213 dicitis
469 1173 682 1213 hominem
712 1181 864 1213 natura
892 1187 971 1213 sua
1001 1173 1201 1214 socialem
1231 1188 1314 1214 non
1345 1188 1465 1225 esse,
1496 1190 1572 1216 vos
1602 1177 1802 1229 hypothe-

221 1238 300 1278 sim
339 1238 547 1278 inducitis.
585 1241 641 1278 At
676 1251 884 1291 quaenam
924 1238 1180 1291 experientia
1210 1239 1328 1278 vobis
1366 1240 1436 1279 dat
1464 1240 1528 1280 ius
1563 1241 1801 1280 affirmandi

219 1305 430 1345 hominem
448 1305 501 1344 ad
520 1305 767 1344 societatem
784 1304 1010 1344 ineundam
1030 1305 1197 1345 minime
1215 1304 1325 1357 rapi?
1345 1306 1464 1346 Addo
1483 1307 1621 1347 etiam:
1639 1307 1801 1359 ecquod

218 1370 373 1410 sactum
394 1370 447 1408 ad
469 1370 713 1409 societatem
731 1369 959 1408 humanam
981 1369 1022 1408 in
1046 1369 1213 1408 dubium
1246 1371 1530 1410 revocandam
1551 1376 1801 1422 argumenta

221 1434 394 1486 praebet
411 1432 428 1472 ἶ)
458 1434 626 1481 Cavete,
636 1424 695 1473 ᾖε
711 1434 850 1481 homo,
869 1446 990 1486 quem
1006 1433 1048 1472 in
1066 1440 1176 1472 statu
1195 1434 1373 1473 naturali
1395 1435 1660 1483 constituitis,
1679 1441 1802 1475 ante-

216 1515 339 1553 quam
358 1500 529 1540 socialis
551 1501 761 1550 evaderet,
783 1514 866 1541 non
886 1514 1013 1540 verus
1028 1500 1153 1540 homo
1171 1500 1235 1548 sit,
1251 1501 1326 1540 sed
1342 1514 1417 1541 ens
1436 1500 1688 1553 cogitatione
1707 1515 1804 1542 con-

214 1570 371 1608 fictum.
405 1567 470 1604 An
502 1579 684 1618 unquam
714 1574 867 1605 natura
896 1566 1083 1605 humana
1112 1564 1236 1612 alibi,
1267 1579 1391 1618 quam
1420 1565 1462 1604 in
1492 1565 1719 1614 societate,
1751 1578 1797 1605 se

215 1635 415 1674 evolvens
435 1633 699 1684 deprehensa
719 1631 816 1673 est?
839 1631 1085 1672 Differentia
1105 1637 1351 1683 temporum,
1374 1632 1576 1679 locorum,
1599 1630 1796 1682 stipitum,

214 1699 454 1739 diversitate
485 1697 649 1750 quidem
679 1698 821 1749 aliqua
849 1696 1097 1749 principium
1123 1694 1368 1736 socialitatis
1399 1694 1553 1742 affecit,
1575 1694 1794 1746 eidemque

213 1765 370 1805 formas
399 1765 507 1804 inter
536 1776 581 1803 se
613 1763 900 1815 discrepantes
929 1761 1148 1815 impertiit:
1180 1761 1254 1801 sed
1283 1760 1529 1814 principium
1552 1759 1688 1811 ipsum
1721 1760 1798 1799 sub

212 1834 332 1872 hisce
362 1831 633 1871 varietatibus
662 1843 829 1882 semper
858 1843 985 1869 unum
1015 1829 1206 1881 idemque
1237 1828 1398 1880 viguit,
1429 1839 1660 1878 omnesque
1690 1839 1795 1866 con-

211 1899 362 1939 trarios
392 1904 570 1937 conatus
599 1895 839 1948 superavit,
870 1902 910 1936 et
940 1895 1158 1935 obstacula
1189 1893 1395 1943 edomuit,
1427 1893 1575 1946 quibus
1604 1893 1788 1945 impegit.

210 1964 253 2003 Si
282 1963 388 2003 sorte
420 1961 649 2009 obscurari,
681 1960 842 2013 quoties
872 1959 1147 1999 memoranda
1176 1958 1379 2011 quaedam
1410 1957 1624 1998 innovatio
1657 1958 1798 1998 conti—

210 2028 300 2081 git,
331 2041 381 2066 ac
413 2029 498 2066 sere
529 2025 716 2078 extingui
746 2024 788 2064 in
819 2023 1091 2064 dissolutione
1130 2023 1270 2074 aliqua
1298 2021 1487 2074 generali
1521 2021 1658 2062 visum
1693 2028 1756 2062 est
1780 2036 1789 2071 ;

211 2108 312 2134 mox
341 2093 488 2133 iterum
521 2091 723 2144 apparuit,
754 2104 865 2131 nova
894 2090 1060 2144 quidem
1089 2088 1278 2128 indutum
1315 2088 1459 2137 forma,
1482 2089 1556 2128 sed
1580 2089 1706 2141 longe
1728 2101 1795 2141 po-

211 2160 388 2199 tentiore
419 2172 469 2197 ac
499 2157 714 2197 sanctiore
744 2156 784 2196 vi
814 2155 1060 2209 praeditum.
1091 2154 1211 2201 Quod
1241 2167 1335 2193 curn
1365 2154 1423 2193 ita
1451 2153 1533 2202 sit,
1565 2153 1656 2206 quis
1689 2153 1791 2192 mihi

210 2227 276 2266 ius
306 2225 461 2265 adimet
481 2223 695 2271 inferendi,
717 2222 929 2262 hominem
951 2228 1102 2261 natura
1123 2235 1201 2261 sua
1223 2220 1423 2261 socialem
1450 2232 1545 2260 esse
1563 2218 1580 2258 2
1602 2220 1796 2268 Factum,

210 2295 319 2346 quod
349 2303 515 2344 semper
546 2296 585 2329 et
614 2289 764 2342 ubique
795 2288 1047 2341 producitur,
1083 2294 1305 2339 utcumque
1335 2286 1449 2326 vices
1480 2291 1691 2326 mutentur
1721 2286 1796 2325 hu-

209 2372 374 2406 manae,
407 2357 504 2410 quid
533 2356 643 2396 aliud
674 2355 858 2408 profecto
888 2354 976 2402 erit,
1008 2353 1087 2393 nisi
1109 2360 1285 2392 naturae
1307 2351 1406 2391 lex?
1427 2354 1493 2391 An
1522 2350 1641 2390 aliter
1661 2351 1792 2402 leges,

208 2437 313 2477 quae
335 2422 534 2462 mundum
556 2420 813 2460 materialem
835 2419 1082 2472 gubernant,
1103 2431 1129 2458 a
1151 2416 1345 2469 Physicis
1374 2415 1627 2467 colliguntur
1648 2414 1708 2464 (1)
1731 2411 1748 2452 {2
1773 2427 1791 2448 v»

262 2490 384 2529 Proh.
417 2490 467 2528 II.
485 2502 537 2528 ex
557 2486 735 2528 naturali
751 2485 932 2526 hominis
948 2483 1189 2536 indigentia.
1210 2484 1328 2531 Nam,
1347 2496 1442 2524 cum
1467 2482 1588 2522 bruta
1604 2480 1794 2520 animan-

206 2555 264 2597 tia
293 2554 375 2593 iam
408 2568 433 2592 a
462 2553 680 2592 nativitate
701 2549 934 2603 suscipiant
956 2562 1017 2598 ea,
1041 2561 1146 2601 quae
1180 2548 1232 2587 ad
1254 2560 1397 2587 eornm
1428 2543 1792 2585 conservationem

206 2630 246 2663 et
265 2621 432 2661 tutelam
452 2619 727 2672 requiruntur;
746 2618 872 2657 homo
890 2622 1039 2656 contra
1054 2615 1121 2655 his
1139 2614 1332 2654 omnibus
1354 2611 1573 2652 destitutus
1590 2610 1792 2659 nascitur,

206 2687 265 2726 ita
285 2691 329 2724 ut
349 2685 401 2724 ad
422 2684 492 2722 illa
512 2683 589 2723 sibi
612 2681 898 2735 comparanda
921 2679 1095 2720 rationis
1127 2692 1206 2718 usu
1227 2684 1349 2730 atque
1368 2676 1543 2716 aliorum
1574 2674 1791 2714 hominurn

207 2751 363 2791 auxilio
394 2756 529 2802 egeat.
555 2750 683 2801 Ergo,
705 2754 749 2788 ut
777 2747 831 2787 ad
853 2746 1026 2787 rationis
1058 2744 1352 2792 evolutionem,
1373 2742 1435 2782 sic
1460 2741 1514 2781 ad
1543 2740 1789 2782 societatem

251 2891 301 2932 (1)
329 2890 446 2923 Cours
466 2888 587 2922 d’hist.
616 2888 660 2921 de
678 2887 813 2931 philos.
839 2898 927 2921 mor.
952 2897 983 2929 p.
1009 2888 1030 2919 I.
1055 2886 1134 2919 lect.
1159 2886 1215 2919 VI.
