1970 3203
617 237 753 264 CAPUT
781 238 806 264 1.
838 238 889 265 DE
920 239 1150 267 socmTATE
1179 241 1417 270 DOMEsrioA
1724 234 1801 274 195

238 314 393 353 idcirco
414 313 573 362 colitur,
603 320 647 354 ut
676 314 912 366 nuptiarum
933 327 1064 355 onera
1094 316 1304 369 fugiantur
1333 324 1373 359 et
1400 319 1569 360 liberius
1589 320 1800 372 cupiditati

230 378 350 417 frena
370 379 573 417 laxentur.
597 379 656 418 Eo
678 379 779 417 nihil
801 379 982 419 deterius
998 387 1060 419 est
1081 388 1152 420 aut
1172 382 1469 424 detestabilius.
1491 385 1612 424 Vires
1633 385 1742 424 enim
1759 400 1799 425 a-

229 442 330 481 nimi
350 449 390 482 et
418 443 607 496 corporis
636 451 821 491 enervat,
843 451 1018 484 naturae
1039 446 1225 485 ordinem
1246 449 1513 499 pessumdat,
1543 450 1597 489 ad
1627 464 1793 491 omnem

227 507 437 547 licentiam
470 515 508 548 et
537 509 730 549 vitiorum
761 522 937 549 coenum
967 510 1178 562 pertrahit,
1196 512 1445 554 familiarum
1477 528 1621 567 pacem
1654 517 1798 557 dissol-

225 573 305 621 vit,
341 574 500 626 ipsique
530 575 818 627 propagationi
848 575 1063 615 hominum
1092 577 1350 620 adversatur.
1380 581 1517 627 Quare
1559 595 1643 622 non
1672 583 1794 622 modo

228 640 492 680 execrandus
509 646 583 688 est,
602 640 675 681 sed
692 640 816 679 etiam
833 639 944 679 omni
963 646 1116 680 conatu
1131 641 1183 680 ab
1201 642 1413 682 hominum
1434 646 1634 687 societate
1651 647 1795 688 exstir-

227 704 400 755 pandus.

281 770 373 808 Hoc
393 769 520 821 igitur
541 770 714 809 excluso
745 770 795 809 de
816 770 1020 810 caelibatu
1036 771 1252 823 loquimur,
1271 773 1339 825 qui
1361 773 1522 814 virtutis
1542 789 1684 816 amore
1701 790 1792 817 ser-

224 840 354 882 vatur,
377 839 420 872 ut
442 846 590 885 nempe
611 834 736 873 homo
759 847 804 874 se
825 834 964 874 divino
986 835 1112 873 cultui
1133 835 1297 887 penitus
1318 837 1496 886 addicat,
1518 845 1557 878 et
1577 839 1696 880 bonis
1717 841 1795 894 spi-

220 898 437 938 ritualibus
453 899 575 938 unice
596 900 901 940 consectandis.
919 901 988 940 Sic
1009 907 1208 953 acceptus
1228 903 1458 943 caelibatus
1487 918 1571 944 non
1593 907 1727 946 solum
1751 908 1795 947 li-

221 964 328 1003 citus
345 973 408 1003 est
427 970 468 1004 et
483 965 696 1012 honestus,
711 965 784 1004 sed
800 965 923 1005 etiam
940 979 1039 1018 prae
1057 967 1320 1007 matrimonio
1337 971 1707 1012 commendandus.
1726 973 1789 1011 Li-

221 1028 327 1068 citus
357 1028 541 1080 profecto
572 1034 645 1077 est;
678 1028 879 1081 siquidem
909 1031 1024 1069 nulla
1054 1030 1252 1082 obligatio
1274 1032 1509 1084 nuptiarum
1539 1048 1787 1088 quemquam

218 1092 451 1144 adstringit,
469 1093 712 1144 praesertim
733 1106 887 1144 genere
905 1094 1091 1132 ‘humano
1112 1094 1215 1134 satis
1237 1101 1480 1147 propagata.
1499 1098 1550 1136 Et
1566 1097 1663 1137 licet
1683 1112 1788 1138 con-

215 1157 374 1209 iugium
394 1171 478 1197 una
508 1172 602 1198 cum
620 1158 816 1198 oneribus
837 1159 1059 1199 commoda
1079 1159 1202 1198 etiam
1224 1161 1441 1212 complura
1461 1163 1621 1211 afferam
1643 1163 1709 1203 his
1729 1171 1785 1204 ta-

215 1234 312 1260 men
343 1222 577 1262 valedicere
599 1223 722 1262 homo
739 1230 887 1274 potest,
905 1236 998 1262 cum
1020 1223 1060 1261 in
1081 1223 1162 1262 hoc
1178 1223 1369 1264 iniuriam
1387 1225 1541 1264 nemini
1558 1226 1695 1274 saciat,
1714 1229 1788 1268 sed

212 1285 335 1325 unice
355 1292 492 1325 utatur
509 1286 599 1324 iure
616 1298 704 1334 suo,
722 1286 858 1338 quoad
876 1285 1079 1337 privatam
1092 1299 1194 1326 suae
1209 1286 1318 1326 vitae
1336 1287 1786 1339 dispositionem.Quod

210 1348 247 1386 si
269 1349 556 1388 consideretur
577 1362 720 1396 causa,
741 1362 847 1401 quae
869 1349 921 1388 ad
943 1350 1145 1389 eiusmodi
1180 1351 1431 1392 caelibatum
1453 1352 1635 1404 impellit,
1659 1356 1786 1394 multo

213 1411 463 1450 luculentius
493 1412 648 1451 veritas
670 1413 883 1463 praedicta
913 1412 1098 1453 clarebit.
1129 1414 1247 1453 Haec
1277 1415 1387 1454 enim
1409 1429 1542 1456 causa
1570 1416 1612 1455 in
1634 1417 1783 1458 virtute

213 1477 348 1527 posita
368 1484 442 1525 est,
465 1477 530 1516 cui
552 1484 595 1517 ut
615 1478 735 1517 unice
755 1491 801 1517 se
822 1478 946 1517 homo
968 1478 1101 1527 dedat,
1124 1493 1149 1518 a
1170 1480 1323 1531 nuptiis
1343 1481 1537 1522 abstinet.
1561 1483 1665 1529 Quis
1687 1497 1786 1524 vero

213 1542 291 1582 erit
311 1542 417 1581 adeo
438 1543 605 1591 effrons,
623 1549 667 1582 ut
683 1543 840 1582 homini
861 1543 1101 1582 facultatem
1121 1551 1245 1596 neget
1261 1558 1318 1594 se,
1336 1553 1536 1598 quantum
1554 1547 1679 1600 cupit,
1696 1562 1784 1600 per-

208 1607 378 1646 ficiendi
400 1613 439 1646 et
460 1607 502 1646 in
524 1608 614 1646 sola
636 1608 784 1647 virtute
816 1608 991 1648 colenda
1011 1610 1285 1662 augendaque
1315 1624 1484 1663 operam
1514 1614 1783 1654 collocandi?

213 1672 300 1711 Nec
321 1684 417 1711 vero
439 1672 783 1724 qualemcumque
800 1671 1095 1722 perfectionem
1112 1672 1179 1711 hic
1197 1679 1331 1713 status
1352 1676 1487 1723 affert,
1504 1676 1577 1715 sed
1597 1678 1723 1717 talem
1744 1686 1787 1718 ut

212 1736 484 1777 excellentior
514 1738 627 1776 nulla
657 1737 887 1789 excogitari
918 1737 1060 1789 possit.
1092 1738 1155 1777 Ea
1185 1739 1293 1777 enim
1324 1740 1466 1789 homo,
1499 1742 1575 1781 etsi
1607 1756 1780 1795 corpore

213 1803 439 1850 coalescat,
461 1802 631 1854 perinde
652 1815 697 1842 se
717 1802 836 1854 gerit,
854 1816 905 1842 ac
926 1802 961 1841 si
990 1803 1079 1842 solo
1101 1810 1312 1844 constaret
1333 1805 1479 1857 spiritu
1499 1813 1537 1846 et
1559 1814 1779 1859 separatas

210 1868 511 1920 intelligentias
541 1868 838 1920 aequipararet.
871 1869 1013 1921 Neque
1042 1868 1082 1907 id
1111 1871 1361 1910 necessitate
1395 1878 1581 1920 naturae,
1612 1874 1686 1913 sed
1715 1887 1783 1914 vo-

205 1933 377 1973 luntatis
410 1933 594 1984 imperio;
618 1947 696 1986 quo
718 1947 915 1973 sensuum
937 1934 1314 1986 perturbationibus
1343 1936 1544 1985 subactis,
1565 1952 1662 1989 pars
1683 1953 1787 1979 sen-

208 1999 300 2039 silis
330 2013 356 2038 a
375 1999 569 2038 rationali
590 1999 894 2051 quodammodo
914 2000 1202 2040 absorbeatur.
1234 2001 1371 2047 Quare
1392 2001 1439 2050 is,
1464 2003 1530 2054 qui
1560 2005 1640 2044 hoc
1661 2005 1783 2045 modo

212 2072 276 2104 est
298 2065 475 2113 caelebs,
496 2065 584 2104 iure
601 2064 829 2117 meritoque
850 2066 1077 2104 humanam
1099 2065 1377 2106 conditionem
1394 2069 1599 2109 excedere
1616 2070 1777 2110 dicitur.

204 2129 347 2168 Tanto
371 2128 481 2168 enim
511 2128 659 2168 robore
690 2141 735 2167 se
765 2128 1031 2167 obfirmatum
1052 2128 1243 2177 ostendit,
1266 2136 1310 2168 ut
1340 2131 1416 2170 sibi
1438 2133 1558 2184 plene
1587 2134 1780 2182 sufficiat,

208 2191 307 2242 quin
337 2191 525 2232 muliebri
555 2191 709 2231 auxilio
739 2192 926 2240 levetur;
962 2197 1079 2231 tanta
1114 2199 1251 2232 autem
1289 2195 1439 2235 mentis
1469 2198 1778 2250 affectuumque

208 2254 424 2294 altitudine
455 2268 581 2306 supra
610 2256 827 2307 vulgarem
858 2255 1200 2296 consuetudinem
1230 2258 1445 2307 evehitur,
1475 2266 1517 2299 ut
1547 2261 1779 2313 sapientiae

206 2331 452 2371 summoque
476 2320 596 2369 bono,
618 2320 827 2360 connubio
848 2320 974 2361 veluti
996 2321 1179 2371 caelesti,
1208 2324 1500 2373 adhaerescat,
1517 2340 1567 2366 ac
1597 2327 1778 2368 familiae

205 2398 308 2424 cura
338 2385 536 2425 liberatus
565 2399 610 2425 se
641 2393 769 2426 totum
799 2387 852 2426 ad
898 2388 1184 2427 exornandum
1213 2389 1398 2429 animum
1430 2391 1704 2446 virtutemque
1733 2395 1776 2434 in

206 2462 252 2488 se
282 2454 404 2501 atque
432 2449 474 2488 in
504 2450 600 2489 aliis
629 2450 954 2501 promovendam
985 2451 1176 2503 applicet.

258 2514 375 2560 Quod
406 2527 499 2553 cum
529 2514 587 2553 ita
615 2515 679 2562 sit,
708 2514 863 2553 nemini
891 2514 1040 2553 mirum
1071 2515 1201 2554 videri
1233 2517 1363 2565 debet,
1400 2517 1435 2557 si
1464 2518 1667 2561 eiusmodi
1687 2535 1777 2562 cae-

196 2578 369 2618 libatum
400 2592 565 2618 summa
587 2578 859 2620 veneratione
879 2592 1044 2631 semper
1072 2580 1287 2632 sapientes
1321 2595 1467 2624 omnes
1496 2587 1780 2638 suspexerint,

194 2644 458 2697 maximeque
479 2645 700 2684 laudarint.
715 2644 833 2691 Quod
849 2644 884 2684 si
901 2644 1088 2684 nonnulli
1105 2645 1382 2698 inveniuntur,
1400 2650 1466 2702 qui
1484 2656 1567 2691 tam
1595 2653 1778 2692 sublime

198 2708 308 2748 vitae
323 2722 456 2761 genus
477 2716 730 2761 oppugnant,
749 2708 793 2747 hi
810 2709 875 2748 vel
892 2721 1015 2748 veras
1033 2708 1121 2749 eius
1138 2710 1322 2751 rationes
1339 2725 1421 2752 non
1442 2714 1691 2767 intelligunt,
1704 2716 1770 2755 vel

197 2785 252 2812 ex
272 2786 413 2813 eorum
433 2788 562 2826 grege
583 2782 691 2823 sunt,
707 2773 774 2827 qui
790 2781 954 2826 praeter
969 2786 1140 2814 sensum
1161 2775 1263 2814 nihil
1284 2777 1462 2829 sapiunt,
1483 2794 1560 2819 nec
1583 2781 1665 2821 nisi
1685 2781 1768 2820 ani-

194 2836 250 2874 mi
278 2837 530 2887 procacitate
561 2839 728 2890 pollent.
760 2839 863 2878 Cum
894 2838 1002 2877 enim
1032 2842 1117 2877 tam
1148 2840 1317 2881 excelso
1348 2842 1501 2891 animo,
1532 2850 1576 2882 ut
1611 2849 1764 2885 statum

194 2902 306 2940 hun'c
336 2910 572 2952 sequantur,
604 2917 649 2943 se
679 2903 848 2943 minime
869 2911 1040 2943 ornatos
1071 2904 1300 2954 consciam,
1330 2914 1369 2946 et
1400 2909 1563 2948 abiecta
1583 2910 1764 2961 quadam
