1970 3203
222 200 304 242 100
903 203 1125 232 ΕΤΗῙΟΑ

223 291 350 331 finem
367 286 556 327 ultimum
576 282 917 335 consequendum
934 279 1181 320 necessaria
1194 279 1364 320 omnino
1381 284 1479 319 sunt
1497 285 1570 320 aut
1581 278 1804 319 contraria.

224 353 440 395 Fundatur
459 352 500 391 in
520 348 706 390 essentia
723 347 876 396 divina;
894 346 1004 399 quia,
1028 351 1071 384 ut
1087 358 1213 397 saepe
1231 345 1329 393 dixi,
1347 357 1487 384 rerum
1505 350 1680 385 naturae
1693 350 1733 384 et
1748 358 1808 385 re-

227 417 418 465 lationes,
436 429 489 455 ex
506 414 556 453 iis
575 416 853 465 emergentes,
872 424 898 450 a
916 410 1058 450 divina
1075 409 1280 461 sapientia
1302 409 1524 458 dictantur,
1546 410 1731 449 divinam
1749 423 1809 450 es-

227 482 407 524 sentiam
429 478 749 530 contemplante.
782 476 902 515 Haec
924 474 1054 522 enim,
1078 473 1427 526 quemadmodum
1447 473 1489 513 in
1512 473 1811 526 Metaphysica

228 546 549 602 explicavimus,
573 543 789 595 exemplar
821 553 1062 593 supremum
1084 546 1148 579 est
1168 552 1305 578 rerum
1328 539 1513 579 omnium
1534 540 1810 593 possibilium.

230 615 371 661 Quare
382 613 451 653 lex
469 609 675 652 naturalis
686 609 744 649 ita
754 614 946 648 naturam
965 607 1192 645 humanam
1206 606 1489 659 consequitur,
1502 612 1545 646 ut
1556 607 1608 646 ab
1623 620 1674 647 ea
1690 607 1816 647 avelli

231 691 315 718 non
332 676 478 730 possit,
496 687 628 727 eaque
645 679 840 713 exstante
856 677 1036 723 nequeat
1056 683 1140 709 non
1157 676 1327 710 exstare
1349 675 1420 710 aut
1439 670 1561 711 aliter
1576 685 1622 712 se
1642 672 1813 712 habere.

287 741 408 789 Quod
439 740 473 780 si
495 740 563 779 lex
592 736 798 778 naturalis
828 749 924 775 cum
944 734 1137 774 rationali
1167 740 1320 775 natura
1349 734 1593 775 necessario
1616 736 1814 784 nectitur,

235 807 490 849 universalis
508 806 632 846 etiam
656 803 709 844 sit
729 808 902 855 oportet.
925 801 1203 848 Universalis‚
1224 801 1405 854 inquam,
1427 815 1511 842 non
1528 803 1651 843 modo
1671 807 1818 855 quate-

236 886 319 913 nus
339 872 581 912 universum
604 868 819 908 hominum
850 879 984 918 genus
1005 865 1263 918 adstringat;
1294 879 1438 906 verum
1459 866 1582 906 etiam
1605 874 1813 919 quatenus

238 936 432 977 omnibus
453 933 693 974 hominibus
722 932 976 979 innotescat,
998 929 1174 969 rationis
1204 944 1282 970 usu
1302 930 1546 971 fruentibus.
1578 932 1712 971 Secus
1733 945 1813 971 na-

239 1008 335 1042 tura
356 1000 553 1040 deficeret
572 998 614 1036 in
631 1010 688 1046 re,
706 1010 732 1036 a
751 997 834 1035 fine
851 1000 891 1035 et
912 994 1097 1034 essentia
1114 994 1207 1045 ipsa
1223 994 1400 1035 subiecti
1415 995 1658 1035 necessario
1674 995 1816 1048 requi-

238 1067 332 1116 sita,
353 1079 404 1106 ac
426 1067 540 1105 Deus
562 1077 646 1103 non
663 1069 776 1102 esset
796 1060 994 1114 providus
1014 1061 1269 1112 gubernator
1287 1061 1456 1113 generis
1476 1061 1659 1101 humani.
1684 1063 1817 1102 Prae-

239 1140 362 1187 cepta
384 1132 493 1173 enim
515 1130 622 1183 legis
642 1136 830 1177 naturae,
847 1141 942 1168 cum
959 1127 1086 1166 vitam
1107 1134 1146 1167 et
1167 1141 1306 1168 mores
1326 1127 1565 1180 respiciant,
1588 1129 1726 1181 magis
1747 1130 1819 1169 ho-

238 1200 339 1240 mini
361 1197 607 1239 necessaria
627 1202 738 1244 sunt,
768 1208 893 1248 quam
912 1193 1118 1247 principia
1138 1195 1418 1246 speculativa;
1447 1208 1527 1235 nec
1549 1195 1697 1235 deesse
1722 1209 1825 1248 pos-

239 1272 350 1313 sunt,
373 1264 471 1317 quin
491 1264 618 1303 homo
639 1262 722 1301 fine
743 1260 974 1306 frustretur,
996 1258 1047 1298 ob
1069 1271 1192 1311 quem
1208 1259 1403 1300 conditus
1423 1272 1449 1298 a
1470 1260 1559 1299 Deo
1591 1266 1665 1299 est.

297 1330 518 1373 Obiectiva
540 1341 637 1369 vero
660 1327 749 1367 eius
769 1325 998 1366 aeternitas
1018 1324 1113 1364 inde
1134 1324 1354 1377 colligitur,
1377 1326 1499 1378 quod,
1523 1332 1565 1365 ut
1584 1339 1713 1379 supra
1736 1339 1818 1366 ex-

240 1397 440 1451 plicatum
461 1401 535 1442 est,
565 1394 636 1433 lex
656 1390 858 1432 naturalis
878 1389 931 1430 sit
960 1389 1073 1428 velut
1092 1388 1232 1441 imago
1254 1397 1295 1429 et
1315 1389 1577 1442 participatio
1608 1390 1819 1443 quaedam

239 1461 348 1514 legis
371 1466 582 1500 aeternae.
602 1456 784 1497 Proinde
806 1454 965 1502 eadem,
986 1460 1112 1506 atque
1132 1453 1214 1502 illa,
1236 1454 1362 1494 refert
1381 1461 1618 1507 praecepta;
1636 1468 1744 1507 quae
1764 1455 1824 1495 id-

245 1527 360 1566 circo
381 1525 423 1563 in
445 1537 490 1564 se
513 1527 703 1575 spectata
725 1525 898 1560 aeterna
914 1523 1021 1566 sunt,
1044 1531 1139 1556 cum
1156 1531 1239 1557 non
1260 1518 1345 1558 alia
1361 1519 1580 1559 duratione
1601 1526 1827 1567 metentur,

247 1590 329 1631 nisi
350 1602 433 1642 qua
454 1589 568 1628 Deus
587 1586 755 1639 gaudet.
786 1585 901 1623 Deus
921 1588 1059 1622 autem
1088 1581 1336 1622 aeternitate
1356 1582 1517 1631 fruitur,
1550 1595 1629 1622 nec
1650 1583 1826 1623 novitati

251 1661 323 1696 aut
343 1652 563 1694 mutationi
584 1651 787 1692 subiacet.

302 1723 390 1763 102.
423 1721 681 1759 Pnoposrmo
712 1718 770 1755 2²².
800 1715 1155 1754 Fundamentum
1186 1714 1291 1767 leyis
1322 1715 1542 1754 naturalis
1574 1714 1617 1753 in
1638 1714 1830 1754 dominio

251 1787 491 1841 reponitur,
521 1783 636 1837 quod
664 1783 755 1822 Deo
782 1780 993 1833 competit,
1018 1782 1238 1833 tamquam
1259 1793 1486 1833 supremae
1503 1793 1660 1820 causae
1689 1784 1730 1820 et
1749 1794 1833 1820 αα-

252 1850 364 1892 ctori
393 1852 592 1889 naturae.

308 1918 432 1959 Prob.
466 1915 644 1956 Nomine
666 1912 922 1953 fundamenti
943 1912 1049 1964 legis
1068 1912 1273 1952 naturalis
1301 1926 1386 1953 non
1407 1912 1519 1952 aliud
1547 1911 1835 1962 intelligimus,

254 1983 337 2024 nisi
357 1982 534 2029 titulum,
552 1993 605 2019 ex
627 1991 707 2031 quo
737 1978 804 2017 ius
825 1976 1001 2029 emergit
1029 1976 1071 2015 in
1092 1977 1180 2016 Deo
1201 1977 1314 2016 illam
1344 1977 1584 2017 hominibus
1615 1975 1836 2029 praescri--

256 2045 392 2088 bendi.
406 2045 498 2084 Hoc
519 2043 668 2096 posito,
691 2041 823 2082 thesis
844 2041 1061 2081 enuntiata
1080 2040 1277 2081 facillime
1297 2047 1422 2095 patet.
1441 2043 1549 2082 Nam
1570 2041 1676 2092 legis
1695 2039 1837 2092 impo-

255 2113 350 2154 sitio
371 2116 436 2151 est
456 2110 702 2150 exercitium
721 2108 929 2162 quoddam
950 2106 1225 2156 auctoritatis;
1247 2108 1476 2149 auctoritas
1497 2120 1610 2155 vero,
1632 2109 1758 2160 (quae
1781 2107 1838 2147 ab

260 2184 433 2221 auctore
455 2176 671 2215 nominata
692 2176 772 2226 est)
805 2173 944 2227 nequit
980 2186 1063 2212 non
1085 2181 1320 2226 competere
1340 2174 1410 2223 illi,
1431 2174 1498 2227 qui
1520 2186 1652 2213 causa
1673 2180 1736 2213 est
1757 2173 1834 2223 rei,

257 2249 452 2296 respectu
474 2240 594 2280 cuius
615 2239 918 2280 consideratur.
940 2239 1166 2278 Praeterea
1185 2247 1331 2278 auctor
1351 2239 1423 2286 rei,
1437 2238 1630 2278 dominus
1646 2238 1834 2278 eiusdem

259 2317 326 2352 est
346 2323 397 2349 ac
418 2307 621 2361 provisor.
653 2305 764 2344 Hinc
784 2304 899 2344 illam
920 2304 973 2343 ad
994 2305 1119 2344 finem
1142 2303 1348 2353 ordinare,
1380 2310 1419 2345 et
1437 2304 1556 2344 iuxta
1576 2304 1835 2356 exigentiam

260 2382 439 2417 naturae
460 2370 668 2412 moderari
690 2376 827 2423 potest
847 2384 898 2410 ac
921 2370 1114 2422 dirigere.

316 2442 404 2482 103.
436 2443 694 2480 Paoposrrlo
717 2438 774 2477 3³.
805 2437 892 2476 Lex
924 2437 1143 2476 naturalis
1158 2436 1501 2489 fundamentum
1531 2442 1593 2476 est
1632 2437 1736 2490 leyis
1762 2450 1843 2489 po-

262 2508 429 2548 sitivae.
723 2511 724 2514 ’

316 2572 438 2614 Prob.
475 2573 580 2611 Nam
601 2570 670 2609 lex
691 2567 875 2621 positiva
905 2581 956 2608 ex
976 2568 1070 2620 lego
1101 2567 1281 2607 naturali
1311 2568 1395 2607 vim
1417 2567 1629 2620 obligandi
1651 2567 1847 2616 desumit,

262 2653 343 2681 nec
365 2639 402 2679 ei
424 2636 712 2677 contradicere
744 2648 928 2687 unquam
949 2640 1095 2686 potest,
1127 2633 1225 2686 quin
1246 2635 1328 2674 hoc
1348 2634 1439 2687 ipso
1461 2634 1572 2673 omni
1589 2635 1737 2674 robore
1768 2633 1844 2674 de—

267 2707 474 2747 stituatur.
489 2705 621 2742 Immo
638 2714 795 2753 magna
816 2714 869 2740 ex
887 2707 1003 2752 parte
1025 2701 1142 2752 leges
1158 2699 1363 2751 positivae
1383 2699 1495 2739 aliud
1521 2712 1603 2738 non
1625 2699 1847 2752 suntquid-

269 2785 408 2825 quam,
425 2768 505 2808 nisi
522 2766 755 2819 peculiares
777 2765 1080 2818 applicationes
1098 2771 1137 2804 et
1155 2764 1522 2804 determinationes
1542 2764 1648 2816 legis
1670 2772 1848 2804 natura-

271 2838 336 2886 lis,
366 2848 439 2889 pro
461 2835 660 2879 locorum,
683 2836 914 2883 temporum
935 2844 986 2870 ac
1009 2843 1283 2882 personarum
1305 2829 1520 2882 exigentia
1540 2831 1605 2869 vel
1627 2830 1812 2871 utilitate.

321 2906 467 2956 Itaque
484 2897 953 2952 sapienterTullius‚has
964 2910 1109 2937 omnes
1119 2896 1391 2949 proprietates
1407 2897 1512 2950 legis
1525 2897 1726 2938 naturalis
1740 2910 1849 2937 com-
