1970 3203
455 237 590 264 CAPUT
619 238 657 264 n.
692 237 744 263 DE
774 238 944 266 orricns
974 238 1143 266 H0M1N1s
1172 238 1287 266 ERGA
1316 239 1432 266 DEUM
1647 226 1725 266 137

168 332 260 360 esse
281 318 451 358 asserit:
475 317 590 370 Opus
612 317 896 358 intellectuale
915 319 1144 357 dumtaxat
1160 318 1452 370 &spirituale
1469 317 1585 369 qaod
1603 317 1730 357 absti-

168 397 266 424 nere
296 397 339 423 se
361 383 479 422 debet
497 397 523 422 a.
543 384 636 423 Deo
657 384 832 436 eiusque
853 384 1069 424 attributis
1093 385 1466 437 repraesentandis
1485 385 1621 437 signis
1640 396 1729 424 sen-

159 447 362 497 sibilibus;
388 448 485 487 licet
495 461 580 500 pro
602 448 846 488 adiumento
878 448 1018 488 accire
1038 448 1178 500 possit
1210 449 1443 488 nonnullas
1472 450 1598 495 artes,
1617 450 1723 500 puta

160 514 331 552 cantum
354 515 433 551 aut
460 513 678 560 musicam,
706 512 857 564 quibus
888 513 1039 552 melias
1069 512 1367 564 eoepr’imantar
1387 524 1533 551 sensus
1566 511 1729 550 inter-ni

160 576 199 615 et
230 574 359 623 ideae,
391 588 499 627 quas
519 575 568 614 cle
589 576 758 628 infinito
781 578 916 615 mente
934 575 1161 626 ayttamus;
1184 576 1302 627 quasi
1322 576 1362 614 id
1383 575 1490 628 quod
1509 579 1723 626 praestant

161 638 265 686 soni,
297 639 364 690 qui
395 646 508 680 certe
538 639 660 692 signa
680 640 894 680 sensibilia
913 646 1020 686 sunt,
1044 645 1258 690 praestare
1279 646 1458 691 nequeat
1476 639 1637 689 pictura
1657 638 1724 677 vel

161 703 390 754 sculptura3
421 711 493 744 aut
521 703 804 756 intelligentia,
836 711 880 744 ut
910 704 963 742 ad
993 704 1125 743 Deum
1156 702 1408 754 cogitatione
1429 708 1469 741 et
1507 701 1726 741 affectibus

163 772 370 819 assurgat,
393 768 533 807 auditu
555 768 688 808 iuvari
705 769 846 821 possit,
870 768 1003 808 oculis
1025 780 1122 806 vero
1143 779 1227 805 non
1244 766 1387 818 possit.
1411 765 1491 804 Sed
1522 763 1728 803 rationali-

161 840 318 874 starum
330 848 422 875 sors
431 836 537 886 (Deo
552 835 612 876 sic
625 835 812 888 superbis
824 833 1129 876 resistenteiest
1142 831 1377 871 absurditas
1386 837 1425 871 et
1436 828 1722 870 contradictio.

717 965 1170 1005 PROPOSITIONES

213 1095 274 1133 35.
307 1095 568 1134 PRoposn-io
598 1093 656 1133 1²².
687 1094 779 1133 Deo
818 1094 979 1133 debitus
1022 1097 1084 1133 est
1120 1094 1214 1133 iar-e
1254 1096 1437 1132 naturae
1465 1092 1604 1130 cultus
1639 1102 1724 1129 non

161 1160 282 1198 modo
316 1160 523 1208 internus,
557 1173 702 1199 uerum
733 1161 861 1200 ettam
891 1163 1106 1200 externus.

210 1224 334 1264 Prob.
366 1225 552 1265 Naturae
582 1225 648 1264 lex
669 1238 752 1264 non
773 1224 932 1276 spiritui
957 1224 1134 1272 cuidam,
1156 1237 1328 1276 corpore
1358 1222 1528 1275 experti,
1551 1222 1624 1262 sed
1652 1221 1724 1261 ho-

160 1287 258 1326 mini
288 1288 490 1340 praecipit
519 1295 561 1327 ut
591 1289 679 1329 suis
714 1289 876 1330 actibus
916 1288 1096 1328 debitum
1127 1289 1215 1327 Deo
1246 1293 1429 1339 praestet
1469 1285 1723 1337 obsequium.

162 1351 298 1391 Homo
321 1359 458 1391 autem
477 1352 615 1392 animo
637 1359 676 1392 et
692 1365 866 1404 corpore
883 1357 1060 1399 constat,
1079 1360 1118 1390 et
1134 1352 1345 1403 utriusque
1363 1351 1404 1389 in
1421 1349 1629 1401 operando
1650 1348 1724 1387 uti-

161 1421 227 1453 tur
247 1415 489 1455 ministerio.
515 1416 557 1455 Si
578 1416 704 1468 igitur
725 1415 919 1455 humanis
944 1414 1253 1467 operationibus
1275 1416 1407 1454 Deum
1430 1414 1566 1452 colere
1588 1418 1627 1451 et
1648 1424 1723 1451 ve-

161 1481 300 1521 nerari
320 1481 530 1529 debemus,
546 1482 730 1533 profecto
748 1482 910 1520 actibus
930 1482 1103 1521 internis
1124 1480 1285 1521 externi
1314 1480 1438 1520 etiam
1468 1479 1722 1530 adiungendi

158 1557 266 1595 sunt,
289 1555 333 1588 ut
353 1548 413 1587 sic
430 1549 566 1596 homo,
585 1553 693 1587 totus
713 1553 971 1600 quantusque
984 1553 1056 1595 est,
1070 1547 1333 1586 Deolaudem
1350 1553 1390 1586 et
1405 1545 1718 1585 venerationem

160 1613 368 1653 exhibeat.
385 1614 519 1665 Atque
540 1614 646 1653 haec
661 1614 869 1653 interioris
891 1627 984 1652 cum
1006 1613 1212 1653 exteriore
1229 1612 1467 1664 operatione
1485 1610 1723 1650 coniunctio

160 1678 264 1717 adeo
285 1684 571 1717 consentanea
592 1685 631 1717 et
651 1678 894 1717 necessaria
928 1677 1084 1715 homini
1115 1683 1189 1725 est;
1212 1682 1254 1714 ut
1283 1689 1387 1722 eam,
1416 1674 1579 1714 etiamsi
1609 1674 1721 1722 velit,

156 1750 335 1796 nequeat
355 1743 544 1783 scindere
568 1756 619 1782 ac
648 1743 877 1795 repudiare.
910 1744 1070 1783 Invitus
1099 1743 1210 1782 enim
1241 1748 1280 1782 et
1308 1742 1481 1787 inscius,
1503 1741 1597 1779 dum
1624 1741 1725 1780 inte-

159 1806 292 1847 riores
320 1812 440 1847 actus
471 1813 648 1854 exercet,
679 1807 721 1846 in
751 1813 951 1847 externos
972 1807 1095 1846 etiam
1116 1806 1355 1858 prorumpit,
1378 1806 1445 1858 qui
1467 1804 1721 1857 operationis

159 1870 348 1910 internae
378 1871 461 1910 sint
490 1870 614 1910 veluti
644 1872 994 1922 complementum
1025 1877 1064 1910 et
1092 1870 1228 1909 index.
1261 1870 1370 1908 Hinc
1400 1875 1466 1908 est
1499 1876 1540 1908 ut
1561 1867 1722 1907 externi

159 1934 295 1973 cultus
316 1933 516 1973 exhibitio
537 1934 691 1973 sactum
720 1935 915 1986 generale
937 1934 989 1973 sit
1008 1940 1048 1973 et
1067 1939 1266 1972 constans
1286 1932 1392 1971 inter
1408 1932 1610 1970 homines:
1633 1931 1722 1969 nul-

157 1999 280 2050 laque
300 1997 352 2036 sit
371 2011 476 2049 gens
498 1998 588 2038 sive
607 1999 718 2037 culta
737 1998 827 2038 sive
849 1998 1039 2045 barbara,
1060 2010 1165 2048 quae
1195 1995 1417 2035 sensilibus
1448 1995 1571 2034 etiam
1590 1993 1723 2045 signis

159 2061 399 2113 obsequium
429 2074 550 2100 suum
582 2075 685 2114 erga
714 2062 846 2101 Deum
876 2075 959 2100 non
990 2060 1206 2112 exprimat.

211 2128 450 2174 Praeterea,
466 2127 592 2167 homo
613 2127 773 2179 accepit
789 2141 814 2165 a
831 2128 918 2166 Deo
939 2140 1021 2166 non
1043 2127 1165 2166 modo
1187 2126 1382 2173 animum,
1400 2125 1474 2164 sed
1490 2124 1615 2164 etiam
1637 2137 1726 2164 cor-

158 2205 246 2243 pus.
265 2193 376 2244 Ergo
393 2198 512 2232 actus
533 2192 756 2245 utriusque,
774 2192 895 2232 modo
913 2198 1208 2240 consentaneo,
1227 2191 1425 2231 exhibere
1447 2197 1486 2230 et
1503 2190 1718 2242 utriusque

157 2257 378 2298 facultates
393 2257 597 2297 subiicere
614 2259 700 2297 Deo
718 2258 849 2308 debet,
866 2266 907 2297 ut
924 2265 1052 2297 totum
1068 2258 1120 2305 id,
1134 2271 1212 2310 quo
1234 2263 1410 2304 constat,
1427 2257 1589 2296 divinae
1607 2269 1722 2294 man-

156 2320 264 2370 cipet
294 2320 490 2359 servituti.
520 2321 583 2360 Ac
612 2321 708 2361 licet
737 2328 854 2361 actus
884 2322 1081 2373 corporis,
1111 2335 1182 2373 per
1211 2335 1256 2362 se
1286 2322 1473 2373 spectati,
1503 2319 1647 2360 referri
1677 2319 1721 2358 in

155 2386 288 2425 Deum
305 2398 388 2424 non
404 2385 576 2437 possint;
594 2393 767 2438 possunt
783 2394 922 2427 tamen
936 2388 973 2426 vi
990 2393 1158 2426 actuum
1175 2387 1315 2434 animi,
1334 2387 1479 2438 quibus
1495 2385 1721 2425 informan-

153 2455 230 2488 tur.
249 2449 388 2495 Quare
407 2449 484 2489 etsi
501 2463 583 2488 non
600 2450 821 2501 praecipue
839 2457 878 2490 et
894 2451 1141 2499 immediate,
1159 2450 1408 2490 secundario
1430 2456 1567 2489 tamen
1585 2456 1626 2490 et
1642 2461 1725 2488 me-

151 2512 260 2552 diate
280 2513 413 2551 Deum
436 2513 674 2565 respiciunt.
698 2514 964 2553 Potissimum
994 2514 1090 2566 quia
1110 2514 1259 2553 mentis
1286 2513 1404 2553 ideae
1427 2519 1466 2552 et
1486 2512 1718 2564 spirituales

151 2576 279 2615 animi
309 2576 571 2628 operationes
596 2590 622 2615 a
651 2577 855 2626 sensibus,
877 2584 1088 2630 tamquam
1109 2578 1161 2616 ab
1182 2576 1466 2616 instrumentis
1487 2583 1527 2615 et
1556 2576 1720 2615 excita-

152 2649 305 2690 mento‚
327 2642 518 2693 pendent;
548 2648 684 2694 atque,
705 2642 831 2682 etiam
853 2656 947 2681 cum
978 2643 1031 2682 ad
1051 2650 1191 2683 actum
1220 2643 1302 2681 iam
1329 2641 1604 2693 prosiluerint‚
1627 2653 1718 2680 sen-

153 2706 299 2746 silibus
329 2707 502 2747 obiectis
531 2714 655 2760 atque
684 2708 934 2760 imaginibus
964 2721 1225 2760 summopere
1260 2707 1522 2746 adiuvantur.

210 2772 363 2820 Tertio,
378 2773 575 2824 probatur
589 2773 751 2814 ratione
770 2774 810 2813 S.
828 2775 1028 2822 Thomae,
1045 2773 1105 2812 sic
1123 2773 1285 2813 aientis:
1300 2789 1318 2811 «
1334 2774 1420 2813 Deo
1437 2771 1716 2812 reverentiam

158 2840 199 2876 et
217 2836 416 2877 honorem
438 2839 685 2878 exhibemus
713 2853 796 2880 non
819 2847 983 2891 propter
1003 2839 1199 2891 seipsum,
1221 2839 1317 2892 quia
1336 2839 1474 2890 seipso
1497 2844 1560 2876 est
1579 2836 1715 2888 gloria

157 2899 314 2950 plenus,
337 2900 402 2939 cui
423 2901 523 2940 nihil
543 2916 569 2941 a
585 2909 777 2942 creatura
797 2903 919 2942 adiici
953 2909 1100 2954 potest,
1123 2902 1196 2942 sed
1216 2910 1386 2955 propter
1410 2913 1501 2940 nos:
1529 2899 1627 2951 quia
1656 2898 1720 2937 vi-
