1970 3203
200 220 279 262 290
564 233 631 259 lUS
661 231 861 258 NATURAE
885 241 903 247 ·-
926 231 1033 258 PARS
1063 232 1099 257 11.
1129 232 1197 259 lUS
1227 231 1397 258 SOCIALE

202 310 377 362 quenda,
409 309 597 349 diversas
626 307 780 360 requiri
809 307 935 356 dotes,
966 321 1072 360 quae
1104 308 1324 348 difficiliter
1353 309 1394 348 in
1415 310 1561 349 eodem
1583 309 1773 350 subiecto

200 375 479 414 cumulantur.
502 373 620 414 Alius
641 373 752 413 enim
783 373 984 413 scientiae
1007 379 1236 425 apparatus
1257 379 1296 412 et
1316 373 1399 413 alia
1419 374 1647 414 dexteritas
1668 374 1781 428 inge-

201 438 256 476 nii
286 438 506 490 requiritur
535 438 578 476 in
608 450 657 477 eo
680 470 688 485 ,
719 437 786 489 qui
816 437 866 477 de
897 437 1129 477 sciscendis
1169 437 1332 488 legibus
1362 437 1586 487 deliberat,
1619 451 1775 491 easque

197 505 428 556 generatim
461 504 790 556 contemplatur,
822 517 946 556 quam
976 503 1018 542 in
1048 503 1109 551 iis,
1141 503 1206 553 qui
1235 503 1401 542 illarum
1431 504 1514 543 vim
1543 505 1597 544 ad
1619 510 1775 544 motum

199 567 399 608 socialem
429 567 742 620 producendum
773 569 995 620 applicant,
1027 574 1097 606 aut
1127 567 1369 607 earumdem
1389 568 1482 608 luce
1503 568 1776 621 particularia

205 630 317 670 sacta
347 631 583 670 diiudicant.

255 697 369 736 Idem
390 699 678 745 confirmatur,
695 697 730 737 si
747 697 951 750 fragilitas
969 696 1196 737 voluntatis
1218 697 1428 737 humanae
1444 699 1778 749 spectetur.Nam

202 763 429 816 periculum
451 764 621 812 abusus,
640 764 747 816 quod
770 764 885 804 timet
909 763 1214 816 Montesquieu‚
1237 770 1335 803 tunc
1357 776 1506 816 reapse
1531 764 1654 818 viget,
1678 779 1774 805 cum

201 840 285 866 una
306 840 488 880 persona
509 834 579 867 aut
600 827 707 868 idem
730 828 899 868 omnino
922 835 1065 868 coetus
1083 841 1229 868 omnes
1244 828 1338 867 illas
1355 834 1494 880 partes
1515 829 1776 870 auctoritatis

205 891 356 944 implet.
387 894 441 932 At
472 893 574 932 satis
605 899 790 941 cavetur,
821 892 984 945 quando
1016 891 1260 933 exercitium
1293 892 1471 931 divisum
1492 899 1555 932 est
1574 892 1615 931 in
1637 905 1775 945 perso-

198 969 276 995 nas
307 963 377 995 aut
407 963 552 996 coetus
584 956 802 996 distinctos
843 970 892 997 ac
925 956 1114 996 diversos
1135 989 1144 1005 ,
1176 957 1243 1009 qui
1274 956 1422 996 iisdem
1453 956 1746 1010 cupiditatibus
1767 990 1775 1005 ,

197 1021 344 1060 eodem
378 1021 524 1069 studio,
556 1021 786 1074 iisdemque
817 1021 1082 1074 praeiudiciis
1113 1021 1225 1061 affici
1255 1029 1476 1074 nequeunt.
1499 1022 1554 1062 At
1582 1022 1664 1061 hoc
1693 1034 1776 1061 non

197 1095 260 1126 est
278 1088 429 1140 aliquid
448 1101 603 1127 novum
626 1097 665 1128 et
685 1088 873 1128 mirabile
895 1102 917 1127 a
938 1088 1232 1140 Montesquieu
1250 1087 1420 1140 eiusque
1443 1087 1592 1127 schola
1613 1087 1779 1140 excogi-

196 1156 358 1200 tatum,
392 1152 464 1191 sed
495 1151 703 1192 dictamen
734 1159 796 1192 est
825 1153 1115 1204 pervulgatum
1155 1157 1195 1191 et
1231 1151 1578 1204 antiquissimum.
1610 1152 1774 1204 Ubique

196 1216 304 1254 enim
337 1222 377 1257 et
406 1230 572 1269 semper
599 1218 642 1256 in
662 1217 878 1257 societatis
898 1216 1204 1269 gubernatione
1220 1215 1296 1256 rite
1319 1215 1552 1255 ordinanda
1571 1222 1655 1256 tres
1671 1216 1768 1255 illae

195 1282 457 1322 auctoritatis
475 1288 616 1334 partes
629 1282 833 1322 distinctis
845 1282 1161 1334 magistratibus
1174 1281 1349 1321 tributae
1361 1288 1457 1321 sunt
1468 1289 1507 1321 et
1523 1282 1779 1323 tribuuntur.

246 1346 309 1386 99.
343 1346 599 1386 Pssoposmo
630 1345 687 1385 ⁶2³.
721 1346 774 1386 Si
787 1347 1040 1398 functiones
1071 1347 1173 1385 illac
1203 1346 1504 1395 auctoritatis,
1531 1359 1613 1385 non
1634 1347 1780 1399 quoad

194 1413 457 1462 exercitium,
487 1413 561 1452 sed
591 1413 634 1452 in
665 1413 811 1453 radice
831 1416 1084 1466 spectentur,
1117 1412 1327 1452 unitatem
1348 1413 1525 1453 subiecti
1540 1415 1775 1466 postulant.

249 1479 372 1519 Prob.
403 1479 659 1528 Auctoritas,
691 1480 767 1520 etsi
799 1480 938 1532 plures
969 1479 1190 1518 facultates
1220 1479 1420 1531 operandi
1449 1479 1601 1529 habet,
1630 1487 1772 1520 tamen

195 1557 267 1596 per
298 1557 356 1592 se,
388 1544 512 1584 etiam
543 1551 739 1584 concrete
762 1550 951 1596 accepta,
974 1557 1059 1582 una
1081 1549 1155 1591 est,
1176 1556 1328 1595 nempe
1348 1542 1413 1582 ius
1435 1543 1654 1583 ordinandi
1675 1545 1775 1583 mul-

194 1610 423 1650 titudinem.
454 1611 580 1663 Atqui
609 1625 694 1650 una
722 1624 796 1663 per
825 1624 870 1650 se
903 1617 942 1650 et
962 1616 1159 1651 concrete
1193 1623 1276 1649 non
1298 1616 1420 1658 esset,
1442 1610 1521 1649 nisi
1541 1611 1775 1650 subiectum

194 1688 319 1713 unum
350 1675 618 1724 informaret,
649 1675 853 1728 siquidem
885 1675 924 1714 vi
954 1674 1156 1722 subiecti,
1198 1674 1241 1712 in
1272 1687 1351 1726 quo
1380 1674 1544 1722 residet,
1579 1682 1778 1715 concreta

196 1745 236 1776 et
266 1738 392 1778 realis
423 1739 612 1778 efficitur.
644 1740 757 1791 Ergo
787 1745 864 1779 etc.

249 1804 300 1842 Et
330 1816 445 1851 sane,
479 1803 685 1855 quomodo
717 1816 816 1842 vera
846 1802 982 1842 unitas
1013 1802 1055 1840 in
1086 1807 1284 1841 concreta
1313 1801 1516 1842 societate
1547 1815 1775 1856 exsurgere

194 1875 362 1919 posset,
392 1867 472 1906 nisi
502 1868 608 1907 haec
631 1867 833 1919 principio
855 1880 952 1907 vere
974 1879 1055 1906 uno
1076 1864 1403 1905 informaretur?
1425 1867 1516 1907 Hoc
1540 1880 1638 1907 vero
1659 1867 1775 1920 prin—

198 1930 350 1982 cipium
383 1938 446 1970 est
475 1931 676 1983 superior.
710 1931 906 1984 Superior
934 1931 1073 1983 igitur,
1095 1943 1244 1982 nempe
1266 1930 1498 1970 subiectum
1521 1931 1770 1971 auctoritate

193 1997 439 2049 praeditum,
457 2011 554 2038 vere
572 2011 679 2038 unus
696 2011 790 2038 esse
812 1998 943 2046 debet3
967 2010 1219 2050 quamquam
1241 2010 1293 2036 ex
1313 1997 1402 2050 ipso
1424 1998 1566 2037 variae
1588 1997 1769 2037 faculta-

193 2072 258 2105 tes
279 2066 557 2113 efflorescant,
574 2066 628 2104 ad
644 2078 818 2118 quarum
842 2063 1089 2104 exercitium
1121 2063 1296 2103 diversis
1317 2063 1603 2104 instrumentis
1620 2072 1771 2105 utatur.

193 2131 489 2182 Montesquieu
521 2144 615 2170 cum
638 2130 826 2178 asseclis,
850 2130 886 2170 ei
909 2130 1069 2169 videtur
1090 2142 1184 2169 esse
1206 2128 1352 2168 similis
1373 2129 1441 2180 qui
1462 2129 1662 2169 unitatem
1684 2130 1771 2169 ani-

192 2193 260 2242 mi,
292 2207 447 2246 corpus
476 2193 742 2234 informantis
771 2201 810 2233 et
838 2193 1035 2246 regentis,
1068 2192 1237 2232 omnino
1268 2199 1452 2245 negaret;
1484 2194 1559 2232 sed
1581 2193 1773 2246 singulas

192 2257 400 2309 potentias
422 2291 430 2306 ,
462 2257 629 2297 videndi
660 2271 723 2297 ex.
756 2272 815 2310 gr.
847 2256 1134 2309 imaginandi,
1166 2255 1419 2309 intelligendi
1451 2262 1490 2295 et
1520 2257 1774 2306 consimiles,

193 2334 219 2359 a
249 2321 452 2362 distinctis
484 2328 524 2361 et
555 2321 731 2361 diversis
762 2321 974 2374 principiis
1005 2321 1210 2372 profluere
1241 2320 1494 2371 opinaretur.

249 2389 406 2426 Verum
424 2388 513 2428 eius
530 2401 645 2427 error
660 2388 756 2427 inde
773 2387 989 2439 processit,
1008 2387 1115 2438 quod
1133 2386 1253 2425 unice
1276 2386 1329 2424 ad
1349 2394 1509 2439 partem
1532 2388 1773 2440 negativam

192 2454 452 2494 auctoritatis
469 2454 833 2507 contemplandam
856 2466 901 2493 se
919 2452 1135 2492 convertit:
1157 2452 1378 2503 positivam
1393 2466 1503 2502 vere,
1520 2467 1626 2506 quae
1646 2468 1769 2506 prae-

191 2520 314 2572 cipua
335 2528 398 2559 est
418 2529 458 2561 et
479 2521 797 2561 fundamentum
819 2520 947 2572 ipsius
970 2519 1098 2571 partis
1120 2518 1356 2569 negativae,
1379 2520 1547 2559 omnino
1568 2520 1765 2571 neglexit.

190 2586 392 2626 Nimirum
414 2594 551 2626 mente
569 2587 775 2639 spectavit
792 2586 1064 2626 remotionem
1082 2585 1253 2633 abusus,
1267 2598 1318 2624 ne
1335 2585 1463 2624 hilum
1481 2586 1644 2638 quidem
1663 2588 1773 2640 cogi-

191 2653 389 2692 tationem
412 2653 609 2704 applicuit
625 2653 677 2692 ad
695 2653 892 2692 unitatem
916 2651 1072 2692 ordinis
1091 2656 1129 2691 et
1146 2651 1268 2699 vitae,
1286 2664 1409 2703 quam
1427 2651 1656 2691 auctoritas
1675 2655 1776 2693 mul-

188 2718 363 2766 titudini,
385 2724 427 2756 ut
445 2718 608 2757 animus
625 2718 808 2770 corpori,
822 2717 1023 2770 impartiri
1041 2717 1174 2757 debet.
1193 2716 1235 2756 Si
1254 2724 1393 2768 partes
1414 2716 1604 2769 singulae
1630 2725 1774 2760 aucto-

188 2781 335 2829 ritatis,
359 2787 609 2820 autonomae
631 2782 797 2821 omnino
829 2781 1065 2821 efficiantur
1087 2787 1126 2820 et
1147 2793 1172 2819 a
1203 2781 1314 2819 nullo
1335 2780 1540 2833 principio
1562 2795 1659 2823 vere
1685 2797 1768 2824 uno

192 2845 486 2896 dependentes,
502 2844 707 2896 quomodo
729 2857 964 2884 consensus
981 2850 1019 2883 et
1040 2843 1260 2882 harmonia
1281 2850 1479 2894 exsurget
1502 2844 1543 2884 in
1560 2853 1673 2886 motu
1694 2860 1766 2887 so-

192 2909 309 2950 ciali?
322 2910 564 2949 Consensus
583 2908 649 2947 hic
668 2908 858 2950 fortuitus
878 2910 997 2960 plane
1015 2908 1102 2956 crit,
1116 2915 1154 2947 et
1170 2908 1411 2960 plerumque
1428 2909 1522 2951 inde
1541 2913 1769 2963 proveniet,
