1970 3203
367 221 503 249 CAPUT
532 220 585 246 111.
615 219 668 246 DE
698 219 872 245 orFicns
902 218 1076 245 HoivnNis
1107 217 1220 245 ERGA
1249 216 1429 244 SEIPSUM
1655 203 1733 242 157

171 295 455 349 recipiendum
486 307 739 334 consensum
775 294 1019 333 dederimus.
1049 292 1249 345 Denique,
1290 291 1571 344 suimetipsius
1601 291 1734 331 inter-

172 360 303 400 fector
324 358 514 398 societati
535 357 728 396 iniuriam
748 369 832 396 non
853 356 975 405 facit;
997 356 1145 409 quippe
1162 356 1406 409 contingere
1428 362 1562 408 potest
1577 362 1620 396 ut
1637 356 1729 408 quis

172 421 331 462 inutilis
353 421 522 460 omnino
544 421 694 459 evadat
715 420 918 468 societati,
941 421 1006 460 vel
1026 420 1206 459 societas
1226 420 1303 472 ipsi
1325 422 1503 473 deneget
1524 420 1732 474 praesidia

170 497 277 537 quae
306 489 494 535 prestare
524 490 697 524 tenetur.
729 484 858 523 Immo
880 483 990 523 civili
1010 483 1118 523 bono
1148 484 1366 524 suicidium
1389 485 1525 537 potius
1553 485 1737 538 prodest,

168 563 263 589 cum
291 549 568 589 fortitudinem
598 555 853 602 promoveat,
875 563 980 602 quae
1001 549 1043 588 in
1065 552 1370 590 contemnenda
1401 557 1532 592 morte
1553 552 1735 592 maxime

162 612 357 653 cernitur.

217 681 266 719 R.
298 679 547 719 Huiusmodi
576 684 826 731 argumenta
845 693 969 732 quam
990 679 1121 719 futilia
1150 679 1243 727 sint,
1269 693 1390 719 nemo
1411 693 1493 719 non
1524 682 1647 721 videt.
1668 681 1735 721 Ad

169 743 345 796 primum
363 743 623 794 reponimus:
644 745 750 782 Turn
772 742 927 783 volenti
948 756 1031 782 non
1052 743 1097 781 fit
1117 743 1278 791 iniuria,
1297 756 1392 782 cum
1410 744 1546 795 agitur
1567 745 1617 784 de
1638 757 1735 784 con-

165 812 303 847 tractu
318 807 446 846 libere
458 807 651 855 ineundo,
669 813 740 846 aut
757 807 805 846 de
821 806 995 855 iure,cui
1013 807 1104 859 quis
1121 806 1355 846 valedicere
1378 806 1520 858 possit,
1533 820 1617 845 non
1634 820 1733 847 vero

165 886 260 912 cum
276 873 413 924 agitur
424 873 473 911 de
484 871 704 911 inferendo
720 873 843 920 malo,
855 872 963 926 quod
979 885 1004 911 a
1019 878 1170 912 natura
1187 877 1359 920 vetetur,
1377 878 1448 911 aut
1465 873 1513 912 de
1530 873 1733 913 laedendo

162 938 266 985 iure,
276 938 383 990 quod
399 937 534 989 ipsam
548 938 811 989 personalem
827 937 1008 977 hominis
1017 937 1260 990 dignitatem
1277 938 1611 991 attingat.Atque
1627 939 1667 978 id
1685 952 1734 979 eo

165 1003 304 1056 magis
320 1004 458 1042 locum
479 1003 616 1049 habet,
637 1016 716 1054 quo
733 1003 875 1043 artiori
897 1003 1148 1055 obligatione
1166 1005 1233 1043 lex
1256 1004 1476 1056 adstringit
1506 1006 1559 1044 ad
1579 1006 1733 1045 bonum

168 1067 256 1108 eius
274 1067 593 1119 procurandum,
606 1067 674 1119 qui
686 1067 1022 1106 irrationabiliter
1036 1067 1077 1105 in
1089 1067 1151 1106 sui
1162 1068 1358 1107 damnum
1373 1069 1737 1109 consentit.Vitam

165 1139 304 1173 autem
316 1147 528 1185 nunquam
547 1132 737 1172 amittere
749 1146 874 1185 posse
889 1133 1092 1172 rationem
1104 1133 1359 1173 fundamenti
1371 1147 1495 1173 verae
1512 1134 1737 1183 felicitatis,

169 1196 251 1236 iam
264 1211 391 1249 supra
405 1197 507 1236 satis
525 1196 1081 1236 demonstravimus.Violari
1095 1203 1233 1235 autem
1250 1197 1424 1236 suicidio
1442 1198 1734 1239 excellentiam

168 1276 374 1315 personae
395 1264 607 1303 humanae
631 1264 772 1311 claret,
794 1276 887 1302 cum
910 1276 982 1315 per
1001 1262 1099 1302 illud
1116 1264 1302 1303 humana
1324 1263 1570 1303 exsistentia
1591 1265 1631 1302 in
1654 1278 1737 1304 me-

166 1326 276 1365 dium
309 1332 578 1377 convertatur
606 1326 831 1378 voluptatis
861 1332 900 1366 et
920 1327 1138 1375 commodi,
1168 1333 1336 1379 propter
1357 1328 1473 1367 cuius
1504 1328 1735 1369 carentiam

168 1391 406 1443 despicitur,
436 1405 487 1431 ac
517 1392 567 1431 de
596 1392 730 1431 medio
761 1393 942 1432 tollenda
971 1392 1240 1432 existimatur.
1263 1394 1319 1433 Ut
1348 1395 1534 1434 omittam
1566 1396 1736 1434 stultum

168 1456 337 1495 omnino
367 1468 473 1504 esse,
502 1462 668 1508 propter
688 1456 963 1508 temporarias
984 1456 1257 1505 calamitates,
1280 1471 1384 1509 quae
1416 1459 1530 1507 forte,
1551 1460 1638 1499 Deo
1661 1460 1739 1499 lar-

167 1520 318 1574 giente,
335 1521 451 1560 brevi
467 1528 563 1560 sunt
579 1522 797 1569 desiturae,
814 1522 1042 1562 remedium
1060 1536 1274 1563 assumere
1286 1524 1405 1575 quod,
1423 1531 1562 1577 utpote
1578 1525 1742 1576 gravis-

168 1583 318 1623 simum
339 1585 492 1632 scelus,
509 1584 719 1624 miseriam
737 1586 859 1624 affert
873 1594 1086 1625 aeternam
1104 1592 1143 1624 et
1161 1586 1271 1625 omni
1288 1588 1515 1627 acerbitate
1526 1588 1739 1630 refertam.

222 1649 358 1701 Atque
386 1648 484 1688 hinc
514 1662 760 1701 responsum
782 1651 907 1690 etiam
929 1656 1095 1703 aptatur
1115 1652 1300 1691 secundo
1331 1660 1592 1704 argumento.
1624 1656 1731 1694 Nam

169 1713 204 1754 si
236 1714 331 1763 vita,
361 1714 575 1754 aerumnis
605 1715 740 1756 obsita
759 1716 1034 1768 temporariis,
1057 1730 1142 1757 non
1172 1716 1454 1758 infelicitatem
1485 1721 1736 1772 suppeditat,

174 1779 249 1818 sed
270 1779 487 1818 materiam
509 1778 673 1819 virtutis
694 1780 962 1829 excelsioris;
984 1794 1063 1833 quo
1080 1786 1202 1832 pacto
1224 1781 1374 1820 coniici
1396 1788 1537 1833 potest
1558 1789 1735 1824 naturae

170 1843 331 1884 iussum
361 1850 432 1884 aut
466 1845 615 1883 saltem
644 1844 864 1896 permissio
895 1858 987 1884 eam
1028 1845 1302 1885 destruendi?
1332 1847 1379 1885 In
1409 1848 1499 1886 sola
1529 1849 1734 1889 sententia

170 1907 535 1947 materialistarum
565 1907 606 1946 id
636 1908 771 1947 locum
801 1908 936 1949 habet.
971 1909 1052 1948 Sed
1072 1909 1119 1956 si,
1146 1916 1188 1949 ut
1210 1924 1284 1962 par
1303 1917 1377 1958 est,
1402 1918 1567 1963 praeter
1599 1919 1735 1952 matc-

168 1972 274 2011 riam
316 1972 561 2024 principium
593 1973 717 2025 longe
746 1973 870 2014 altius
913 1989 964 2014 ac
995 1975 1172 2015 divinius
1202 1976 1243 2014 in
1274 1976 1441 2016 homine
1477 1978 1735 2030 agnoscitur,

170 2037 278 2089 quod
298 2049 382 2076 non
403 2036 527 2075 huius
557 2036 667 2077 vitae
688 2037 849 2077 deliciis
869 2039 943 2078 sed
963 2038 1113 2079 virtute
1142 2040 1338 2091 pascitur,
1362 2042 1615 2080 contrarium
1637 2055 1731 2081 om-

168 2102 271 2142 nino
302 2102 587 2142 deducendum
604 2116 629 2141 a
644 2102 806 2142 ratione
823 2110 906 2152 est;
929 2117 1046 2156 quae,
1064 2118 1143 2156 quo
1160 2105 1296 2157 magis
1316 2106 1402 2145 vita
1418 2106 1459 2145 in
1482 2107 1735 2158 palaestram

170 2165 335 2205 virtutis
364 2165 546 2214 vertitur,
577 2179 625 2206 eo
656 2166 792 2218 magis
813 2181 905 2207 eam
925 2167 1229 2208 aestimandam
1260 2183 1354 2209 esse
1383 2170 1523 2210 dictat.

225 2229 448 2282 Imperium
479 2242 590 2278 vero,
611 2230 720 2282 quod
736 2235 886 2269 natura
903 2231 1012 2270 dedit
1030 2230 1072 2270 in
1089 2231 1320 2281 materiam,
1344 2234 1577 2285 oppositum
1598 2236 1736 2288 potius

176 2295 339 2335 evincit.
370 2295 531 2335 Idcirco
555 2295 663 2335 enim
687 2296 828 2335 datum
847 2297 968 2336 nobis
989 2310 1014 2336 a
1033 2303 1184 2337 natura
1205 2304 1279 2347 est,
1301 2306 1343 2339 ut
1364 2300 1490 2340 vitam
1522 2303 1742 2354 compositi

175 2359 326 2400 exinde
341 2359 532 2398 iuvemus
547 2373 597 2399 ac
615 2359 898 2400 defendamus.
912 2361 1049 2407 Quare
1065 2362 1146 2402 hoc
1163 2362 1253 2414 ipso
1263 2363 1314 2402 ad
1326 2377 1417 2403 eam
1436 2365 1634 2405 materiae
1650 2380 1741 2418 par-

171 2432 256 2466 tem
276 2437 361 2463 non
381 2423 627 2472 extenditur,
649 2439 755 2477 quae
771 2426 824 2464 ad
840 2426 1097 2466 substantiae
1113 2427 1324 2467 humanae
1340 2428 1618 2479 integritatem
1640 2444 1737 2482 per-

176 2490 279 2530 tinet
296 2496 335 2529 et
350 2489 491 2528 iuncta
507 2489 907 2538 animae,hominem
918 2491 1243 2531 constituit.Vita
1252 2499 1388 2532 autem
1405 2494 1553 2534 dicitur
1570 2496 1736 2547 donum,

173 2559 381 2606 quatenus
401 2554 514 2593 nullo
544 2553 714 2606 praevio
731 2554 878 2594 merito
902 2555 1024 2594 nobis
1044 2555 1194 2595 tributa
1214 2556 1278 2604 sit,
1299 2570 1383 2596 non
1412 2571 1510 2597 vero
1531 2566 1736 2611 quatenus

171 2617 294 2656 nobis
323 2617 451 2656 libere
482 2617 743 2669 acceptanda
759 2619 968 2657 offeratur.
992 2619 1078 2658 Nec
1099 2619 1152 2658 ad
1183 2632 1275 2658 eam
1297 2621 1532 2661 habendam
1554 2629 1624 2662 aut
1652 2623 1746 2663 reti-

173 2680 356 2719 nendam
377 2685 520 2720 noster
537 2693 772 2720 consensus
789 2681 1026 2733 exquiritur;
1048 2682 1196 2734 quippe
1214 2683 1267 2722 ad
1286 2683 1351 2722 ius
1381 2685 1557 2735 pertinet
1578 2686 1743 2725 divinae

172 2743 402 2794 potestatis.
426 2743 502 2782 Cui
523 2756 626 2784 sane
646 2751 787 2796 grates
804 2746 995 2797 agendae
1011 2751 1050 2784 et
1066 2745 1308 2787 referendae
1337 2754 1444 2797 sunt,
1466 2762 1560 2788 cum
1580 2755 1740 2788 tantum

174 2807 329 2847 bonum
358 2808 479 2848 nobis
508 2822 608 2861 prae
638 2810 744 2858 aliis,
767 2810 835 2863 qui
856 2811 977 2850 condi
998 2816 1200 2862 poterant,
1223 2814 1445 2855 contulerit
1459 2828 1468 2863 ;
1499 2827 1582 2853 non
1603 2823 1739 2854 autem

175 2871 404 2924 irroganda
432 2878 496 2912 est
523 2873 686 2923 iniuria,
717 2874 981 2926 largitionem
1011 2881 1095 2916 tam
1127 2876 1368 2918 munificam
1396 2879 1640 2932 respuendo.
