1970 3203
465 216 600 243 CAPUT
626 216 649 241 1.
680 215 733 240 DE
761 214 859 241 IURE
887 215 940 241 ET
971 214 1130 241 OFFICIO
1160 214 1408 241 GENERATIM
1635 199 1714 239 119

155 296 467 337 considerantur
496 293 631 346 quoad
657 306 790 341 usum,
822 292 1027 333 distinctio
1058 292 1263 333 adibenda
1291 297 1366 332 est.
1387 292 1577 344 Ipsorum
1609 292 1718 332 enim

150 362 349 402 nonnulla
378 373 430 400 ex
458 359 596 399 officio
626 364 866 407 nascuntur,
898 359 949 398 ad
978 359 1086 410 quod
1115 357 1365 410 implendum
1387 363 1484 397 sunt
1504 357 1629 398 veluti
1651 358 1718 396 in-

148 428 391 466 strumenta.
423 422 466 463 Si
493 423 574 462 hoc
604 422 817 474 contingit,
847 435 948 461 usus
978 434 1121 461 eorum
1152 421 1418 461 necessarius
1439 426 1527 469 est;
1550 435 1627 462 nec
1647 421 1720 460 ho-

149 501 215 528 mo
245 487 297 526 ad
329 486 442 526 illum
473 486 740 526 omittendum
770 499 816 525 se
836 485 1020 538 obligare
1043 490 1192 537 potest.
1224 485 1296 524 Sin
1325 485 1426 524 talia
1445 484 1538 533 sint,
1559 490 1603 524 ut
1624 498 1716 524 cum

148 551 258 592 nullo
288 550 428 590 officio
459 555 690 598 nectantur;
723 550 960 589 eorumdem
985 562 1084 588 usus
1105 549 1206 588 liber
1227 549 1314 595 erit,
1337 549 1387 589 de
1408 562 1538 601 eoque
1559 547 1717 600 pacisci

145 615 273 654 homo
303 613 429 653 libere
458 612 619 665 poterit.
660 613 777 659 Quod
808 617 954 652 contra
981 612 1148 651 Ahrens
1179 612 1398 652 statuimus
1419 644 1428 660 ,
1468 612 1536 665 qui
1567 612 1718 651 iurium

146 677 396 718 naturalium
425 690 545 715 usum
574 689 738 728 semper
766 675 1052 716 necessarium
1082 688 1176 715 esse
1206 675 1404 723 decernit,
1433 677 1514 715 hac
1543 675 1716 715 innixus

149 740 310 780 ratione
347 740 456 792 quod
492 738 705 779 societatis
735 741 904 779 interest
940 745 983 778 ut
1012 739 1184 791 quisque
1213 739 1405 778 omnibus
1442 740 1529 779 suis
1558 739 1715 779 iuribus

150 813 288 848 utatur
317 807 390 858 (1).
411 806 466 846 At
486 805 592 845 haec
613 805 717 846 ratio
739 805 983 845 stultissima
999 811 1073 853 est;
1094 818 1191 844 nam
1209 804 1268 843 sic
1289 804 1330 843 in
1352 805 1554 845 societate
1576 805 1716 844 omnia

151 871 243 911 iura
271 871 311 909 in
343 870 482 910 officia
509 875 861 911 converterentur.
894 869 1010 917 Iuris,
1042 868 1230 920 praecise
1259 881 1340 920 qua
1369 868 1432 907 ius
1462 873 1536 915 est,
1563 869 1716 907 exerci-

150 935 252 975 tium
282 943 433 972 natura
460 946 536 972 sua
564 933 604 971 in
634 932 803 972 arbitrio
834 932 1013 972 hominis
1043 939 1117 979 est,
1147 932 1214 984 qui
1245 945 1293 971 eo
1315 931 1371 971 uti
1393 936 1528 983 potest
1549 932 1614 970 vel
1634 944 1718 970 non

153 998 222 1046 uti,
252 1003 371 1049 prout
399 996 506 1036 libet.
537 996 720 1048 Adigere
748 996 882 1048 ipsum
913 1009 1075 1047 semper
1104 996 1156 1035 ad
1188 1009 1328 1044 usum,
1359 995 1466 1035 idem
1497 1002 1561 1035 est
1589 1000 1713 1047 atque

152 1063 243 1103 eius
271 1063 501 1103 libertatem
530 1063 812 1114 pessumdare.

204 1129 378 1167 Praeter
407 1125 608 1165 eiusmodi
638 1126 756 1173 iura,
788 1139 813 1164 a
841 1131 991 1164 natura
1020 1125 1254 1165 immediate
1284 1123 1602 1178 proficiscentia,
1633 1124 1715 1163 alia

151 1196 258 1239 sunt,
288 1203 393 1243 quae
423 1202 475 1228 ex
504 1189 613 1229 sacto
643 1189 778 1240 aliquo
808 1189 1069 1241 proveniunt,
1100 1189 1151 1228 ab
1181 1189 1362 1228 hominis
1395 1189 1584 1228 libertate
1616 1200 1718 1239 pen—

154 1257 287 1297 dente.
319 1256 579 1307 Quapropter
609 1255 819 1306 acquisita
850 1256 914 1294 vel
945 1254 1067 1294 etiam
1099 1255 1358 1294 secundaria
1392 1262 1431 1294 et
1451 1253 1719 1306 hypothetica

154 1320 233 1361 dici
263 1321 408 1359 solent.
439 1319 685 1358 Huiusmodi
729 1325 792 1358 est
821 1331 885 1358 ex.
916 1332 977 1370 gr.
1008 1318 1073 1357 ius
1102 1318 1364 1370 proprietatis
1394 1317 1710 1365 determinatae,

152 1394 272 1439 prout
300 1386 411 1424 hanc
440 1386 506 1424 vel
534 1385 645 1423 illam
675 1398 762 1424 rem
793 1384 1034 1436 singillatim
1063 1390 1235 1436 spectat.
1267 1385 1373 1424 Nam
1404 1383 1482 1423 etsi
1512 1396 1537 1422 a
1565 1388 1717 1422 natura

154 1450 343 1489 instructi
372 1449 502 1488 simus
522 1448 718 1488 facultate
740 1449 980 1500 acquirendi
1002 1460 1068 1487 res
1088 1448 1235 1496 utiles3
1257 1454 1397 1488 tamen
1418 1447 1526 1499 quod
1547 1447 1628 1486 hoc
1650 1446 1713 1484 ius

156 1513 450 1556 determinetur
465 1513 600 1565 quoad
619 1513 729 1552 hanc
747 1514 810 1553 vel
826 1513 938 1551 illam
958 1513 1174 1552 materiam
1194 1512 1498 1564 particularem,
1517 1518 1615 1562 puta
1635 1509 1725 1549 fun-

156 1581 250 1620 dum
267 1581 332 1619 vel
348 1579 557 1631 palatium;
578 1579 659 1618 hoc
675 1592 757 1618 non
774 1579 963 1631 provenit
979 1592 1004 1617 a
1025 1584 1185 1625 natura,
1202 1578 1276 1617 sed
1292 1590 1317 1616 a
1333 1576 1453 1625 facto,
1470 1576 1579 1628 quod
1599 1575 1721 1627 quale

157 1647 210 1687 sit
237 1646 408 1686 inferius
439 1645 695 1684 definiemus.
728 1645 1011 1696 Quapropter,
1042 1645 1147 1683 haec
1177 1643 1269 1683 iura
1297 1648 1454 1682 remote
1484 1641 1648 1694 quidem
1677 1640 1718 1679 in

155 1717 307 1750 natura
336 1709 570 1757 fundantur,
594 1709 667 1748 sed
687 1708 873 1760 proxime
895 1708 1054 1747 titulum
1075 1708 1230 1746 habent
1250 1705 1559 1757 contingentem
1580 1710 1619 1743 et
1635 1716 1719 1742 mu-

156 1776 331 1824 tabilem,
361 1775 535 1827 ideoque
565 1774 695 1814 amitti
726 1781 766 1813 et
794 1773 834 1812 in
865 1773 990 1812 alium
1025 1772 1237 1812 transferri
1259 1779 1442 1824 possunt.
1482 1771 1617 1821 Atque
1637 1769 1715 1808 has

158 1843 260 1882 duas
289 1841 438 1881 iurium
469 1839 709 1888 divisiones,
737 1853 843 1892 quae
872 1840 1053 1892 potiores
1081 1846 1188 1886 sunt,
1218 1839 1405 1877 innuisse
1435 1836 1627 1876 sufficiat.

209 1907 271 1946 12.
300 1906 514 1945 Attributa
532 1905 649 1944 iuris.
674 1903 873 1942 COACTIO.
894 1903 959 1941 Ad
980 1902 1176 1942 attributa
1195 1901 1296 1940 iuris
1318 1899 1425 1952 quod
1445 1904 1618 1951 spectat,
1642 1898 1723 1937 tria

156 1971 524 2012 considerabimus:
545 1969 816 2016 coactionem,
838 1968 1112 2015 collisionem,
1136 1966 1443 2006 limitationem.
1465 1965 1596 2003 Porro
1618 1976 1723 2002 coa-

159 2038 240 2078 ctio
271 2038 310 2076 vi
340 2036 516 2090 physica
545 2042 722 2083 constat,
752 2048 857 2087 quae
887 2036 939 2074 ad
968 2034 1164 2074 tuendum
1193 2033 1258 2071 ius
1277 2031 1505 2077 adhibetur,
1526 2036 1649 2081 atque
1670 2028 1723 2067 ad

159 2101 373 2141 obstacula
401 2100 694 2152 propulsanda,
725 2112 830 2151 quae
859 2098 961 2137 iuris
991 2097 1189 2137 exercitio
1211 2096 1496 2135 adversantur.
1519 2094 1636 2132 Haec
1658 2092 1721 2130 vis

159 2176 408 2216 quamquam
423 2163 486 2202 ius
502 2176 586 2202 non
602 2164 839 2210 constituat,
856 2175 933 2201 nec
956 2174 1119 2213 semper
1135 2160 1361 2208 comitetur3
1380 2165 1531 2206 tamen,
1549 2156 1583 2196 si
1594 2155 1725 2203 adest,

165 2228 353 2268 adhiberi
383 2228 534 2279 optime
564 2233 699 2280 potest
727 2227 780 2266 ad
800 2227 902 2267 iuris
923 2227 1215 2266 defensionem.
1239 2227 1308 2264 Ius
1329 2224 1436 2264 enim
1460 2224 1611 2263 efficax
1632 2233 1728 2260 esse

166 2293 295 2342 debet;
327 2298 451 2345 atque
480 2294 561 2332 hoc
589 2293 679 2345 ipso
710 2293 817 2345 quod
849 2299 1050 2345 potestate
1081 2297 1244 2331 constat
1273 2290 1452 2330 faciendi
1482 2289 1636 2341 aliquid
1662 2288 1730 2328 vel

165 2356 370 2405 habendi,
415 2362 617 2408 potestate
661 2357 814 2408 gaudet
843 2356 1083 2395 removendi
1119 2354 1440 2407 impedimenta,
1480 2365 1586 2404 quae
1623 2350 1726 2390 forte

169 2428 442 2474 opponuntur.
483 2423 597 2461 Idem
627 2421 885 2462 convincitur
915 2435 966 2461 ex
996 2421 1246 2472 obligatione
1278 2420 1450 2459 aliorum
1471 2451 1480 2467 ,
1512 2431 1635 2469 quam
1663 2417 1728 2456 ius

166 2488 371 2540 importat.
405 2489 511 2527 Nam
541 2501 636 2526 cum
667 2487 933 2539 organismos
963 2500 1188 2539 corporeus
1218 2486 1388 2538 eiusque
1414 2485 1525 2524 vires
1546 2484 1731 2523 volunta-

161 2561 245 2594 tem
275 2559 314 2593 et
334 2553 535 2593 rationem
560 2552 677 2605 sequi
697 2553 898 2601 debeant,
923 2552 959 2592 is
981 2552 1047 2604 qui
1067 2551 1238 2590 alterius
1254 2551 1509 2590 voluntatem
1529 2548 1608 2588 sibi
1628 2548 1725 2588 obli-

163 2626 303 2671 gatam
324 2619 451 2658 habet
469 2618 509 2657 vi
529 2618 646 2665 iuris,
666 2617 890 2669 obligatum
911 2617 1034 2657 etiam
1051 2617 1177 2657 habet
1197 2616 1286 2656 eius
1302 2615 1586 2667 organismum
1603 2614 1727 2652 vires-

164 2697 242 2736 que
272 2698 510 2736 corporeas‚
539 2688 736 2737 quantum
766 2683 820 2722 ad
847 2682 1027 2722 debitum
1056 2681 1352 2734 praestandum
1382 2693 1558 2721 necesse
1588 2679 1650 2720 sit.
1684 2677 1727 2716 Si

164 2747 288 2799 igitur
315 2756 489 2801 utraque
519 2749 573 2787 ad
600 2747 665 2787 ius
694 2747 770 2787 sibi
801 2746 1053 2787 reddendum
1084 2746 1197 2798 cogit
1225 2745 1291 2784 vel
1312 2745 1363 2784 ab
1384 2743 1628 2797 opponendo
1649 2741 1729 2781 im-

214 2888 264 2929 (1)
292 2890 408 2922 Com-s
432 2891 475 2923 de
500 2890 600 2923 droit
622 2889 783 2927 natumst,
807 2889 830 2927 I,
853 2898 884 2930 p.
910 2889 988 2929 gen.
1015 2889 1067 2921 ch.
1094 2888 1119 2919 3.
