1970 3203
625 192 761 219 CAPUT
791 193 828 219 η.
860 193 911 219 DE
942 192 1171 221 SOCIETATE
1201 196 1322 222 cmm
1677 186 1758 226 269

191 269 395 310 sustinere
415 281 498 307 non
519 266 665 319 posse?
695 268 740 307 Id
771 282 897 307 unum
926 269 1136 309 sufficeret
1157 269 1501 320 animadvertere,
1532 280 1753 325 perpetuas

188 332 562 380 contradictiones,
593 332 634 371 in
657 345 761 384 quas
790 333 976 373 incurrit.
1007 335 1113 373 Nam
1145 334 1261 383 dicit,
1292 349 1337 375 se
1359 337 1462 376 velle
1484 349 1653 376 servare
1683 349 1753 375 re-

188 398 301 450 giam
323 403 583 449 potestatem,
613 404 651 438 et
671 410 764 437 eam
794 398 846 436 ad
866 397 1038 436 nihilum
1060 398 1218 450 redigit,
1249 399 1414 439 invecta
1433 400 1630 442 formula:
1660 402 1752 440 Reae

185 464 363 513 regnat,
393 461 467 499 sed
494 473 580 500 non
615 461 839 513 ymber-nat.
875 463 973 501 Vult
1015 462 1226 503 immobile
1265 471 1303 503 et
1333 465 1463 504 fixum
1509 465 1754 504 exercitium

183 527 429 566 executivae
460 527 700 579 potestatis,
733 534 855 580 atque
885 527 1040 567 idcirco
1068 528 1425 569 inviolabilitatem
1447 531 1535 583 regi
1564 531 1752 583 largitur;

184 589 286 629 illud
316 596 455 630 tamen
484 590 799 630 mobilissimum
830 592 988 640 reddit,
1019 605 1113 631 cum
1142 606 1216 632 rex
1246 594 1335 634 sine
1365 595 1619 635 administris
1648 596 1749 634 nihil

183 656 388 708 imperare
417 657 558 708 possit,
589 657 819 696 administri
849 664 986 697 autem
1007 671 1059 697 ne
1080 667 1275 710 punctum
1297 660 1459 712 quidem
1485 662 1753 703 exsistentiae

186 727 345 760 certum
376 721 571 761 habeant.
595 721 793 761 Concedit
823 722 994 773 principi
1026 721 1105 760 vim
1130 722 1347 774 publicam,
1378 725 1570 764 nimirum
1601 726 1754 766 exerci-

188 792 285 833 tum;
318 798 415 824 mox
445 798 544 824 vero
566 785 753 824 eamdem
784 786 935 825 elidere
964 792 1138 826 conatUr
1169 788 1233 826 vel
1254 788 1510 829 institutione
1533 790 1755 830 nationalis

189 849 357 888 militiae
390 849 452 888 vel
474 849 566 888 aliis
588 850 765 889 astutiae
795 850 984 889 inventis.
1018 852 1255 890 Proclamat
1284 852 1517 892 libertatem
1539 856 1753 895 conscien-

190 913 272 953 tiae
303 921 343 952 et
362 913 556 961 rationis;
587 921 769 953 attamen
790 914 1021 954 libertatem
1053 914 1227 954 docendi
1249 923 1287 954 et
1309 916 1513 955 educandi
1545 925 1665 957 natos
1686 933 1751 970 pa-

185 979 371 1019 rentibus
401 979 542 1018 adimit
572 986 611 1019 et
631 979 720 1019 iura
750 980 965 1032 religionis
995 981 1219 1032 proculcat.
1255 983 1396 1022 Sancit
1425 996 1662 1036 supremam
1684 999 1755 1037 po-

183 1050 373 1086 testatem
403 1045 585 1084 residere
614 1044 656 1083 in
686 1046 846 1097 populo,
878 1059 1053 1098 eamque
1084 1046 1135 1085 ab
1166 1047 1255 1099 ipso
1286 1048 1327 1086 in
1358 1050 1632 1090 electionibus
1654 1057 1748 1090 tan-

183 1116 267 1150 turn
288 1110 494 1159 exerceri;
524 1111 645 1150 simul
666 1118 804 1151 autem
835 1112 1044 1152 maiorem.
1065 1114 1203 1165 populi
1235 1120 1392 1165 partem
1423 1129 1447 1154 a
1469 1116 1652 1157 ferendis
1674 1118 1754 1157 suf-

182 1175 338 1228 fragiis,
369 1189 450 1227 qua
471 1176 561 1227 lege
591 1189 672 1228 qua
693 1175 918 1223 fraudibus,
949 1176 1140 1215 excludit.
1165 1178 1500 1218 hstehanismum
1525 1180 1751 1220 introducit

180 1242 261 1281 hoc
291 1242 380 1282 solo
410 1243 492 1281 fine
521 1248 564 1280 ut
592 1241 683 1280 iura
711 1241 980 1281 individualia
1009 1249 1167 1281 certam
1198 1244 1433 1283 cautionem
1465 1246 1687 1297 accipiant;
1711 1254 1750 1286 et

179 1316 319 1347 tamen
335 1309 492 1347 nullum
510 1314 574 1348 est
594 1307 668 1355 ius,
684 1308 792 1359 quod
813 1307 853 1346 in
877 1307 1099 1347 discrimen
1116 1308 1265 1348 adduci
1283 1323 1365 1348 non
1383 1311 1525 1362 possit,
1549 1312 1582 1351 si
1604 1313 1751 1352 maiori

181 1384 354 1410 numero
373 1403 381 1419 ,
412 1370 512 1410 reali
543 1372 608 1411 vel
638 1371 807 1418 fictitio,
837 1371 894 1410 ita
922 1373 1100 1423 placeat.
1132 1373 1248 1412 Iubet
1282 1376 1558 1415 reverentiam
1588 1377 1751 1429 legibus

183 1442 222 1476 et
251 1435 442 1487 publicae
472 1435 706 1475 honestati:
746 1442 943 1487 utrasque
972 1443 1110 1474 autem
1141 1443 1330 1489 typorum
1375 1438 1566 1479 licentiae
1598 1449 1637 1479 et
1669 1441 1749 1480 im-

184 1499 403 1551 proborum
433 1498 606 1538 ludibrio
626 1498 841 1550 permittit.
871 1499 936 1538 Ad
965 1511 1184 1547 summam,
1215 1514 1297 1539 non
1330 1502 1367 1540 vi
1398 1503 1588 1554 propriae
1621 1508 1745 1543 natu-

183 1576 267 1612 rae,
291 1563 363 1603 sed
384 1563 589 1610 vitiorum,
620 1576 725 1615 quae
746 1563 1072 1614 reprobavimus,
1094 1562 1133 1601 in
1159 1564 1384 1614 perniciem
1406 1579 1488 1604 non
1510 1566 1551 1604 in
1574 1568 1750 1608 salutem

184 1628 438 1681 reipublicae
469 1628 652 1668 vertitur.

238 1696 325 1735 Nec
355 1694 528 1734 obiicias
555 1694 787 1745 exemplum
815 1694 1007 1746 Angliae,
1048 1694 1114 1733 ubi
1144 1695 1250 1734 haec
1281 1697 1418 1744 mala,
1458 1711 1563 1749 quae
1593 1699 1634 1738 in
1660 1701 1753 1739 aliis

183 1762 376 1813 Europae
396 1759 639 1812 regionibus
670 1759 883 1799 evidenter
903 1766 1116 1812 apparent,
1148 1761 1284 1800 minus
1317 1765 1608 1813 producuntur.
1644 1768 1750 1807 Nam

183 1825 444 1866 conditiones
471 1825 580 1864 illius
610 1825 772 1865 insulae
793 1825 985 1865 diversae
1007 1831 1115 1873 sunt,
1137 1832 1177 1865 et
1198 1827 1365 1878 spiritus
1389 1828 1548 1869 formae
1578 1833 1752 1883 regimi-

179 1893 245 1932 nis
275 1893 396 1932 valde
431 1892 566 1932 differt
595 1891 647 1931 ab
677 1905 738 1940 eo,
769 1904 889 1944 quem
920 1891 1063 1931 Locke
1094 1898 1133 1932 et
1163 1893 1454 1945 Montesquieu
1476 1897 1748 1937 somniarunt.

182 1957 273 2003 Qua
302 1957 344 1996 in
373 1970 416 1996 re
446 1956 587 1995 audire
618 1956 731 1995 iuvat
760 1955 974 2008 egregium
1003 1956 1145 1995 Sthal:
1179 1971 1198 1992 α,
1233 1958 1293 1995 La
1323 1959 1455 1997 teoria
1485 1960 1594 2011 degli
1617 1961 1749 2001 Serit-

180 2023 258 2063 tori
286 2022 449 2075 inglesi‚
479 2022 567 2073 ipse
595 2021 663 2069 ait,
695 2022 905 2061 ancorche
935 2021 1104 2060 fondata
1134 2035 1182 2060 su
1203 2023 1339 2074 quella
1370 2023 1408 2062 di
1439 2025 1595 2074 Locke,
1619 2032 1640 2066 e
1662 2041 1746 2067 non

181 2101 306 2128 meno
334 2086 579 2126 meccanica
609 2085 716 2125 della
745 2084 877 2124 teoria
906 2084 946 2124 di
977 2084 1281 2137 Montesquieu.
1314 2087 1388 2124 Ma
1419 2087 1482 2127 cio
1512 2089 1553 2127 in
1585 2091 1747 2142 Inghil-

183 2159 294 2192 terra
323 2157 346 2191 e
376 2151 552 2202 cagione
585 2149 622 2188 di
644 2149 792 2188 minori
823 2149 961 2196 danni,
992 2149 1146 2200 perche
1174 2149 1229 2187 ivi
1259 2149 1270 2188 i
1294 2153 1477 2203 rapporti
1508 2154 1752 2195 costituzio—

182 2217 266 2256 nali
295 2229 398 2255 sono
430 2215 483 2254 da
502 2227 574 2266 per
594 2219 695 2253 tutto
726 2217 1003 2254 esattamente
1033 2213 1293 2254 determinati
1323 2228 1345 2254 e
1368 2217 1614 2256 consolidati
1637 2219 1749 2259 dalla

184 2281 313 2321 storia
341 2294 364 2320 e
393 2280 504 2318 dalla
533 2279 857 2327 consuetudine,
887 2292 910 2318 e
938 2279 980 2318 la
1008 2278 1142 2317 forma
1180 2291 1202 2317 e
1231 2279 1353 2319 modo
1394 2281 1431 2319 di
1461 2283 1624 2332 parlare
1653 2298 1753 2336 par-

183 2349 439 2393 lamentare,
469 2345 549 2385 ben
579 2345 695 2397 lungi
726 2345 791 2384 dal
821 2345 1139 2397 corrispondere
1179 2358 1205 2383 a
1233 2354 1378 2397 questo
1410 2354 1601 2388 concetto
1637 2364 1754 2391 mec—

183 2411 369 2459 canico,
388 2409 565 2461 esprime
595 2409 791 2461 piuttosto
812 2409 933 2450 l'idea
964 2409 1002 2448 di
1032 2423 1115 2449 una
1144 2410 1389 2449 monarchia
1420 2423 1522 2450 vera
1550 2412 1600 2450 ed
1625 2426 1754 2466 orga-

180 2477 297 2525 nica,
328 2475 420 2514 anzi
448 2475 489 2513 in
511 2474 640 2526 grado
670 2474 797 2514 molto
818 2475 1034 2527 maggiore
1065 2476 1143 2515 che
1174 2489 1257 2514 non
1281 2476 1406 2515 esiste
1436 2476 1677 2518 realmente.
1701 2481 1753 2518 Al

182 2542 392 2584 contrario
421 2541 462 2579 in
494 2539 673 2579 Francia
701 2553 722 2580 e
752 2540 793 2578 in
825 2541 1065 2589 Germania,
1097 2541 1201 2580 dove
1231 2541 1266 2580 si
1289 2547 1310 2580 e
1341 2554 1498 2581 ancora
1529 2543 1592 2582 sul
1622 2552 1753 2595 punto

177 2609 217 2648 di
252 2607 529 2649 determinare
559 2605 571 2644 i
600 2604 782 2657 rapporti
813 2605 1117 2646 costituzionali
1138 2638 1147 2654 ,
1178 2620 1260 2647 non
1291 2606 1324 2646 si
1355 2606 1411 2646 ha
1440 2607 1635 2660 riguardo
1675 2613 1752 2652 che

183 2673 265 2712 alla
295 2685 399 2724 pura
428 2669 608 2710 dottrina
638 2670 714 2721 (1).
746 2685 764 2706 »

227 2885 277 2928 (1)
302 2885 432 2918 Storia
456 2884 558 2918 della
582 2885 648 2917 Fil.
675 2884 734 2918 del
758 2884 901 2923 diricto,
927 2884 947 2917 l.
971 2885 1030 2923 IV,
1054 2894 1124 2918 seZ.
1149 2887 1176 2918 2.
