1970 3203
206 223 256 261 34
885 231 1106 260 ETchA

204 311 247 350 in
277 309 420 363 primis
451 308 672 349 destinatio
693 307 823 355 entis,
855 309 965 359 quod
984 313 1177 360 respectu
1196 321 1334 348 rerum
1357 313 1592 350 ceterarum
1614 322 1698 349 non
1720 314 1784 349 est

204 376 386 416 medium
417 375 492 415 sed
520 374 615 414 finis
636 406 645 422 ,
680 373 721 412 in
753 373 842 413 eius
871 373 1024 413 bonum
1061 379 1100 414 et
1129 373 1426 426 perfectionem
1465 377 1613 416 cedere
1644 375 1777 415 debet.
1805 406 1809 410 .

206 441 378 488 Deinde,
410 453 505 479 cum
536 444 686 490 agatur
716 438 765 477 de
794 443 946 477 natura
976 438 1116 486 libera,
1150 438 1290 490 nequit
1310 451 1394 478 non
1419 439 1597 491 pendere
1618 439 1670 479 ab
1693 438 1785 478 eius

205 504 378 544 arbitrio
401 508 443 542 ut
465 516 543 542 sua
563 501 786 542 destinatio
807 502 850 541 in
871 507 1014 541 actum
1035 503 1273 542 reducatur.
1296 503 1502 552 Tandem,
1523 516 1617 543 cum
1638 508 1790 542 natura

209 569 412 610 eiusmodi
433 568 486 609 sit
506 581 605 621 pars
626 567 910 608 universitatis
931 581 1081 617 rerum,
1098 581 1274 609 necesse
1296 573 1358 608 est
1376 574 1418 608 ut
1434 582 1600 617 munus,
1618 569 1788 621 implen-

208 634 304 673 dum
336 633 388 672 ab
418 632 521 685 ipsa,
545 645 701 673 nexum
731 632 886 672 habeat
906 645 1001 672 cum
1024 645 1153 684 scopo
1176 632 1423 681 universali,
1439 632 1591 673 ceteris
1624 632 1789 673 entibus

207 696 467 749 praestituto.

263 764 455 802 Iamvero
486 765 593 802 haec
622 762 703 802 tria
732 761 884 814 optime
913 762 1119 814 quadrant
1143 762 1185 801 in
1206 762 1392 803 ordinem
1420 763 1620 803 moralem
1642 775 1785 814 procu-

207 828 382 868 randum
404 835 445 870 et
474 828 812 880 promovendum.
835 829 958 875 Nam,
988 828 1041 867 ad
1070 827 1248 880 primum
1278 829 1387 881 quod
1417 828 1574 877 attinet,
1605 828 1790 868 maxima

208 894 408 947 perfectio
425 893 606 934 hominis
622 907 672 934 ea
693 899 767 943 est,
790 907 896 946 quae
919 899 1079 946 partem
1107 894 1354 934 rationalem
1380 894 1560 947 respicit;
1583 895 1787 948 siquidem

212 959 338 999 homo
368 958 530 998 ratione
559 958 601 997 in
631 957 798 1010 propria
827 957 967 1010 specie
996 957 1273 998 constituitur.
1304 958 1358 998 At
1379 958 1533 998 bonum
1554 958 1727 998 rationis
1743 957 1785 996 in

210 1025 355 1065 ordine
385 1024 511 1065 situm
542 1030 617 1064 est.
648 1025 730 1064 Per
750 1024 861 1063 hunc
883 1023 994 1063 enim
1016 1024 1147 1063 virtus
1169 1024 1307 1064 omnis
1326 1023 1369 1063 in
1385 1024 1525 1064 animo
1546 1032 1783 1076 generatum

211 1098 251 1131 et
281 1096 511 1131 concentus
550 1089 674 1130 etiam
704 1090 869 1142 ponitur
905 1090 946 1129 in
977 1089 1242 1129 inferioribus
1271 1089 1540 1131 facultatibus
1561 1122 1570 1138 ,
1606 1103 1712 1142 quae
1743 1089 1785 1128 in

210 1161 371 1195 tantum
400 1154 582 1194 hominis
612 1160 709 1194 sunt
737 1153 939 1207 propriae,
971 1153 1013 1192 in
1043 1159 1240 1205 quantum
1270 1153 1445 1193 rationis
1480 1153 1689 1193 iuvandae
1717 1152 1788 1191 mi-

209 1222 380 1262 nisterio
411 1221 649 1273 funguntur.

265 1288 411 1335 Quoad
441 1286 685 1335 secundum,
716 1291 760 1326 ut
789 1286 901 1325 bona
929 1298 1036 1338 quae
1067 1285 1261 1326 dicuntur
1280 1285 1489 1325 naturalia
1509 1290 1580 1324 aut
1596 1285 1787 1325 fortunae

208 1368 234 1393 a
262 1353 384 1393 nobis
406 1367 489 1394 non
509 1353 702 1405 pendent,
724 1352 785 1392 sic
807 1351 1064 1392 contrarium
1086 1351 1254 1392 omnino
1277 1357 1340 1392 est
1362 1352 1411 1391 de
1432 1351 1552 1391 bonis
1573 1352 1625 1391 ad
1646 1364 1786 1392 mores

206 1420 409 1460 honestos
439 1418 752 1472 pertinentibus.
784 1419 903 1458 Haec
926 1418 1035 1457 enim
1058 1432 1084 1457 a
1103 1418 1233 1458 libera
1257 1417 1437 1457 hominis
1460 1418 1671 1458 voluntate
1692 1430 1789 1469 pro·

207 1487 391 1535 cedunt,
423 1486 594 1538 regulae
622 1484 857 1526 honestatis
887 1492 927 1524 et
957 1484 1213 1537 praescripto
1244 1483 1407 1523 divinae
1432 1483 1538 1536 legis
1567 1484 1784 1536 obtempe-

205 1560 338 1594 rante.
372 1555 529 1593 Rectus
559 1558 698 1591 autem
721 1565 822 1591 usus
843 1550 1035 1603 propriae
1057 1550 1294 1598 voluntatis,
1315 1549 1358 1588 in
1384 1550 1583 1602 cuiusque
1602 1549 1784 1590 hominis

207 1618 405 1657 facultate
436 1623 511 1657 est.
543 1617 681 1663 Quare
710 1615 812 1655 ordo
843 1614 1015 1653 moralis
1045 1614 1105 1654 sic
1136 1613 1433 1665 perfectionem
1460 1613 1689 1652 maximam
1718 1613 1787 1652 ho-

205 1681 332 1720 minis
360 1681 569 1732 importat,
599 1684 642 1718 ut
671 1679 723 1718 ab
754 1678 958 1726 omnibus,
989 1678 1056 1730 qui
1087 1677 1226 1724 velint,
1258 1676 1434 1716 obtineri
1463 1683 1598 1728 queat.

259 1746 407 1792 Quoad
438 1745 603 1785 tertium
634 1744 821 1796 denique,
854 1744 970 1783 Deus
998 1743 1152 1784 idcirco
1173 1742 1370 1781 mundum
1392 1741 1621 1782 fabricatus
1642 1747 1717 1790 est,
1741 1747 1787 1782 ut

203 1825 247 1852 se
269 1811 576 1865 quodammodo
594 1810 854 1858 diffunderet,
873 1823 924 1849 ac
954 1809 1194 1861 operatione
1225 1815 1517 1848 creaturarum
1540 1808 1629 1847 eius
1651 1807 1786 1860 gloria

206 1882 382 1915 externa
403 1875 669 1915 obtineretur.
689 1875 879 1913 Iamvero
896 1874 1004 1914 inter
1025 1872 1235 1912 hominem
1257 1877 1297 1912 et
1317 1878 1456 1912 cetera
1477 1871 1601 1919 entia,
1623 1871 1785 1911 ratione

205 1938 392 1979 carentia
421 1938 503 1978 hoc
533 1931 706 1978 interest
736 1937 971 1981 discrimen.
996 1937 1105 1989 quod
1132 1937 1240 1976 haec
1271 1949 1355 1976 non
1385 1936 1554 1988 propria
1585 1935 1787 1975 electione

204 2010 466 2053 moveantur,
492 2005 566 2044 sed
587 2003 859 2044 intentionem
889 2003 1071 2042 divinam
1103 2003 1340 2054 compleant
1370 2002 1495 2042 ductu
1535 2007 1574 2042 et
1604 2000 1784 2041 necessi-

210 2076 294 2111 tate
323 2076 497 2110 naturae
520 2085 528 2118 ;
564 2070 690 2108 homo
712 2075 860 2109 contra
890 2069 1079 2109 libertate
1105 2068 1157 2108 sit
1177 2068 1401 2120 praeditus,
1433 2074 1473 2108 et
1493 2068 1656 2108 actibus
1680 2080 1781 2119 ope-

205 2140 321 2175 retur
365 2146 418 2174 ex
448 2133 676 2173 deliberata
719 2133 934 2172 voluntate
972 2131 1254 2171 manantibus.
1284 2132 1347 2170 Ex
1381 2130 1447 2170 his
1494 2137 1662 2176 autem,
1707 2129 1783 2170 rite

205 2201 362 2253 positis,
386 2201 488 2242 ordo
518 2199 689 2239 moralis
723 2199 959 2239 efflorescit.
992 2199 1104 2250 Ergo
1135 2197 1236 2237 ordo
1266 2196 1438 2237 moralis
1461 2196 1505 2235 in
1535 2197 1617 2236 fine
1648 2196 1785 2236 conti-

203 2271 352 2312 netur,
390 2277 513 2316 quem
552 2264 666 2303 Deus
696 2262 738 2302 in
768 2262 978 2302 creatione
1004 2275 1142 2301 rerum
1186 2261 1370 2300 intendit.
1403 2261 1535 2299 Immo
1571 2259 1665 2300 finis
1696 2260 1784 2300 eius

204 2328 434 2380 praecipua
463 2332 537 2376 est,
560 2340 670 2379 pars;
693 2326 895 2379 siquidem
918 2339 991 2378 per
1011 2325 1146 2377 ipsum
1169 2324 1245 2364 Dei
1265 2323 1399 2376 gloria
1419 2323 1639 2375 perficitur,
1661 2337 1785 2376 quam

205 2393 304 2431 ordo
344 2391 546 2443 physicus
580 2391 621 2429 in
652 2396 814 2431 tantum
840 2389 1017 2441 attingit,
1048 2389 1091 2428 in
1121 2394 1321 2441 quantum
1349 2387 1402 2426 ad
1431 2387 1619 2427 ordinem
1642 2400 1785 2427 mora-

203 2458 283 2498 lem
314 2458 500 2497 refertur.

260 2524 372 2575 Ergo
403 2523 443 2562 in
475 2522 619 2563 ordine
649 2522 799 2562 morali
828 2522 1016 2561 relucent
1045 2520 1305 2561 conditiones
1326 2533 1484 2569 omnes,
1507 2533 1613 2572 quae
1646 2519 1699 2559 ad
1721 2520 1787 2560 de-

206 2589 474 2629 stinationem
505 2588 687 2628 hominis
716 2588 758 2627 in
788 2589 869 2628 hac
901 2588 985 2627 vita
1022 2586 1382 2628 determinandam
1411 2587 1688 2638 requiruntur.

263 2652 384 2699 Quod
420 2653 454 2691 si
492 2652 533 2691 in
574 2652 814 2704 particulari
845 2658 1069 2704 quaeratur
1109 2651 1204 2704 quid
1234 2650 1346 2690 facto
1377 2662 1480 2702 opus
1510 2649 1563 2689 sit
1591 2650 1644 2689 ad
1673 2652 1785 2690 hunc

211 2719 398 2759 ordinem
423 2717 675 2766 habendum,
698 2718 1000 2770 respondemus
1021 2717 1060 2756 id
1081 2716 1168 2757 erui
1190 2729 1313 2768 posse
1336 2729 1390 2756 ex
1411 2715 1608 2768 analogia
1629 2715 1785 2756 ordinis

206 2783 383 2837 physici.
407 2782 517 2822 Ordo
539 2789 677 2823 autem
707 2783 908 2836 physicus
930 2783 1059 2822 tribus
1080 2781 1340 2834 potissimum
1362 2781 1578 2820 elementis
1608 2787 1784 2821 constat:

206 2850 482 2891 collocatione
499 2848 636 2888 debita
652 2862 893 2900 corporum;
912 2847 1104 2896 motibus,
1122 2847 1241 2887 iuxta
1256 2847 1372 2899 leges
1395 2859 1420 2885 a
1436 2846 1524 2885 Deo
1546 2846 1783 2898 impositas;

206 2927 416 2956 consensu
446 2913 594 2953 virium
625 2912 896 2961 diversarum,
917 2924 1020 2952 sese
1051 2923 1123 2964 pro
1145 2909 1450 2963 opportunitate
1474 2909 1782 2961 explicantium.
