1970 3203
229 244 365 270 CAPUT
383 244 421 272 11.
439 243 491 269 DE
512 243 775 270 OPERATIONE
796 245 975 271 HUMANA
995 245 1135 271 PROUT
1157 244 1400 272 ORDINATUR
1422 245 1463 271 IN
1482 245 1612 272 FINEM
1646 232 1699 272 69

136 319 415 357 humanarum
446 317 688 358 exercitium
710 332 784 358 suo
815 319 938 358 modo
960 319 1192 371 opitulatur.
1224 320 1336 371 Ergo
1358 319 1407 359 de
1428 320 1509 359 hac
1539 332 1702 372 quoque

133 397 270 436 pauca
291 383 468 423 dicenda
498 390 605 432 sunt,
627 390 824 437 quantum
846 385 1035 425 videlicet
1052 399 1144 424 cum
1166 385 1403 426 moralitate
1435 391 1602 425 actuum
1632 386 1703 425 hu-

133 460 350 486 manorum
383 448 657 487 connectitur.

185 512 472 561 Sensibilitas,
504 514 736 565 generatim
764 514 981 566 inspecta,
1018 514 1258 555 facultatem
1298 522 1382 555 tum
1412 516 1696 568 cognoscendi

130 590 215 620 tum
237 579 454 631 appetendi
476 579 775 632 complectitur.
797 581 852 619 At
880 580 928 619 de
949 580 1040 631 ipsa
1055 587 1175 632 prout
1194 581 1391 621 facultate
1412 581 1698 633 cognoscendi

130 644 391 692 continetur,
422 657 528 697 quae
556 658 629 697 per
658 645 845 685 diversos
874 659 1024 685 sensus
1055 659 1099 685 se
1130 647 1312 694 evolvit,
1348 653 1387 686 et
1416 647 1457 685 in
1488 647 1698 699 imagina-

131 709 243 749 tione
275 709 393 761 quasi
422 710 463 748 in
490 716 632 750 centro
664 711 881 763 colligitur,
912 711 1014 751 nihil
1044 711 1253 763 peculiare
1282 712 1351 751 hic
1382 713 1602 752 dicendum
1633 727 1699 753 oc-

133 772 270 813 currit.
304 774 384 813 Per
413 786 458 812 se
480 773 589 813 enim
612 774 759 826 cuique
790 780 913 825 patet,
935 788 1026 814 eam
1056 775 1223 814 nonnisi
1251 775 1571 816 instrumentum
1602 791 1697 817 esse

130 839 315 886 rationis,
347 839 412 878 cui
430 839 647 879 materiam
677 840 1051 880 abstrahendarum
1082 840 1268 880 idearum
1297 842 1543 893 suppeditat.
1566 844 1696 890 Quae-

132 916 228 941 nam
260 915 356 942 vero
387 902 475 942 eius
506 909 655 943 natura
684 903 747 951 sit,
769 903 946 955 quidque
976 904 1028 943 ad
1054 904 1298 944 exercitium
1327 918 1496 944 suorum
1525 912 1694 945 actuum

130 968 320 1020 postulet,
351 967 392 1006 id
413 968 515 1008 satis
535 981 740 1021 superque
769 969 810 1007 in
833 970 1119 1021 Psychologia
1148 970 1422 1022 disceptatum
1454 977 1528 1011 est.
1550 973 1699 1011 Restat

130 1034 256 1086 igitur
287 1040 328 1073 ut
359 1034 408 1074 de
439 1035 571 1074 altera
601 1035 692 1074 eius
720 1040 838 1088 parte
868 1035 1196 1076 sermocinemur
1217 1069 1225 1084 ,
1260 1050 1366 1089 quae
1396 1037 1448 1076 ad
1478 1037 1699 1090 appetitio-

129 1114 226 1140 nem
257 1106 430 1153 spectat.

183 1168 327 1219 Itaque
344 1166 555 1207 tendentia
577 1168 650 1207 illa
665 1167 814 1216 vitalis,
836 1181 917 1219 qua
937 1167 1130 1207 animans
1152 1168 1191 1207 in
1213 1169 1367 1208 bonum
1394 1169 1588 1209 sensibus
1610 1182 1698 1221 pro-

128 1230 307 1283 positum
338 1230 475 1278 fertur,
508 1236 630 1283 atque
660 1244 686 1269 a
718 1231 827 1270 malo
857 1231 1100 1279 retrahitur,
1131 1232 1301 1271 sensilis
1331 1232 1527 1285 appetitio
1558 1233 1696 1273 nomi—

127 1300 262 1333 natur.
294 1294 411 1333 Haec
442 1294 609 1333 nonnisi
630 1294 835 1334 obiectum
868 1295 1081 1334 materiale
1112 1302 1150 1335 et
1181 1301 1422 1335 concretum
1452 1296 1615 1347 proprie
1636 1310 1695 1336 re-

134 1356 268 1408 spicit,
287 1370 379 1396 cum
398 1364 576 1409 nequeat
591 1370 788 1410 superare
804 1358 1051 1410 principium
1068 1372 1092 1397 a
1108 1372 1186 1411 quo
1204 1365 1440 1410 generatur.
1462 1361 1508 1398 In
1530 1359 1698 1399 homine

129 1427 269 1460 autem
287 1427 455 1472 propter
471 1421 822 1469 coniunctionem,
841 1435 963 1473 quam
984 1421 1110 1461 habet
1131 1435 1225 1460 cum
1249 1429 1363 1473 parte
1384 1422 1588 1469 rationali,
1611 1435 1699 1462 sae-

129 1500 355 1539 penumero
385 1487 681 1538 appetitionem
717 1486 850 1538 ipsam
880 1487 1106 1527 voluntatis
1143 1488 1257 1527 circa
1295 1488 1448 1526 bonum
1479 1487 1693 1539 spirituale

128 1554 359 1601 comitatur;
390 1552 447 1592 ita
475 1559 627 1600 tamen,
658 1557 702 1591 ut
722 1566 804 1592 non
826 1553 939 1592 circa
968 1553 1066 1592 illud
1097 1560 1297 1600 versetur,
1328 1554 1401 1593 sed
1423 1554 1557 1593 solum
1578 1553 1694 1593 circa

126 1620 380 1672 phantasma
407 1618 733 1670 imaginationis,
765 1619 871 1670 quod
903 1633 986 1658 una
1016 1633 1110 1658 cum
1140 1619 1413 1671 conceptione
1443 1620 1593 1660 mentis
1624 1634 1694 1660 ex-

128 1683 291 1730 citatur,
322 1688 362 1721 et
390 1681 433 1720 in
463 1695 542 1733 quo
572 1682 778 1721 obiectum
808 1682 906 1721 illud
941 1682 1153 1734 spirituale
1188 1683 1491 1735 quodammodo
1523 1684 1691 1723 relucet.

179 1746 243 1785 67.
275 1746 376 1794 Quid
403 1746 556 1796 passio.
589 1745 762 1785 Sensilis
791 1745 1006 1798 appetitio,
1038 1759 1132 1784 cum
1163 1747 1379 1786 remissior
1410 1752 1486 1794 est,
1516 1748 1694 1786 affectus

128 1810 345 1849 dumtaxat
374 1809 576 1861 quosdam
603 1809 826 1849 constituit.
857 1811 913 1849 At
941 1809 982 1847 in
1012 1809 1156 1848 altiore
1187 1823 1262 1849 suo
1297 1810 1431 1862 gradu
1460 1809 1692 1849 subiectum

127 1876 394 1915 vehementer
423 1874 589 1923 excitat,
611 1888 689 1914 nec
718 1875 759 1913 in
781 1875 872 1915 sola
905 1874 1100 1915 facultate
1132 1888 1177 1914 se
1207 1876 1402 1921 continet,
1434 1875 1508 1914 sed
1528 1875 1691 1927 organi-

126 1955 259 1980 smum
281 1941 416 1992 ipsum
437 1941 784 1980 transmutatione
805 1940 943 1992 aliqua
963 1947 1208 1988 commovet,
1231 1947 1397 1992 praeter
1424 1948 1577 1980 statum
1598 1955 1693 1981 con-

125 2012 287 2047 suetum
317 2013 356 2046 et
372 2007 616 2046 naturalem.
639 2007 684 2045 Id
706 2019 878 2046 cernere
908 2007 1030 2046 estin
1053 2006 1232 2053 homine,
1256 2007 1318 2045 ira
1348 2013 1549 2059 correpto,
1574 2007 1694 2047 cuius

126 2087 173 2113 os
203 2073 358 2124 pallore
388 2072 652 2119 suffunditur,
683 2078 800 2112 artus
835 2072 1194 2119 contremiscunt,
1224 2071 1451 2111 scintillant
1482 2072 1603 2111 oculi.
1636 2072 1690 2112 Hi

126 2137 459 2178 vehementiores
476 2127 760 2177 sensibilitatis
777 2144 912 2177 motus
922 2138 1148 2190 passiones
1165 2144 1379 2186 vocantur,
1397 2151 1501 2190 quae
1520 2138 1689 2190 proinde

127 2201 287 2241 definiri
316 2208 489 2253 possunt
519 2201 592 2249 sic,
623 2206 666 2240 ut
686 2214 778 2240 esse
809 2201 1009 2240 dicantur:
1050 2201 1343 2240 Velzementior
1373 2201 1570 2240 excitatio
1600 2215 1688 2240 sen-

123 2268 219 2307 silis
249 2267 471 2320 appetitus,
503 2280 597 2306 cum
627 2267 794 2306 insueta
824 2268 1018 2319 corporis
1043 2267 1332 2306 commotione.
1364 2268 1427 2307 Ex
1457 2279 1536 2319 quo
1564 2272 1687 2318 patet:

126 2332 347 2384 passiones
376 2331 527 2384 duplici
555 2333 758 2372 elemento
779 2338 986 2373 constare:
1008 2331 1201 2370 nimirum
1230 2338 1327 2371 actu
1354 2332 1562 2372 facultatis
1588 2346 1689 2373 sen-

124 2395 285 2442 sitivae,
317 2400 355 2434 et
384 2395 730 2434 transmutatione
761 2409 834 2434 seu
865 2395 1108 2434 alteratione
1140 2396 1382 2447 organismi.

173 2460 236 2501 68.
267 2460 605 2511 concupiscibilis
621 2465 664 2500 et
678 2461 917 2501 irascibilis.
930 2460 1169 2508 Passiones,
1182 2461 1457 2501 communiter
1472 2467 1684 2514 acceptae,

120 2525 311 2565 bifariam
334 2524 583 2574 dividuntur;
604 2525 645 2563 in
666 2532 823 2577 partem
849 2526 1039 2565 videlicet
1061 2527 1441 2579 concupiscibilem,
1463 2532 1501 2566 et
1526 2527 1567 2566 in
1590 2541 1688 2579 par-

120 2596 202 2630 tem
232 2590 504 2629 irascibilem.
536 2590 676 2630 Prima
700 2605 773 2631 eos
794 2597 930 2631 motus
950 2591 1154 2643 appetitus
1176 2593 1476 2644 complectitur,
1498 2594 1565 2645 qui
1587 2607 1683 2633 ver—

121 2658 268 2692 santur
298 2653 411 2692 circa
430 2653 584 2692 bonum
604 2655 938 2706 prosequendum
968 2662 1037 2693 aut
1057 2655 1210 2694 malum
1231 2656 1525 2703 aversandum,
1546 2669 1618 2708 per
1639 2668 1685 2695 se

122 2723 162 2757 et
189 2718 430 2770 simpliciter
460 2718 661 2771 inspecta,
693 2726 813 2771 prout
842 2733 990 2772 nempe
1020 2720 1172 2759 bonum
1195 2727 1265 2760 aut
1292 2723 1447 2760 malum
1477 2728 1586 2761 sunt.
1616 2721 1684 2759 Al-

122 2788 212 2823 tera
242 2798 338 2835 pars
368 2785 552 2824 continet
580 2785 826 2837 passiones,
856 2799 960 2838 quae
989 2787 1214 2839 respiciunt
1244 2788 1397 2827 bonum
1428 2793 1500 2826 aut
1530 2787 1685 2825 malum

123 2860 206 2887 non
229 2849 468 2901 simpliciter
497 2857 740 2902 spectatum,
763 2852 834 2892 sed
855 2853 1161 2904 apprehensum
1184 2859 1228 2892 ut
1248 2854 1423 2893 arduum
1440 2846 1483 2893 et
1510 2853 1562 2891 ad
1592 2865 1688 2892 con-

123 2913 376 2964 sequendum
406 2916 472 2954 vel
493 2915 783 2956 declinandum
804 2917 980 2957 difficile.
1011 2917 1057 2956 Id
1078 2931 1174 2957 vero
1207 2919 1393 2970 provenit
1410 2932 1464 2958 ex
1485 2931 1545 2965 eo,
1576 2915 1682 2968 quod
