1970 3203
365 243 503 270 CAPUT
532 242 584 269 1V.
614 242 667 268 DE
696 241 866 268 OFFrcus
896 241 1066 269 HOMINIS
1096 241 1208 268 ERGA
1238 240 1354 268 ALIOS
1572 227 1655 268 179

80 328 120 363 et
139 317 399 373 propagatio;
416 317 468 356 ad
488 317 603 369 ipsos
623 331 695 369 per
723 331 769 358 se
788 318 899 357 bona
915 326 1089 370 paterna
1105 317 1312 370 pertinere
1329 316 1490 365 debent;
1511 329 1652 370 quem-

78 383 314 431 admodum,
332 381 467 434 quoad
497 381 812 430 usumfructum,
833 381 1038 434 pertinere
1068 382 1217 422 debent
1249 382 1373 421 etiam
1395 381 1448 420 ad
1468 381 1647 428 viduam,

76 462 182 502 quae
215 447 551 500 personalitatem
580 447 709 499 patris
736 447 860 486 veluti
893 446 1139 499 integrabat.
1167 448 1332 487 Nullum
1354 446 1478 499 igitur
1507 459 1653 486 neces-

77 515 234 555 sarium
266 519 329 554 est
357 518 663 561 testamentum,
695 519 737 552 ut
767 513 839 552 filii
867 512 908 552 in
939 512 1068 564 patris
1100 513 1400 554 haereditatem
1431 512 1519 552 iure
1549 525 1650 553 suc-

75 577 240 625 cedant,
271 577 346 616 sed
378 577 418 615 id
447 577 486 615 vi
515 576 645 628 ipsius
675 582 847 616 naturae
878 576 1094 628 contingit.

586 706 826 746 Solvuntur
853 706 1138 758 difficultates.

133 839 195 878 78.
229 836 358 876 Obz'ic.
390 838 420 875 I.
452 836 495 876 Si
523 836 587 875 ius
616 834 882 888 proprietatis
912 849 937 874 a
965 841 1118 875 natura
1150 836 1407 888 procederet,
1440 849 1652 888 nunquam

81 901 225 941 violari
256 909 409 953 posset.
439 901 563 953 Atqui
592 900 838 953 quandoque
868 900 978 940 licite
1008 901 1212 948 violatur;
1244 913 1337 939 cum
1360 913 1424 939 ex.
1455 913 1516 952 gr.
1548 901 1651 952 quis,

80 966 122 1003 in
153 972 343 1005 extrema
372 964 623 1004 necessitate
653 965 914 1012 constitutus,
937 976 991 1002 ex
1020 963 1144 1003 rebus
1170 964 1319 1003 alienis
1348 963 1426 1003 sibi
1447 963 1652 1003 subvenit.

82 1031 194 1083 Ergo
223 1030 288 1070 ius
318 1029 583 1082 proprietatis
612 1042 695 1069 non
727 1035 791 1069 est
821 1042 846 1068 a
874 1037 1035 1070 natura.

135 1098 184 1135 R.
222 1097 409 1136 Concedo
440 1096 661 1143 maiorem,
691 1102 730 1135 et
759 1109 863 1148 nego
894 1096 1118 1144 minorem,
1139 1110 1263 1149 quam
1286 1096 1523 1148 exemplum
1553 1094 1653 1134 illud

83 1163 195 1202 nullo
225 1163 348 1202 modo
379 1162 647 1202 demonstrat.

136 1228 228 1266 Hoc
257 1226 360 1278 ipso,
390 1226 498 1278 quod
529 1225 594 1264 ius
623 1224 887 1278 proprietatis
917 1238 942 1264 a
972 1231 1122 1264 natura
1151 1225 1347 1273 dimanat,
1388 1225 1476 1265 eius
1506 1224 1653 1264 obser-

83 1290 227 1329 vantia
256 1297 296 1329 et
324 1289 621 1329 inviolabilitas
651 1302 676 1327 a
705 1294 855 1327 natura
884 1289 1147 1341 praecipitur.
1180 1290 1289 1330 Hinc
1320 1299 1460 1329 tamen
1491 1302 1575 1328 non
1597 1301 1658 1327 se-

82 1354 219 1405 quitur
235 1366 317 1392 non
338 1365 464 1405 posse
485 1352 663 1405 aliquem
684 1352 726 1391 in
748 1360 948 1400 extrema,
965 1353 1029 1392 vel
1051 1354 1170 1405 quasi
1186 1360 1387 1400 extrema,
1405 1352 1655 1393 necessitate

84 1425 244 1458 tantum
276 1419 325 1458 de
354 1419 478 1458 rebus
507 1418 654 1458 alienis
685 1419 932 1470 decerpere,
968 1427 1166 1471 quantum
1200 1420 1440 1460 necessitati
1471 1419 1528 1458 illi
1557 1425 1657 1458 tunc

86 1484 350 1536 repellendae
371 1489 433 1523 est
454 1497 570 1536 opus.
600 1485 743 1536 Neque
764 1484 806 1522 iu
826 1484 907 1523 hoc
938 1484 1160 1525 incurritur
1182 1485 1349 1525 violatio
1378 1484 1656 1538 proprietatis.

86 1553 194 1590 Nam
225 1564 444 1602 supremus
465 1564 604 1590 rerum
627 1550 930 1589 mundanarum
963 1550 1153 1590 dominus
1171 1558 1233 1591 est
1256 1552 1380 1599 Deus;
1411 1551 1478 1603 qui
1500 1556 1659 1601 partem

86 1616 209 1655 huius
240 1615 420 1664 dominii,
443 1616 579 1668 quoad
609 1615 825 1654 utilitatem
847 1616 1105 1667 capiendam,
1137 1616 1197 1656 sic
1214 1617 1389 1669 singulis
1420 1615 1660 1656 hominibus

87 1682 307 1729 concessit,
339 1687 382 1720 ut
412 1681 499 1720 eius
530 1680 775 1720 exercitium
806 1686 970 1720 ceteros
999 1695 1082 1720 non
1115 1690 1285 1732 poneret
1319 1683 1358 1721 in
1389 1680 1661 1734 impossibili-

86 1753 171 1787 tate
201 1746 398 1786 servandi
428 1746 569 1785 vitam.
601 1745 740 1791 Quare
771 1745 805 1785 si
836 1751 998 1797 tempus
1027 1746 1208 1794 incidat,
1240 1761 1318 1799 quo
1349 1747 1468 1799 quis,
1499 1746 1664 1785 defectu

85 1810 340 1858 mediorum,
372 1811 422 1850 de
451 1810 536 1849 vita
565 1809 842 1862 periclitetur;
878 1809 1056 1848 facultas
1100 1823 1125 1848 a
1160 1812 1248 1850 Deo
1290 1811 1386 1850 data
1420 1808 1662 1861 intelligitur

87 1875 278 1928 capiendi
308 1877 582 1928 undequaque
610 1876 662 1923 id,
694 1876 801 1928 quod
831 1882 945 1914 tanto
975 1875 1202 1915 discrimini
1231 1877 1485 1916 removendo
1508 1888 1660 1915 neces-

89 1942 245 1982 sarium
276 1947 353 1982 est.
384 1943 527 1993 Neque
548 1941 589 1980 in
610 1942 691 1981 hoc
722 1941 874 1981 furtum
898 1946 1108 1993 patratur;
1140 1954 1234 1979 cum
1260 1940 1411 1979 furtum
1434 1940 1486 1978 sit
1507 1938 1661 1978 ablatio

87 2006 147 2046 rei
177 2005 351 2052 alienae,
382 2005 510 2044 invito
541 2004 843 2045 rationabiliter
874 2004 1062 2043 domino:
1095 2018 1145 2044 ea
1175 2010 1314 2044 autem
1344 2002 1568 2055 hypothesi
1598 2002 1663 2041 vel

91 2070 282 2110 dominus
312 2083 397 2109 non
428 2075 491 2109 est
520 2069 686 2117 invitus,
719 2070 783 2109 vel
813 2076 926 2109 certe
956 2082 1039 2108 non
1071 2075 1134 2108 est
1162 2068 1464 2108 rationabiliter
1497 2066 1663 2105 invitus.

86 2137 241 2175 Verum
272 2135 507 2174 cavendum
537 2141 611 2183 est,
641 2148 693 2174 ne
725 2134 987 2174 conditiones
1017 2133 1241 2186 requisitae
1271 2132 1569 2179 transiliantur;
1602 2131 1662 2169 ni-

88 2198 249 2246 mirum,
279 2204 322 2237 ut
349 2198 587 2239 necessitas
618 2211 713 2237 vere
737 2197 790 2236 sit
810 2197 1074 2249 gravissima;
1098 2203 1140 2237 ut
1161 2198 1318 2237 nullum
1339 2196 1450 2236 aliud
1482 2195 1665 2235 medium

87 2267 142 2305 ad
171 2279 262 2305 eam
283 2266 565 2317 repellendam
595 2265 714 2313 adsit3
735 2271 778 2303 ut
798 2270 957 2304 tantum
979 2265 1178 2316 capiatur,
1201 2271 1398 2317 quantum
1430 2262 1666 2303 necessitas

89 2339 185 2371 tunc
206 2333 410 2383 postulat;
433 2337 555 2383 atque
586 2338 630 2371 ut
657 2344 701 2371 re
722 2330 950 2370 auferenda
971 2330 1162 2371 dominus
1182 2331 1224 2370 in
1245 2331 1391 2370 eadem
1410 2328 1665 2368 necessitate

88 2409 173 2435 non
199 2395 489 2435 constituatur.

146 2458 275 2498 Obz‘ic.
306 2459 359 2497 ΙΙ.
377 2471 427 2497 ex
446 2458 627 2498 Hobbes:
649 2459 700 2497 Vi
720 2465 895 2500 naturae
917 2472 1062 2498 omnes
1085 2458 1149 2498 ius
1169 2458 1326 2497 habent
1346 2456 1398 2495 ad
1420 2455 1571 2495 omnia.
1590 2456 1667 2495 Ne-

95 2535 162 2562 mo
184 2522 309 2574 igitur
331 2521 456 2561 alium
479 2522 701 2561 excludere
722 2530 859 2574 potest
880 2537 906 2562 a
925 2537 968 2563 re
991 2524 1076 2562 ulla
1092 2555 1100 2571 ‚
1117 2536 1240 2575 quam
1261 2521 1338 2561 sibi
1360 2520 1463 2560 forte
1487 2520 1671 2559 vindica-

93 2587 163 2627 vit.
195 2588 277 2627 Sed
306 2587 396 2626 sine
413 2587 611 2627 facultate
627 2589 876 2628 excludendi
894 2590 999 2629 alios
1028 2602 1053 2627 a
1072 2601 1130 2636 re,
1149 2601 1272 2639 quam
1302 2587 1450 2639 aliquis
1469 2586 1671 2637 possidet,

96 2653 327 2705 proprietas
346 2652 509 2704 concipi
523 2652 673 2704 nequit.
693 2654 803 2706 Ergo
819 2653 859 2692 in
877 2659 986 2694 statu
999 2658 1287 2701 naturae‚ante
1303 2653 1437 2693 civilis
1454 2650 1670 2691 societatis

96 2718 415 2767 institutionem,
444 2719 675 2771 proprietas
704 2720 867 2771 privata
896 2720 1055 2760 adstrui
1089 2732 1351 2772 nequaquam
1373 2724 1519 2771 potest.
1552 2717 1671 2756 Haec

103 2779 228 2832 igitur
256 2782 422 2822 nonnisi
452 2796 478 2822 a
504 2783 704 2823 societate
734 2783 773 2822 vi
802 2784 941 2836 legum
972 2783 1154 2823 civilium
1185 2782 1386 2835 originem
1422 2781 1543 2821 ducit.

151 2845 200 2883 R.
230 2845 341 2885 Dz'st.
378 2850 464 2886 αηί.
494 2848 546 2887 Vi
577 2854 752 2887 naturae
782 2860 927 2887 omnes
946 2847 1010 2887 ius
1038 2846 1196 2886 habent
1216 2846 1269 2885 ad
1290 2846 1430 2886 omnia
1460 2845 1671 2885 abstracte

105 2913 144 2948 et
173 2909 380 2961 negative,
412 2924 538 2960 conc.;
570 2912 843 2952 determinate
873 2918 913 2952 et
941 2911 1130 2963 positive,
1166 2924 1284 2963 neyo.
