1970 3203
487 215 624 241 CAPUT
653 215 704 240 1v.
735 214 788 240 DE
817 214 987 242 orrlcns
1015 214 1187 241 HOMINIS
1216 214 1329 241 ERGA
1359 213 1476 241 Amos
1684 201 1761 241 183

247 291 297 330 Et
316 303 419 329 sane
436 290 472 330 si
493 290 696 330 obiectum
719 290 951 342 ignoratur,
983 296 1225 330 contractus
1246 304 1330 330 non
1352 290 1429 330 erit
1450 289 1629 341 amplius
1649 289 1759 328 actio

193 354 438 404 voluntaria;
458 356 651 395 voluntas
673 355 782 394 enim
811 355 853 394 in
875 355 1063 407 ignotum
1086 355 1182 395 ferri
1204 356 1358 408 nequit.
1380 356 1520 402 Quare
1550 355 1667 395 dolus
1690 362 1762 394 aut

192 420 305 459 fraus
326 420 518 468 alterius,
548 421 613 460 vel
644 433 758 461 error
787 421 901 460 circa
920 420 1195 461 substantiam
1228 422 1293 461 vel
1323 421 1592 462 essentialem
1622 421 1761 473 quali-

191 489 318 523 tatem
341 483 412 532 rei,
444 497 538 523 cum
559 483 778 524 scientiam
809 484 1006 532 destruat,
1037 484 1239 524 validitati
1260 490 1502 524 contractus
1525 483 1759 536 opponitur.

193 548 285 586 Non
307 547 365 587 ita
395 554 469 596 est,
500 547 532 587 si
556 547 762 600 ignoratio
792 554 981 587 versetur
1010 550 1124 586 circa
1152 548 1374 599 qualitates
1404 547 1702 587 accidentales.

245 614 310 652 Ex
332 614 478 653 eadem
509 614 636 655 ferme
659 614 818 654 ratione
848 613 988 653 irritus
1009 620 1071 653 est
1101 619 1360 662 contractus,
1393 628 1486 654 cum
1516 614 1691 654 libertas
1722 613 1763 651 in

194 679 483 719 contrahendo
505 680 632 719 deest.
663 681 781 719 Tunc
811 681 919 719 enim
942 686 1062 718 actus
1091 691 1175 717 non
1197 685 1260 718 est
1280 679 1499 727 humanus3
1522 692 1573 718 ac
1591 678 1764 731 proinde

195 758 326 785 causa
361 746 641 794 desideratur,
672 759 777 798 quae
814 745 1060 786 relationem
1090 745 1203 784 illam
1239 745 1404 797 gignat,
1440 752 1606 797 propter
1640 758 1764 797 quam

196 809 297 849 ordo
327 810 501 850 rationis
529 810 826 863 obligationem
847 809 1030 861 imponit.
1063 810 1126 849 Ex
1146 809 1227 848 hoc
1258 808 1393 860 capite
1423 808 1554 848 valori
1591 814 1761 848 contra-

196 881 289 914 ctus
311 875 532 928 opponitur
561 875 752 924 ebrietas,
782 876 849 915 vel
880 874 1110 922 dementia,
1142 875 1205 914 vel
1228 874 1424 925 pueritia;
1456 879 1527 913 aut
1549 873 1624 921 vis,
1654 886 1760 925 quae

194 942 245 980 ad
277 954 531 981 consensum
563 941 892 994 extorquendum
922 941 1072 982 iniuste
1101 941 1312 981 inseratur.

248 1008 308 1047 De
331 1007 634 1047 coexsistentia
655 1021 754 1047 vero
777 1007 905 1048 mutui
929 1019 1176 1054 consensus,
1193 1020 1260 1046 res
1277 1020 1350 1058 per
1370 1020 1415 1046 se
1437 1005 1668 1058 conspicua
1689 1011 1762 1045 est:

196 1071 399 1123 siquidem
430 1077 473 1110 ut
495 1078 698 1124 exsurgat
719 1072 877 1120 relatio,
911 1071 1099 1123 utrinque
1128 1071 1330 1110 terminus
1356 1076 1522 1110 exstare
1554 1070 1691 1110 debet:
1723 1069 1765 1108 hi

193 1140 331 1174 autem
355 1134 519 1173 termini
550 1142 646 1174 sunt
667 1135 1002 1175 contrahentium
1026 1135 1274 1175 voluntates.
1308 1135 1423 1180 Quae
1445 1148 1546 1174 sane
1569 1134 1765 1174 volunta—

192 1203 256 1237 tes
277 1197 544 1238 extrinsecus
565 1198 703 1250 aliquo
725 1199 847 1251 signo
868 1198 1126 1238 manifestari
1144 1198 1304 1246 debent,
1336 1206 1379 1239 ut
1399 1199 1496 1237 hinc
1528 1198 1623 1237 inde
1646 1197 1765 1249 paci—

193 1262 407 1302 scentibus
427 1263 705 1302 innotescant.
722 1264 831 1303 Hinc
849 1264 1002 1303 oblatio
1025 1271 1065 1304 et
1084 1265 1316 1317 acceptatio
1338 1264 1378 1303 in
1401 1263 1688 1304 contrahendo
1706 1276 1766 1302 re-

193 1327 376 1379 quiritur,
407 1334 446 1367 et
467 1328 629 1380 quidem
653 1329 912 1369 simultanee.
946 1331 1078 1370 Secus
1099 1330 1133 1369 si
1155 1344 1203 1370 eo
1225 1338 1421 1382 tempore,
1454 1343 1534 1382 quo
1555 1343 1640 1368 una
1668 1318 1766 1380 pars

194 1394 326 1441 offert,
349 1394 481 1433 altera
501 1407 582 1433 non
604 1401 810 1446 acceptet;
832 1396 1008 1436 effectus
1029 1395 1167 1434 nullus
1188 1396 1384 1448 gignitur,
1405 1395 1502 1448 quia
1524 1395 1640 1434 deest
1660 1407 1766 1433 con—

195 1472 326 1498 causa
354 1460 408 1499 ad
424 1461 618 1499 effectum
639 1461 962 1512 producendum.
996 1462 1146 1508 Quare,
1170 1468 1266 1500 ante
1288 1461 1637 1512 acceptationem,
1670 1460 1767 1499 offe-

194 1534 292 1561 rens
320 1522 422 1562 liber
451 1530 591 1564 manet
624 1524 761 1575 quoad
790 1525 1031 1564 mutandam
1063 1526 1336 1573 voluntatem;
1367 1523 1569 1577 siquidem
1600 1530 1767 1575 propter

196 1588 427 1627 carentiam
454 1588 625 1628 alterius
647 1589 825 1637 termini,
849 1590 963 1629 nulla
983 1591 1120 1629 adhuc
1141 1590 1339 1642 obligatio
1363 1590 1553 1629 effloruit.
1586 1590 1678 1628 Non
1700 1595 1766 1628 ta-

194 1665 286 1691 men
309 1664 485 1691 necesse
506 1659 569 1691 est
591 1660 633 1691 ut
662 1666 896 1693 consensus
929 1667 1095 1706 semper
1117 1654 1170 1693 sit
1200 1654 1445 1706 explicitus;
1471 1653 1626 1694 sufficit
1656 1652 1765 1692 enim

193 1717 441 1770 quandoque
458 1731 693 1758 consensus
724 1719 876 1758 tacitus
894 1725 931 1758 et
951 1719 1190 1771 implicitus,
1223 1733 1316 1759 cum
1334 1733 1482 1771 nempe
1501 1732 1681 1771 persona
1701 1719 1766 1758 vel

193 1796 278 1822 non
294 1783 543 1823 contradicit
559 1785 623 1823 vel
642 1784 797 1836 aliquid
815 1785 901 1837 agit
931 1785 1040 1836 quod
1057 1798 1309 1825 consensum
1333 1785 1558 1824 voluntatis
1579 1783 1765 1824 includit.

247 1847 449 1895 Tandem,
469 1853 513 1886 ut
537 1848 635 1896 dixi,
658 1848 866 1888 obiectum
888 1848 1008 1888 debet
1029 1862 1122 1888 esse
1144 1848 1341 1900 possibile
1363 1855 1402 1888 et
1423 1848 1590 1887 licitum.
1614 1847 1765 1887 Possi-

192 1913 272 1953 bile
292 1913 577 1966 quidem;quia
597 1913 794 1966 obligatio
816 1914 930 1952 nulla
950 1914 1052 1965 fingi
1069 1921 1203 1966 potest
1224 1914 1276 1953 ad
1294 1927 1356 1961 ea,
1370 1926 1481 1966 quae
1499 1913 1538 1952 in
1557 1919 1766 1965 potestate

193 1987 338 2020 nostra
359 1993 444 2019 non
467 1987 573 2028 sunt,
605 1980 714 2019 unde
736 1986 869 2018 ortum
891 1987 954 2020 est
975 1981 1165 2020 effatum:
1198 1980 1274 2018 Ad
1293 1979 1551 2031 impossibile
1573 1991 1692 2017 nemo
1717 1981 1766 2017 te-

196 2047 332 2083 netur.
363 2044 541 2083 Licitum
563 2057 663 2083 vero
686 2056 780 2083 esse
802 2043 939 2092 debet,
971 2043 1067 2095 quia
1086 2044 1200 2082 nulla
1220 2042 1441 2083 conventio
1464 2043 1666 2093 derogare
1690 2054 1766 2093 po-

196 2115 277 2149 test
305 2111 371 2149 vel
401 2109 674 2161 exstinguere
691 2108 873 2148 officium
894 2109 1085 2149 naturale
1115 2114 1154 2147 et
1174 2108 1416 2160 ingenitum,
1433 2120 1512 2159 quo
1534 2113 1651 2158 turpe
1671 2119 1759 2158 pro-

195 2173 312 2225 sequi
343 2173 620 2225 prohibemur.
651 2173 714 2212 Re
736 2172 862 2224 igitur
890 2171 1134 2224 impossibili
1156 2179 1195 2212 et
1216 2172 1323 2224 turpi
1353 2172 1532 2219 seclusa,
1555 2171 1762 2210 obiectum

195 2244 439 2276 contractus
469 2250 563 2277 esse
592 2244 728 2289 potest
757 2250 824 2276 res
858 2236 1064 2289 quaelibet
1093 2237 1134 2275 in
1166 2236 1346 2275 dominio
1378 2242 1520 2275 nostro
1559 2235 1696 2287 posita
1725 2243 1765 2274 et

194 2301 312 2341 alteri
349 2315 431 2341 non
462 2302 667 2353 obligata,
698 2302 763 2341 vel
795 2303 904 2342 actio
934 2302 1108 2354 quaevis
1143 2302 1382 2341 exercenda
1411 2302 1476 2340 vel
1507 2301 1763 2347 omittenda,

192 2380 298 2419 quae
319 2374 461 2406 tamen
481 2381 565 2407 non
587 2367 758 2407 omnino
777 2368 942 2407 interna
964 2368 1037 2416 sit,
1068 2368 1142 2407 sed
1163 2368 1380 2408 effectibus
1410 2369 1558 2408 saltem
1579 2368 1764 2406 exterius

192 2432 356 2485 prodire
385 2434 530 2484 possit.

243 2495 307 2535 81.
337 2496 635 2537 contractuum
656 2497 846 2538 diversae
867 2499 1044 2549 species.
1076 2497 1133 2536 Ut
1153 2497 1385 2537 distinctius
1407 2497 1455 2537 de
1477 2496 1624 2549 quibus
1644 2496 1765 2549 paci-

191 2561 253 2600 sci
285 2566 358 2600 aut
378 2560 628 2601 contrahere
658 2563 866 2613 possimus
886 2563 1162 2614 intelligatur,
1194 2569 1485 2603 contractuum
1514 2562 1759 2614 partitiones

192 2633 289 2667 sunt
308 2627 557 2666 innuendae.
580 2627 718 2666 Dividi
743 2627 870 2680 igitur
891 2634 1133 2668 contractus
1153 2629 1311 2668 solent:
1339 2628 1493 2677 Primo,
1522 2628 1565 2667 in
1585 2628 1764 2667 executa·-

195 2705 266 2732 uos
285 2698 324 2732 et
336 2693 660 2746 promissorios.
680 2694 742 2733 Illi
763 2700 1039 2746 praesentem,
1055 2694 1096 2732 hi
1118 2694 1297 2733 futuram
1318 2694 1620 2746 paciscentium
1641 2707 1763 2745 prae-

198 2758 418 2798 stationem
440 2759 679 2811 respici'unt.
703 2760 908 2808 Secundo,
926 2761 966 2799 in
977 2761 1179 2813 aequales
1191 2768 1232 2801 et
1246 2760 1761 2813 inaequale-&Contractus

202 2824 411 2874 aequales,
432 2822 501 2875 qui
529 2823 653 2863 etiam
676 2824 857 2873 onerosi,
879 2824 1128 2864 bz‘laterales
1156 2832 1228 2864 aut
1247 2825 1603 2877 synallaymatici
1629 2823 1764 2874 appel-

200 2885 350 2932 lantur,
377 2885 435 2924 illi
464 2892 572 2935 sunt,
603 2887 671 2939 qui
691 2887 986 2939 obligationem
1016 2887 1195 2940 aliquam
1218 2889 1408 2942 utrinque
1435 2888 1700 2935 constituunt,
1722 2892 1762 2925 et
