1970 3203
216 181 295 222 270
588 193 653 219 ius
683 192 885 218 NATURAE
906 202 926 207 -
948 193 1055 220 PARS
1084 192 1122 219 11.
1153 192 1220 219 ius
1250 192 1422 220 soeiALE

835 335 1081 374 ARTlcULUs
1114 334 1185 372 IX.

449 462 613 507 Quibus
644 462 779 502 modis
807 476 976 503 samma
1001 465 1193 515 potestas
1225 463 1561 503 transmittatur.

272 597 333 636 74.
365 596 534 648 Triplex
554 596 701 637 modus
723 595 968 648 acquirendi
989 596 1222 649 imperium.
1247 596 1419 635 Summa
1441 602 1625 648 potestas
1647 608 1699 635 ex
1721 604 1802 633 uno

218 662 412 704 subiecto
441 663 484 701 in
512 661 624 701 aliud
655 661 871 702 transferri
904 667 1053 714 potest,
1083 667 1154 701 aut
1185 661 1460 710 haereditate,
1493 667 1562 701 aut
1588 659 1802 706 electione,

217 734 288 766 aut
320 727 414 766 iure
445 726 665 765 victoriae.
698 727 759 765 De
789 725 968 777 singulis
1000 738 1147 777 pauca.

270 794 332 833 75.
364 793 584 834 Successio
604 804 681 843 per
699 793 1019 833 haereditatem.
1052 792 1123 831 Ius
1143 792 1467 831 haereditarium
1489 792 1678 841 habetur,
1701 804 1797 831 cum

217 871 393 910 regnum
424 858 482 897 ita.
502 858 771 897 constitutum
794 863 869 905 est,
891 863 934 896 ut
960 870 1177 909 personae,
1199 857 1347 909 quibus
1380 871 1576 908 suprema
1612 862 1799 909 potestas

217 926 508 973 committitur,
539 939 593 964 ex
624 925 899 965 determinata
929 924 1087 964 familia
1116 931 1228 964 certo
1250 925 1395 964 ordine
1426 924 1672 976 designatae
1705 924 1802 971 sint,

218 999 341 1045 atque
362 993 471 1032 aliae
492 992 585 1032 aliis
616 992 702 1033 vita
723 991 875 1032 functis
896 993 1140 1034 succedant.
1170 994 1421 1032 Innumerae
1443 992 1524 1031 hac
1546 992 1587 1031 in
1609 1005 1655 1031 re
1686 991 1802 1032 exsi—

218 1063 329 1096 stere
365 1063 542 1108 possunt
571 1056 819 1105 varietates,
845 1064 951 1109 'quae
982 1070 1035 1096 ex
1066 1057 1325 1097 diversorum
1356 1057 1603 1109 populorum
1634 1056 1803 1096 statutis

219 1122 426 1173 pendent,
460 1135 510 1161 ac
540 1121 714 1174 proinde
733 1155 741 1171 ,
772 1136 866 1162 cum
897 1136 922 1166 a
952 1122 1166 1163 voluntate
1195 1122 1327 1162 libera
1357 1121 1679 1175 proficiscantur
1700 1154 1709 1170 ,
1740 1121 1806 1161 ius

220 1192 396 1225 naturae
417 1186 842 1238 praetergrediuntur.
876 1187 936 1226 De
958 1186 1023 1225 his
1043 1187 1169 1239 igitur
1199 1187 1405 1227 disserere
1435 1187 1487 1225 ad
1509 1200 1586 1226 nos
1608 1199 1691 1226 non
1713 1199 1804 1238 per-

219 1249 334 1299 tinet;
366 1250 441 1290 sed
472 1250 550 1290 tria
582 1252 800 1290 dumtaxat
829 1251 1135 1299 adnotabimus,
1166 1265 1272 1303 quae
1293 1250 1510 1303 principiis
1541 1250 1804 1292 naturalibus

222 1322 319 1355 sunt
348 1316 485 1368 magis
515 1316 671 1355 affinia.

273 1381 456 1420 Primum
480 1387 567 1429 est,
599 1394 680 1420 non
704 1395 828 1433 posse
850 1382 938 1421 solo
970 1381 1214 1433 imperantis
1245 1381 1415 1421 arbitrio
1439 1381 1588 1421 mutari
1611 1381 1802 1421 ordinem

219 1448 518 1495 successionis,
550 1447 584 1486 si
606 1447 713 1499 legis
734 1447 1071 1488 fundamentales
1093 1448 1210 1499 regni
1233 1447 1388 1500 aliquid
1417 1449 1499 1487 hac
1520 1448 1561 1487 in
1583 1462 1627 1488 re
1663 1449 1801 1488 deter—

218 1515 386 1555 minent.
418 1516 525 1553 Nam
549 1515 664 1566 leges
696 1514 899 1553 eiusmodi
931 1514 1237 1555 conditionibus
1257 1514 1505 1567 quibusdam
1536 1515 1805 1568 adstringunt

219 1579 466 1619 exercitium
489 1592 709 1631 supremae
731 1580 962 1631 potestatis,
985 1586 1023 1619 et
1043 1579 1275 1619 subiectum
1294 1580 1496 1619 definiunt
1526 1580 1579 1619 ad
1601 1580 1710 1632 quod
1730 1579 1803 1618 illa
1842 1607 1846 1610 -

219 1646 427 1698 pertinere
447 1646 607 1685 debeat.
626 1647 672 1684 In
693 1646 773 1685 hoc
791 1659 893 1685 casu
916 1659 1151 1686 consensus
1169 1646 1307 1698 populi
1329 1646 1507 1687 accedat
1526 1659 1703 1686 necesse
1726 1651 1802 1686 est.

273 1711 483 1758 Secundo,
498 1710 573 1750 etsi
596 1710 746 1748 rationi
759 1711 1062 1762 congruentius
1084 1710 1137 1749 sit
1155 1716 1198 1749 ut
1214 1723 1352 1750 mares
1370 1711 1589 1750 dumtaxat
1605 1711 1692 1750 iure
1710 1724 1802 1749 suc-

220 1774 425 1814 cessionis
447 1780 659 1822 ornentur,
673 1774 857 1815 exclusis
878 1774 1055 1823 feminis,
1078 1788 1185 1827 quae
1201 1782 1313 1815 certe
1333 1775 1471 1815 minus
1492 1782 1615 1827 aptae
1633 1781 1731 1815 sunt
1751 1774 1806 1814 ad

219 1846 361 1890 partes
390 1839 622 1891 implendas
643 1838 816 1890 imperii,
847 1848 887 1878 et
908 1839 1095 1880 maribus
1117 1839 1156 1878 vi
1178 1846 1353 1880 naturae
1375 1839 1622 1888 subduntur3
1657 1845 1800 1878 tamen

218 1904 284 1943 ius
305 1910 479 1943 naturae
501 1916 582 1942 non
605 1903 808 1956 prohibet,
821 1905 1043 1956 quominus
1064 1903 1246 1944 feminae
1268 1903 1393 1943 etiam
1415 1918 1579 1944 summa
1595 1909 1802 1956 potestate

219 1968 441 2020 potiantur.
459 1969 565 2007 Nam
586 1981 769 2020 persona
791 1969 970 2020 publica,
989 1975 1110 2020 prout
1132 1968 1298 2020 publica
1319 1975 1395 2016 est,
1416 1981 1441 2006 a
1458 1981 1565 2007 sexu
1581 1968 1801 2015 abstrahit,

220 2041 260 2071 et
282 2040 442 2072 tantum
465 2033 743 2084 capacitatem
774 2032 946 2085 regendi
969 2032 1274 2072 multitudinem
1305 2030 1485 2083 requirit.
1519 2031 1638 2070 Haec
1659 2038 1802 2072 autem

220 2099 438 2152 capacitas
466 2099 508 2138 in
530 2106 624 2139 ente
645 2099 807 2140 ratione
829 2099 1016 2152 praedito
1038 2099 1171 2147 inestg
1204 2098 1294 2138 sive
1315 2112 1407 2137 mas
1427 2097 1497 2146 sit,
1519 2097 1610 2137 sive
1632 2097 1803 2138 femina.

220 2166 493 2206 Potissimum
525 2179 625 2205 vero
647 2166 849 2206 eiusmodi
871 2165 1087 2205 successio
1110 2165 1358 2205 feminarum
1382 2165 1685 2204 inconveniens
1717 2165 1800 2205 dici

219 2233 362 2286 nequit
377 2233 419 2271 in
440 2232 490 2272 iis
501 2232 762 2284 gubernandi
783 2232 940 2281 formis,
956 2232 996 2271 in
1014 2232 1165 2285 quibus
1186 2244 1383 2283 suprema
1401 2237 1588 2283 potestas
1609 2244 1691 2271 non
1711 2244 1798 2283 pro-

220 2300 307 2352 prie
327 2300 435 2351 apud
457 2299 686 2352 principem
708 2299 871 2346 residet,
885 2300 959 2339 sed
982 2299 1092 2350 apud
1109 2297 1279 2337 comitia
1300 2297 1504 2350 quaedam
1526 2297 1742 2350 generalia
1763 2303 1804 2337 et

225 2365 466 2405 adiumento
497 2364 675 2416 plurium
707 2371 938 2404 exercetur.

276 2429 420 2469 Tertia
440 2429 679 2468 observatio
712 2429 790 2477 sit,
828 2429 994 2468 modum
1018 2427 1326 2469 transmittendi
1358 2432 1603 2479 potestatem
1636 2440 1708 2479 per
1737 2427 1804 2466 ius

220 2485 556 2544 haereditarium]
568 2496 688 2536 valde
707 2502 1036 2535 consentaneum
1054 2507 1148 2533 esse
1167 2494 1275 2534 bono
1293 2494 1440 2534 sociali
1457 2494 1508 2533 ob
1535 2492 1806 2545 multiplicem

218 2559 435 2598 rationem.
460 2562 565 2599 Nam
584 2560 728 2600 maiori
746 2558 971 2599 stabilitate
990 2557 1284 2598 auctoritatem
1301 2557 1564 2605 obfirmat,ad
1581 2556 1671 2595 eius
1689 2569 1805 2595 exer-

220 2623 364 2664 citium
383 2631 598 2677 tantopere
616 2624 873 2673 necessaria;
887 2624 1042 2663 aditum
1056 2622 1287 2675 praecludit
1302 2621 1544 2661 tumultibus
1561 2633 1611 2659 ac
1624 2620 1805 2672 partium

221 2690 382 2738 studiis,
414 2703 521 2742 quae
542 2692 788 2731 societatem
818 2690 871 2730 ad
893 2697 1123 2730 extremam
1154 2688 1385 2740 perniciem
1415 2687 1624 2726 adducere
1645 2687 1806 2735 solent;

221 2755 411 2794 altiorem
433 2756 711 2795 reverentiam
735 2754 909 2807 principi
931 2753 1140 2801 conciliat,
1162 2758 1332 2804 propter
1360 2751 1517 2791 avitam
1539 2750 1803 2790 nobilitatem

222 2828 261 2860 et
280 2820 500 2872 sanguinis
517 2822 793 2873 splendorem3
814 2828 899 2862 tum
918 2821 1007 2860 eius
1025 2818 1315 2860 educationem
1332 2817 1641 2857 accuratiorem
1660 2817 1805 2864 reddit,

221 2887 440 2939 ipsumque
463 2887 757 2927 animosiorem
779 2900 829 2926 ac
853 2886 1158 2938 diligentiorem
1183 2884 1320 2937 quoad
1342 2884 1542 2924 socialem
1565 2883 1804 2924 felicitatem
