1970 3203
593 230 728 256 CAPUT
757 231 795 257 11.
826 232 878 257 DE
909 231 1138 258 SOCIETATE
1169 233 1289 259 ClVlLl
1648 219 1725 259 ⁴267

156 306 360 360 siquidem
390 305 606 345 multitudo
626 306 844 347 materiam
866 306 1141 346 ordinandam
1163 320 1246 346 non
1263 307 1436 347 formam
1461 307 1723 347 ordinantem

161 372 407 425 suppeditat;
439 372 511 411 sed
545 373 669 412 etiam
701 372 831 412 turbis
862 371 1098 412 excitandis
1127 378 1167 412 et
1188 373 1398 426 perpetuis
1430 372 1723 413 rebellionibus

103 470 105 473 .
159 450 309 477 ansam
341 435 522 487 praebet,
553 441 597 474 ut
625 441 825 475 constans
855 436 976 476 docet
1006 437 1277 487 experientia.

204 502 395 541 Alterum
426 501 570 540 vitium
592 507 656 541 est
676 500 935 553 principium,
957 501 1065 553 quod
1087 503 1275 548 assumit,
1307 516 1543 556 supremam
1564 503 1724 543 scilicet

153 579 346 606 normam
366 566 581 606 societatis
602 565 860 605 ordinandae
882 572 1004 618 atque
1024 566 1380 608 administrandae
1397 582 1449 608 ex
1466 569 1630 621 publica
1646 569 1729 621 opi-

154 632 280 672 nione
303 631 546 671 sumendam
570 643 675 670 esse.
698 631 790 671 Hoc
812 630 1054 683 principium
1085 632 1274 683 regulam
1296 633 1546 673 moralitatis
1568 634 1726 682 evertit;

155 708 274 748 quae,
296 708 380 733 non
400 695 441 733 in
464 694 668 746 opinione,
692 694 780 734 sive
803 695 964 746 privata
985 695 1072 734 sive
1104 695 1281 747 publica,
1304 697 1376 735 sed
1397 697 1437 735 in
1461 697 1643 736 aeternis
1663 697 1722 735 iu-

155 759 292 800 stitiae
309 759 470 812 legibus
492 765 784 799 commoratur:
803 765 887 798 tum
905 760 1054 799 mobile
1073 759 1283 799 criterium
1303 760 1584 813 inducit,quod
1599 775 1724 814 saepe

156 837 240 863 non
271 824 438 863 aliunde
460 824 678 876 colligitur,
709 824 788 863 nisi
810 824 874 863 vel
896 837 948 863 ex
980 824 1262 876 improborum
1284 825 1546 873 clamoribus,
1580 827 1645 865 vel
1676 839 1728 865 ex

156 886 366 926 venalium
388 887 700 939 ephemeridum
722 887 1048 939 sophismatibus
1064 894 1104 927 et
1121 889 1363 928 mendaciis.
1396 888 1554 929 Deinde
1576 889 1727 928 huius-

157 952 268 991 modi
290 952 536 1004 principium
558 953 640 992 huc
662 953 802 1001 tendit,
826 960 869 992 ut
890 955 1107 1005 pluralitas
1132 954 1173 992 in
1195 955 1395 994 societate
1417 955 1663 995 dominetur.
1683 955 1728 993 Id

155 1030 256 1058 vero
287 1031 370 1058 non
394 1018 506 1057 aliud
528 1026 611 1065 est,
633 1019 711 1059 nisi
743 1019 824 1058 vim
846 1019 922 1059 iuri
954 1020 1223 1060 substituere:
1255 1021 1469 1072 pluralitas
1491 1021 1623 1069 enim,
1655 1034 1728 1060 seu

157 1081 289 1121 maior
310 1095 520 1129 numerus,
536 1096 607 1133 per
627 1096 672 1122 se
694 1096 777 1122 non
800 1083 992 1135 exprimit
1016 1083 1094 1122 nisi
1112 1084 1206 1123 vim.
1228 1085 1359 1123 Immo
1377 1084 1471 1123 talis
1493 1090 1567 1127 est.
1584 1091 1627 1124 ut
1643 1096 1726 1122 non

157 1147 377 1187 difficulter
399 1148 594 1187 credatur
615 1161 826 1196 esse,cum
844 1162 926 1188 non
943 1149 1008 1188 sit:
1025 1157 1230 1201 quatenus
1248 1156 1404 1189 terrore
1417 1149 1536 1189 bonis
1555 1151 1725 1189 incusso

156 1220 197 1254 et
217 1214 485 1253 audaciorum
507 1215 780 1266 quorumdam
802 1215 965 1255 adscita
984 1216 1174 1262 licentia,
1198 1215 1363 1267 publica
1392 1216 1530 1266 opinio
1552 1215 1726 1254 simule-

158 1285 236 1326 tur;
269 1283 391 1330 atque
412 1278 469 1317 ita
490 1279 613 1330 pauci
636 1286 807 1326 tantum,
837 1280 904 1332 qui
925 1279 1123 1319 violentia
1144 1286 1214 1318 aut
1245 1279 1365 1318 malis
1387 1279 1543 1318 artibus
1572 1279 1725 1317 suffra-

156 1343 271 1395 gium
293 1345 431 1395 populi
453 1344 729 1393 obtinuerunt,
751 1345 898 1384 durum
921 1345 1176 1384 dominatum
1199 1345 1466 1384 exercebunt.

212 1410 397 1449 Tertium
418 1410 562 1451 vitium
584 1417 647 1450 est
677 1411 761 1451 fere
792 1412 999 1463 completa
1028 1411 1170 1463 regiae
1192 1412 1454 1452 auctoritatis
1483 1410 1725 1463 perempti03

158 1489 252 1515 curn
274 1477 466 1528 princeps
488 1477 540 1515 ad
561 1477 640 1515 hoc
659 1482 817 1516 tantum
840 1479 1078 1529 plerumque
1095 1478 1329 1524 reducatur,
1345 1484 1388 1516 ut
1406 1477 1520 1528 leges
1542 1490 1566 1515 a
1582 1489 1627 1515 se
1648 1489 1726 1514 nec

157 1540 395 1592 propositas
425 1553 503 1579 nec
525 1541 741 1580 discussas
771 1541 1033 1589 subscribat,
1066 1547 1105 1580 et
1126 1540 1396 1579 administros
1427 1540 1479 1578 ad
1509 1539 1727 1578 arbitrium

158 1604 384 1644 Concionis
406 1604 450 1654 (il
472 1605 773 1655 Parlamento)
798 1611 1033 1643 commutet.
1056 1605 1102 1643 Id
1125 1617 1221 1643 vero
1244 1617 1326 1643 non
1348 1603 1469 1642 modo
1492 1602 1653 1653 regiam
1674 1602 1727 1640 di-

158 1668 360 1720 gnitatem
383 1668 567 1715 dedecet,
600 1669 672 1708 sed
694 1668 877 1720 Principi
908 1681 1058 1707 munus
1079 1668 1250 1719 imponit
1281 1668 1388 1719 quod
1409 1680 1434 1705 a
1454 1666 1629 1714 nemine,
1660 1665 1727 1717 qui

157 1747 286 1774 sensu
307 1735 471 1773 decoris
493 1741 532 1774 et
553 1733 786 1774 honestatis
808 1739 1017 1785 tangatur,
1049 1734 1258 1785 acceptari
1281 1738 1433 1785 posset.
1457 1734 1630 1784 Insuper
1653 1746 1724 1771 or—

156 1800 240 1839 dini
261 1800 406 1840 sociali
422 1801 551 1841 ,vitam
569 1801 736 1839 omnino
753 1800 970 1840 subtrahit:
989 1814 1094 1852 quae
1113 1800 1278 1840 nonnisi
1298 1814 1349 1839 ex
1365 1799 1610 1839 auctoritate
1627 1812 1723 1844 una,

158 1877 266 1915 quae
286 1863 482 1903 inferiora
502 1877 664 1916 organa
685 1870 851 1903 moveat
872 1872 910 1903 et
931 1870 1073 1903 mutuo
1096 1870 1352 1915 attemperet,
1376 1863 1594 1902 derivatur.

212 1929 414 1974 Quartum
436 1929 577 1968 vitium
600 1935 663 1968 est
683 1929 902 1968 conflictus
924 1929 1116 1981 politicus
1148 1929 1338 1980 partium,
1358 1943 1482 1981 quem
1504 1928 1726 1968 fovet.Do—

157 2008 256 2046 gma
271 1995 381 2034 enim
399 2000 461 2034 est
477 1995 716 2046 systematis
736 1995 1092 2047 repraesentativi:
1111 1995 1299 2046 singulas
1317 1995 1518 2034 factiones
1536 1995 1726 2047 politicas

158 2059 356 2107 vicissim,
387 2073 460 2111 pro
482 2066 712 2111 temporum
745 2059 1061 2112 opportunitate,
1093 2059 1144 2097 ad
1167 2059 1412 2110 gubernium
1440 2072 1533 2098 esse
1564 2073 1727 2110 promo-

159 2126 327 2165 vendas:
359 2139 411 2164 ex
432 2138 511 2177 quo
532 2126 660 2164 oritur
681 2126 892 2166 contentio
913 2125 1106 2177 perennis
1138 2132 1177 2163 et
1197 2124 1283 2164 fere
1305 2125 1455 2181 bellum
1476 2125 1583 2164 inter
1603 2132 1726 2177 pote—

159 2191 279 2232 statis
300 2192 562 2243 arripiendae
596 2192 780 2243 cupidos.
812 2191 930 2237 Quod
963 2191 1040 2242 ipsi
1063 2191 1224 2230 formali
1261 2191 1479 2243 conceptui
1510 2191 1722 2231 societatis

159 2257 419 2304 adversatur;
451 2256 517 2308 qui
538 2257 579 2295 in
601 2257 827 2297 concordia
846 2256 996 2296 civium
1020 2257 1123 2296 situs
1146 2263 1219 2304 est,
1238 2264 1281 2295 ut
1302 2270 1460 2303 omncs,
1483 2256 1619 2307 quoad
1635 2257 1724 2296 fieri

160 2311 306 2371 potest,
329 2320 436 2359 idem
457 2321 649 2369 sentiant,
667 2321 774 2360 idem
798 2320 985 2368 velint‚et
1005 2320 1112 2358 idem
1134 2327 1448 2372 prosequantur.
1470 2321 1604 2370 Atque
1621 2320 1728 2360 haec

161 2392 256 2425 sunt
278 2386 376 2425 vitia
396 2386 632 2437 praecipua,
664 2400 767 2439 quae
788 2400 811 2425 a
834 2392 1063 2438 systemate
1084 2386 1441 2437 repraesentativo
1471 2386 1727 2425 removenda

159 2448 306 2496 forent,
337 2455 476 2500 utpote
503 2449 611 2488 bono
634 2450 843 2489 communi
866 2450 1090 2496 contraria,
1124 2456 1162 2489 et
1184 2464 1277 2489 cum
1299 2450 1483 2489 essentia
1510 2449 1619 2489 illius
1640 2449 1725 2489 for-

159 2525 253 2552 mae
276 2513 469 2565 politicae
500 2514 743 2553 necessario
766 2514 929 2553 vinculo
960 2527 1041 2553 non
1065 2527 1269 2553 connexa.

675 2644 917 2683 Solvuntur·
945 2642 1231 2694 difficultates.

212 2772 274 2811 73.
309 2772 437 2813 Obila.
471 2779 618 2813 contra
638 2774 813 2825 primam
835 2772 1172 2825 propositionem.
1195 2774 1349 2812 Forma
1370 2773 1596 2825 regiminis,
1620 2785 1724 2824 quae

159 2847 243 2873 non
263 2835 484 2888 progignit,
494 2838 573 2876 nisi
595 2837 796 2877 bonorum
814 2836 1127 2888 oppressionem
1148 2841 1187 2875 et
1203 2835 1484 2888 improborum
1503 2835 1724 2882 licentiam,

161 2913 293 2952 prava
314 2907 377 2940 est
398 2915 471 2954 per
491 2916 549 2942 se.
578 2903 706 2955 Atqui
727 2903 767 2942 id
787 2902 886 2943 facit
906 2902 1040 2942 forma
1059 2901 1273 2954 regiminis
1294 2900 1650 2953 repraesentativi,
1682 2906 1724 2938 ut
