1970 3203
627 241 765 268 CAPUT
790 242 827 267 n.
860 243 911 268 DE
942 242 1174 270 socffiTATE
1203 244 1320 271 civim
1686 234 1764 274 301

201 314 423 356 dictamine
453 315 626 355 rationis
646 321 924 368 temperentur
949 317 1055 357 inter
1076 332 1120 358 se
1145 332 1196 358 ac
1224 319 1372 359 debitis
1402 320 1599 361 limitibus
1628 323 1763 362 conti-

194 386 387 429 neantur,
404 387 524 433 prout
545 381 846 421 coexsistentia
867 390 1110 431 ceterorum,
1132 390 1172 424 et
1191 385 1355 437 adeptio
1376 386 1566 438 publicae
1599 388 1766 428 felicita-

190 443 245 483 tis
267 444 466 496 exposcit.
490 445 632 497 Neque
649 477 658 493 ,
681 445 715 484 si
736 458 804 484 res
821 445 963 487 intime
984 447 1281 496 consideretur,
1304 449 1398 488 dum
1421 450 1461 489 id
1482 451 1670 500 efficitur,
1692 452 1756 492 vis

189 507 273 546 ulla
290 512 465 546 naturae
493 514 562 548 aut
583 507 741 548 iuribus
763 509 933 561 privatis
953 509 1137 558 infertur,
1169 513 1241 551 sed
1264 513 1597 564 potius-naturae
1620 515 1753 555 ordini

189 570 510 611 obsecundatur.
533 571 575 611 Si
592 572 701 611 enim
723 579 872 612 natura
893 573 1102 613 hominem
1121 576 1319 615 socialem
1342 578 1537 626 condidit,
1554 585 1677 630 atque
1697 579 1749 618 ad

188 636 423 676 convictum
448 650 541 676 cum
559 636 651 677 aliis
670 638 886 687 ordinavit;
904 638 1089 690 profecto
1106 639 1208 687 iura,
1231 654 1336 692 quae
1352 642 1407 681 illi
1425 643 1577 695 largita
1594 650 1667 692 est,
1682 657 1756 683 eas

185 702 555 743 determinationes
585 716 738 756 eosque
760 704 910 744 limites
929 710 1176 756 susceptura
1206 718 1299 745 esse
1317 708 1459 756 voluit,
1491 710 1579 748 sine
1610 709 1757 761 quibus

192 780 411 806 commune
432 768 585 806 bonum
608 768 820 807 societatis
842 776 1036 809 constare
1056 782 1139 809 non
1163 777 1317 821 posset.

239 834 304 872 Ex
326 834 526 873 eiusmodi
547 834 675 873 tutela
695 833 843 873 iurium
864 834 1083 874 manifeste
1100 836 1284 888 sequitur
1304 843 1346 875 ut
1367 837 1468 876 nihil
1485 840 1556 877 fiat
1578 846 1650 879 aut
1666 839 1753 879 fieri

186 897 461 949 permittatur,
483 898 591 950 quod
612 897 761 936 civium
794 898 1067 938 incolumitati
1097 905 1168 938 aut
1189 899 1299 938 civili
1329 899 1509 940 libertati
1531 902 1751 954 quidquam

182 962 392 1010 detrahat;
425 975 501 1001 nec
523 962 606 1009 ulli,
638 969 859 1015 utcumque
889 963 941 1002 ad
961 963 1147 1002 infimam
1178 964 1313 1016 populi
1335 972 1492 1016 partem
1516 966 1751 1017 pertinenti,

184 1043 210 1069 a
250 1035 518 1082 praepotente
548 1028 684 1080 aliquo
715 1038 784 1068 aut
821 1030 944 1069 divite
973 1030 1126 1070 iniuria
1159 1030 1365 1084 irrogetur
1394 1032 1572 1083 impune.
1620 1034 1754 1073 Immo

179 1093 363 1133 maxime
392 1091 567 1145 principi
602 1105 729 1132 curae
761 1093 813 1131 sit
841 1093 1057 1132 humilium
1095 1107 1144 1134 ac
1175 1107 1403 1146 pauperum
1434 1095 1631 1135 defensio.
1664 1097 1748 1136 Be—

180 1159 319 1198 nefica
349 1158 457 1196 enim
488 1156 687 1209 principis
717 1156 979 1208 providentia
1009 1170 1111 1207 erga
1139 1158 1256 1205 illos,
1287 1158 1354 1210 qui
1375 1159 1511 1211 magis
1534 1161 1661 1199 tutela
1689 1161 1747 1199 in-

179 1223 334 1276 digent,
357 1222 612 1276 splendidius
634 1229 673 1262 et
694 1221 910 1262 efficacius
927 1222 1087 1274 fulgere
1117 1223 1249 1272 debet;
1281 1224 1347 1275 qui
1379 1231 1524 1264 contra
1545 1226 1647 1266 satis
1678 1241 1749 1279 per

181 1301 225 1327 se
256 1293 538 1339 proteguntur,
570 1286 658 1325 eius
689 1286 896 1338 praesidio
927 1286 1064 1325 minus
1093 1286 1291 1339 indigent.

233 1354 341 1392 Tuta
371 1352 494 1392 etiam
525 1352 577 1392 sit
607 1358 766 1404 oportet
795 1352 1025 1404 proprietas
1059 1353 1317 1405 singulorum
1335 1387 1344 1402 ‚
1374 1361 1414 1394 et
1443 1355 1625 1396 facultas
1655 1370 1746 1397 eam

178 1417 360 1470 augendi
389 1418 498 1456 intra
519 1417 716 1457 terminos
746 1417 977 1456 honestatis
1008 1423 1047 1456 et
1067 1417 1155 1456 sine
1185 1417 1348 1457 iactura
1377 1418 1472 1458 boni
1495 1421 1742 1469 communis;

183 1496 260 1523 nec
291 1483 384 1534 plus
422 1495 554 1534 aequo
585 1482 751 1532 emungi
786 1482 972 1521 subditos
1002 1489 1073 1520 aut
1109 1483 1277 1534 gravari
1306 1490 1635 1524 consentaneum
1668 1492 1743 1526 est.

184 1550 273 1590 Etsi
305 1549 415 1589 enim
445 1550 496 1588 ad
516 1549 607 1588 iura
636 1548 866 1588 maiestatis
897 1547 1101 1599 pertineat
1129 1549 1352 1601 vectigalia
1383 1556 1420 1589 et
1442 1550 1592 1602 tributa
1621 1551 1746 1603 impo-

182 1625 282 1652 nere
312 1612 496 1660 civibus,
525 1618 568 1651 ut
597 1611 796 1663 impensis
825 1612 1209 1660 administrationis,
1241 1627 1346 1665 quae
1367 1614 1408 1653 in
1429 1615 1637 1666 publicam
1674 1630 1750 1656 ce—

181 1676 282 1715 dunt
302 1675 533 1723 utilitatem,
565 1680 729 1727 praesto
750 1675 843 1722 sint,
875 1682 913 1714 et
941 1676 994 1714 ad
1023 1676 1252 1716 exercitum
1288 1678 1494 1725 alendum,
1527 1685 1565 1718 et
1595 1680 1648 1718 ad
1669 1680 1746 1719 sti—

176 1739 328 1790 pendia
358 1738 672 1791 magistratibus
693 1738 1006 1790 suppeditanda;
1039 1745 1178 1779 tamen
1199 1754 1398 1780 mensura
1420 1756 1659 1794 congruens
1677 1757 1746 1782 ex-

175 1802 365 1843 cedenda
393 1815 475 1842 non
498 1808 572 1850 est,
604 1815 709 1855 quae
740 1816 764 1841 a
795 1802 944 1854 duplici
976 1803 1151 1842 termino
1181 1817 1372 1843 normam
1403 1805 1564 1856 accipit:
1597 1819 1622 1845 a
1643 1807 1745 1846 reali

175 1866 390 1918 exigentia
406 1865 501 1905 boni
522 1865 686 1917 publici,
704 1871 743 1905 et
764 1866 1057 1917 aprivatorum
1076 1866 1284 1907 facultate.
1304 1868 1346 1907 Si
1369 1869 1476 1908 enim
1497 1870 1603 1920 plus,
1621 1884 1745 1922 quam

173 1931 345 1972 socialis
378 1931 610 1971 necessitas
633 1931 806 1979 suadet,
836 1945 1046 1984 expensae
1068 1934 1195 1981 fiunt3
1228 1935 1342 1974 deest
1372 1935 1476 1974 ratio
1509 1949 1582 1974 cur
1614 1950 1744 1978 onera

173 1998 349 2038 subditis
370 1997 564 2050 imposita
586 1997 771 2049 legitima
792 1998 884 2036 sint.
918 1999 990 2036 Sin
1011 1999 1115 2050 plus,
1146 2013 1271 2051 quam
1292 2007 1574 2052 congruenter
1594 2004 1740 2053 possit,

170 2064 285 2103 cives
314 2069 592 2116 emungantur
616 2095 624 2110 ,
654 2069 817 2116 praeter
847 2070 986 2103 cetera
1020 2064 1173 2104 damna
1202 2071 1241 2105 et
1270 2066 1453 2117 pericula
1477 2098 1485 2114 ,
1518 2075 1745 2108 enervatur

171 2127 234 2166 vis
264 2126 458 2175 civitatis,
490 2126 606 2166 cuius
635 2126 761 2165 robur
782 2134 820 2166 et
837 2127 1047 2178 opulentia
1068 2141 1093 2166 a
1121 2128 1270 2168 robore
1292 2136 1331 2169 et
1351 2131 1560 2181 opulentia
1584 2132 1739 2172 civium

170 2190 357 2242 emergit.

223 2255 342 2301 Quod
362 2254 395 2294 si
417 2255 523 2295 haec
543 2255 646 2303 iura,
669 2268 774 2307 quae
794 2254 1119 2294 incolumitatem
1134 2262 1173 2294 et
1189 2256 1481 2308 proprietatem
1495 2258 1737 2310 respiciunt,

173 2316 281 2357 laedi
304 2329 386 2356 non
409 2317 569 2366 debent,
601 2317 673 2358 sed
694 2317 832 2369 potius
854 2317 1091 2374 confirmari
1124 2324 1163 2358 et
1184 2318 1359 2368 defendi;
1390 2322 1519 2360 multo
1540 2323 1676 2374 magis
1697 2324 1737 2362 id

173 2383 251 2423 sibi
281 2382 496 2422 vindicant
525 2385 686 2435 potiora
715 2383 785 2422 illa
805 2383 907 2430 iura,
938 2397 1043 2435 quae
1074 2383 1290 2424 veritatem
1312 2392 1350 2424 et
1371 2386 1633 2426 honestatem
1653 2401 1741 2441 spe—

169 2455 297 2489 ctant.
331 2450 437 2487 Nam
467 2449 548 2488 hoc
578 2449 668 2501 ipso
699 2449 807 2501 quod
829 2450 953 2488 homo
974 2449 1189 2489 rationalis
1219 2458 1281 2490 est
1312 2456 1434 2503 atque
1465 2451 1675 2492 intellectu
1697 2462 1737 2494 et

168 2517 382 2555 voluntate
403 2514 627 2566 praeditus,
658 2514 723 2554 ius
744 2528 768 2553 a
789 2522 938 2554 natura
965 2515 1134 2555 sortitur
1163 2516 1264 2555 sein
1287 2517 1492 2556 obiectum
1523 2518 1737 2571 utriusque

165 2582 374 2621 facultatis
392 2579 673 2632 promovendi,
686 2593 735 2619 ac
752 2579 924 2631 proinde
941 2581 1223 2632 cognoscendi
1245 2595 1389 2621 verum
1407 2589 1445 2622 et
1462 2585 1739 2635 amplectendi

165 2647 334 2687 bonum.
367 2647 503 2693 Quare
533 2658 616 2684 non
638 2645 760 2684 modo
791 2644 893 2683 nihil
923 2644 1070 2684 falsum
1099 2658 1172 2686 aut
1192 2647 1329 2686 minus
1358 2648 1579 2688 honestum
1601 2650 1652 2689 ab
1670 2664 1740 2689 au-

166 2712 355 2752 ctoritate
383 2710 754 2764 praescribendum
777 2716 851 2756 est,
885 2710 958 2749 sed
979 2711 1102 2751 etiam
1131 2711 1285 2751 nullius
1305 2713 1491 2754 veritatis
1522 2714 1734 2766 inquisitio

165 2781 204 2815 et
223 2775 379 2814 nullum
410 2774 573 2815 virtutis
604 2772 848 2813 exercitium
880 2773 1087 2824 prohiberi
1118 2779 1265 2826 potest.
1298 2776 1389 2822 Qua
1417 2777 1458 2815 in
1490 2790 1533 2816 re
1562 2778 1626 2815 ius
1656 2791 1735 2817 na·-

111 2879 114 2882 ,
165 2838 300 2878 turale
321 2837 479 2877 violant
498 2836 706 2889 regimina
738 2836 820 2883 illa,
852 2849 956 2887 quae
979 2836 1165 2878 subditos
1195 2844 1264 2878 aut
1284 2853 1309 2879 a
1325 2840 1530 2891 pestiferis
1551 2839 1735 2891 fontibus

171 2899 400 2940 doctrinam
419 2900 584 2940 haurire
605 2907 774 2952 cogunt,
802 2908 874 2940 aut
895 2900 1211 2941 determinatum
1243 2903 1351 2943 vitae
1373 2916 1505 2956 genus
1535 2903 1637 2944 inire
1669 2918 1736 2944 ve-
