1970 3203
608 244 745 270 CAPUT
773 243 812 269 11.
844 243 894 269 DE
923 242 1155 269 SOCIETATE
1185 241 1303 268 CIVlLI
1661 227 1738 266 297

177 335 258 362 non
289 321 401 360 aliud
423 334 448 360 a
467 319 668 359 societate
688 324 848 370 petens,
869 319 949 358 nisi
970 320 1140 358 tutelam
1160 317 1322 364 iurium,
1343 316 1491 369 quibus
1510 316 1738 355 instructus

174 392 250 425 est.
282 383 401 430 Quod
433 383 677 423 beneficium
700 383 885 435 profecto
917 388 1161 433 compensat
1187 388 1271 420 tum
1303 380 1569 421 observantia
1598 381 1736 432 legum

176 449 371 497 civilium,
400 455 485 488 tum
516 449 727 488 solvendis
757 448 1042 500 vectigalibus,
1074 453 1156 486 tum
1185 447 1368 486 maxime
1387 446 1466 486 illis
1496 445 1614 485 bonis
1644 459 1738 485 con-

169 513 394 560 sectandis,
423 526 528 565 quae
558 513 748 565 superius
779 511 1109 552 commemorari.

225 577 422 633 Attamen
451 576 597 628 negari
625 577 766 629 nequit
794 577 919 628 longe
947 575 1126 615 nobilius
1155 576 1291 614 officio
1323 575 1467 614 sociali
1506 583 1544 614 et
1574 574 1735 625 patriae

169 641 331 681 caritati
361 641 605 682 satisfacere
634 655 706 681 eos
727 675 737 689 ,
769 642 836 694 qui
870 641 1043 693 privatis
1073 640 1290 681 virtutibus
1320 654 1463 680 curam
1494 639 1726 691 adiungunt

168 707 408 758 perficiendi
439 707 561 747 etiam
591 708 708 756 alios,
739 714 778 747 et
800 708 924 748 totius
955 706 1167 745 societatis
1188 706 1498 757 amplitudinem
1532 712 1571 745 et
1600 706 1734 757 splen-

168 770 308 809 dorem
339 771 602 822 procurandi.

222 836 309 876 106.
341 837 484 877 Officia
513 837 773 877 subditorum
803 848 901 887 erqa
929 836 1174 886 Principem.
1198 835 1407 885 Respectu
1439 834 1627 885 publicae
1657 847 1735 873 au-

170 898 346 939 toritatis
375 900 549 951 primum
567 900 750 939 officium
767 906 831 939 est
849 899 1085 939 obedientia
1105 899 1358 950 praestanda
1374 897 1534 948 legibus
1557 905 1597 936 et
1619 910 1737 949 prae-

174 962 444 1014 ceptionibus,
474 977 500 1002 a
528 963 711 1015 legitimo
744 964 964 1015 Superiore
994 962 1201 1015 profectis.
1236 963 1323 1002 Etsi
1354 962 1462 1001 enim
1484 962 1730 1014 quandoque

171 1027 299 1079 leges,
319 1041 426 1079 quae
456 1029 497 1067 in
527 1029 694 1069 civitate
715 1029 913 1076 feruntur,
934 1029 1130 1081 poenales
1161 1028 1242 1068 sint
1263 1029 1479 1067 dumtaxat
1507 1029 1729 1080 (quatenus

168 1106 221 1133 ex
250 1093 464 1134 voluntate
494 1094 748 1146 legislatoris
771 1108 852 1134 non
873 1096 1071 1134 moralem
1092 1094 1388 1146 obligationem
1410 1095 1636 1146 imponant,
1658 1094 1732 1134 sed

165 1165 324 1198 tantum
355 1173 532 1211 poenam
563 1161 743 1212 aliquam
777 1160 1019 1212 praesertim
1050 1160 1332 1212 pecuniariam
1351 1162 1388 1207 ’);
1420 1168 1559 1200 tamen
1586 1173 1657 1212 per
1686 1173 1731 1200 se

164 1231 203 1264 et
218 1226 451 1276 generatim
470 1227 770 1266 conscientiam
793 1226 934 1278 ligant,
956 1226 1012 1264 ita
1033 1232 1075 1264 ut
1106 1226 1283 1265 violator
1303 1239 1386 1265 non
1407 1226 1528 1265 modo
1560 1239 1735 1278 poenae,

163 1289 236 1328 sed
266 1289 391 1329 etiam
422 1291 568 1342 culpae
596 1291 800 1330 obnoxius
820 1292 903 1330 fiat.
937 1291 981 1329 Id
1005 1290 1237 1329 clarissime
1264 1297 1377 1341 patet
1408 1290 1595 1341 primum,
1626 1290 1735 1342 quia,

160 1355 197 1394 si
230 1369 353 1396 secus
383 1362 505 1404 esset,
536 1357 763 1397 auctoritas
792 1356 925 1395 civilis
955 1369 1037 1395 non
1069 1356 1171 1395 satis
1201 1355 1418 1407 providere
1449 1362 1589 1407 posset
1620 1355 1736 1394 bono

165 1420 376 1458 communi
394 1433 401 1467 ;
433 1433 527 1460 cum
550 1420 670 1460 timor
691 1420 908 1460 exterioris
929 1420 1038 1466 mali,
1056 1419 1164 1471 quod
1194 1419 1313 1459 facile
1334 1419 1456 1458 vitari
1477 1426 1622 1470 potest,
1652 1432 1736 1458 non

164 1485 439 1525 sufficientem
471 1486 553 1524 vim
575 1486 730 1525 habeat
750 1487 802 1525 ad
832 1486 1022 1525 homines
1052 1486 1320 1525 coercendos.
1344 1486 1514 1533 Deinde,
1547 1485 1642 1537 quia
1671 1485 1736 1524 ius

164 1551 405 1601 imperandi,
436 1564 510 1591 seu
540 1551 654 1591 cives
684 1551 886 1603 dirigendi
925 1551 978 1590 ad
1011 1552 1164 1590 bonum
1195 1564 1414 1591 commune
1448 1551 1607 1590 idoneis
1638 1550 1734 1602 legi-

168 1617 255 1664 bus,
285 1617 326 1655 in
357 1617 448 1668 ipsa
478 1617 661 1656 essentia
692 1617 906 1668 potestatis
934 1617 1167 1656 includitur.
1200 1617 1304 1655 Cum
1332 1616 1456 1668 igitur
1493 1616 1627 1655 omnis
1657 1629 1733 1668 po-

166 1686 297 1718 testas
328 1693 354 1719 a
383 1680 471 1719 Deo
501 1680 578 1728 sit;
610 1693 635 1718 a
655 1681 742 1719 Deo
765 1680 889 1720 etiam
911 1680 1048 1731 aliquo
1070 1680 1191 1719 modo
1222 1686 1317 1719 sunt
1345 1680 1471 1731 leges,
1502 1692 1606 1731 quae
1629 1679 1734 1718 iuste

166 1746 217 1784 ab
248 1747 497 1786 auctoritate
526 1746 763 1797 procedunt.
794 1746 932 1792 Quare
962 1745 1029 1797 qui
1060 1746 1109 1784 iis
1138 1745 1413 1784 obedientiam
1450 1745 1639 1796 denegat,
1671 1744 1735 1782 di-

166 1811 289 1850 vinae
319 1811 570 1851 ordinationi
598 1812 836 1852 reluctatur.
869 1811 988 1851 Unde
1016 1811 1241 1861 Apostolus
1271 1816 1411 1862 aperte
1437 1810 1504 1848 ait:
1536 1810 1637 1848 Ideo
1670 1822 1732 1848 ne-

167 1877 360 1915 cessitate
389 1876 550 1916 subditi
576 1880 714 1923 estote,
746 1890 829 1915 non
860 1878 997 1916 solum
1022 1880 1202 1928 propter
1234 1877 1356 1923 iram,
1379 1876 1451 1915 sed
1481 1877 1607 1914 etiam
1637 1888 1734 1928 pro-

160 1946 257 1995 pter
286 1942 586 1981 conscientiam
615 1945 687 1994 (1).

218 2007 446 2046 Praeterea
468 2007 581 2046 cives
607 2020 763 2059 magna
782 2006 1015 2046 reverentia
1045 2014 1084 2046 et
1106 2006 1323 2045 dilectione
1353 2006 1580 2045 observare
1611 2012 1650 2044 et
1669 2018 1735 2044 co-

166 2071 250 2110 lere
272 2076 436 2110 tenetur
457 2084 546 2117 eos,
569 2070 677 2123 apud
699 2083 801 2122 quos
822 2083 1016 2121 suprema
1032 2076 1216 2121 potestas
1233 2070 1396 2109 residet.
1417 2069 1617 2107 Venerari
1639 2069 1732 2120 qui-

168 2136 261 2176 dem
293 2137 442 2176 debent
471 2150 675 2176 summum
706 2139 989 2188 imperantem,
1021 2139 1118 2187 quia
1147 2136 1214 2174 hic
1244 2148 1367 2175 sacra
1397 2135 1521 2174 veluti
1551 2146 1730 2186 persona

165 2207 241 2239 est.
273 2200 377 2239 Cum
408 2201 516 2240 enim
546 2206 746 2252 potestas,
777 2214 857 2252 qua
886 2199 1161 2251 splendescit,
1195 2199 1357 2238 divinae
1387 2198 1647 2238 auctoritatis
1677 2198 1730 2236 sit

165 2265 368 2316 quaedam
390 2265 675 2318 participatio;
699 2265 924 2304 divinitatis
946 2265 1069 2304 veluti
1100 2264 1408 2303 similitudinem
1442 2264 1559 2315 gerit.
1584 2264 1732 2309 Quam-

164 2332 307 2371 obrem
338 2332 425 2371 eius
454 2345 636 2384 persona
657 2345 740 2371 non
761 2332 882 2370 modo
912 2330 1163 2369 inviolabilis
1184 2337 1258 2378 est,
1281 2343 1421 2369 verum
1449 2330 1574 2369 etiam
1606 2329 1732 2380 digna

168 2404 212 2437 ut
242 2397 432 2437 omnibus
462 2397 670 2449 obsequiis
691 2398 928 2436 honoretur.
952 2395 1126 2435 Dilectio
1157 2402 1296 2435 autem
1330 2395 1408 2446 ipsi
1439 2394 1621 2441 debetur,
1642 2407 1732 2446 pro-

163 2469 307 2513 pterea
336 2461 444 2513 quod
473 2461 508 2500 si
537 2461 746 2513 diligenda
776 2468 838 2500 est
869 2460 1075 2507 societas,
1111 2460 1290 2499 maxime
1321 2458 1556 2510 diligendus
1587 2464 1652 2497 est
1680 2458 1729 2505 is,

166 2527 233 2578 qui
262 2526 303 2565 in
336 2526 405 2565 illa
436 2525 583 2578 capitis
612 2538 781 2565 munere
810 2525 1006 2577 fungitur,
1038 2537 1210 2576 eamque
1240 2523 1500 2576 providentia
1528 2535 1606 2562 sua
1638 2535 1732 2562 con-

165 2600 305 2631 servat
326 2598 366 2631 et
386 2591 574 2643 protegit.
604 2590 866 2642 Quapropter
886 2591 965 2629 iuri
986 2597 1161 2629 naturae
1186 2594 1420 2641 repugnant
1449 2596 1488 2627 et
1512 2588 1630 2627 valde
1650 2594 1729 2627 tur-

156 2655 372 2706 pificatum
403 2655 586 2694 animum
615 2655 838 2693 ostendunt
866 2653 905 2702 ii,
927 2653 994 2705 qui
1015 2653 1178 2705 proprio
1208 2652 1383 2705 principi
1412 2665 1497 2690 non
1527 2652 1649 2691 modo
1672 2651 1730 2689 in-

164 2728 326 2760 ternum
355 2733 541 2759 amorem
572 2720 789 2771 denegant,
820 2720 890 2758 sed
921 2719 1045 2758 etiam
1075 2718 1211 2757 verbis
1241 2726 1311 2757 aut
1340 2718 1506 2770 scriptis
1537 2717 1728 2755 maculas

162 2792 398 2837 aspergunt;
430 2785 496 2838 qui
527 2785 697 2837 proinde
728 2797 809 2823 non
840 2784 1038 2824 libertatis
1073 2782 1193 2822 laude
1223 2783 1409 2833 (libertas
1446 2783 1554 2822 enim
1585 2796 1610 2820 a
1640 2795 1729 2833 pra-

160 2849 287 2889 vitate
315 2851 562 2902 seiungitur)
583 2883 594 2897 ,
625 2850 700 2889 sed
729 2850 874 2901 flagitii
904 2857 1002 2888 nota
1032 2856 1072 2888 et
1101 2848 1401 2900 vituperatione
1433 2848 1543 2899 digni
1574 2854 1679 2887 sunt.

207 2954 256 2994 (1)
282 2955 340 2987 Ad
363 2957 565 2993 Romanos,
591 2956 683 2993 XIII,
706 2957 733 2987 5.
