1970 3203
167 232 245 273 17ss
503 245 568 272 lUs
600 244 802 271 NATURAE
823 254 841 261 -
866 245 974 271 PARS
1004 245 1029 270 1.
1062 246 1126 272 IUS
1157 246 1425 275 INDIVIDUALE

164 321 348 361 futurum
370 326 532 374 tempus
553 321 655 361 satis
675 322 801 362 homo
824 323 1063 375 prospicere
1085 331 1238 375 posset,
1261 325 1295 363 si
1314 338 1364 365 ea
1384 328 1753 380 tantumposside-

162 395 238 432 ret,
269 399 375 438 quae
396 385 437 424 in
459 385 670 437 praesenti
690 386 884 435 absumit,
908 400 985 427 nec
1008 400 1075 427 res
1097 388 1174 427 sibi
1196 388 1453 440 adiungeret,
1476 405 1583 444 quae
1607 391 1746 431 fructu

167 457 206 489 et
229 450 371 490 valore
388 463 463 489 suo
484 456 695 501 posteram
712 449 801 489 eius
819 450 947 489 vitam
966 458 1206 490 tutarentur.
1230 452 1481 494 Praesertim
1501 455 1542 494 id
1566 461 1646 493 vim
1667 455 1747 494 ha-

164 516 242 564 bet,
270 517 304 555 si
333 516 650 555 considerentur
675 516 996 565 vicissitudines,
1034 517 1182 569 quibus
1221 518 1346 557 hoino
1382 519 1597 560 subiicitur
1621 531 1741 573 prout

163 594 310 633 nempe
339 580 582 629 infirmitati,
605 583 822 629 senectuti,
844 582 1035 622 fortunae
1057 583 1227 622 casibus
1249 584 1457 625 obnoxius
1479 592 1554 626 est:
1576 587 1747 640 eiusque

161 653 370 699 spectetur
399 646 604 687 ordinatio
621 647 673 686 ad
690 648 916 688 nobiliores
939 648 1030 687 illas
1052 649 1331 700 operationes,
1353 650 1502 703 quibus
1522 653 1688 693 animus
1707 661 1746 692 et

161 723 278 750 mens
295 711 517 762 perficitur.
536 711 614 750 His
631 711 739 751 enim
757 712 920 764 penitus
943 725 987 751 se
1008 713 1204 753 addicere
1221 727 1344 754 nemo
1366 721 1513 767 potest,
1535 716 1615 756 nisi
1632 717 1743 757 infe-

159 777 268 816 riore
286 790 388 816 cura
403 777 599 817 liberetur
620 778 870 829 procurandi
891 778 969 817 sibi
990 779 1235 819 necessaria
1254 780 1507 832 quotidianis
1528 783 1736 833 operibus.

214 844 454 897 Praeterea,
470 843 596 883 homo
611 843 839 884 industrius
855 851 919 884 est
936 844 974 882 vi
995 851 1187 892 naturae,·
1205 851 1330 898 atque
1347 847 1438 887 ideo
1456 847 1509 886 ad
1525 861 1593 888 res
1614 857 1737 889 natu-

159 908 270 948 rales
290 914 380 947 arte
397 921 474 948 sua
492 908 844 956 transmutandas,
863 914 901 948 et
921 909 973 947 ad
994 908 1225 949 ubertatem
1247 917 1384 950 terrae
1404 911 1555 951 sudore
1575 925 1650 952 suo
1677 912 1739 952 fe-

159 972 423 1011 cundandam
441 972 664 1012 ordinatur.
680 973 806 1024 quue
823 985 872 1012 eo
890 972 1036 1024 magis,
1052 973 1160 1024 quod
1176 973 1397 1014 innumera
1417 975 1500 1014 sint
1517 976 1744 1016 necessita-

157 1038 268 1078 tibus
289 1038 485 1077 humanis
509 1045 751 1090 opportuna,
773 1051 879 1090 quae
902 1038 997 1079 sine.
1016 1039 1227 1092 multiplici
1251 1054 1352 1080 cura
1372 1054 1456 1080 non
1477 1054 1736 1081 conservan-

156 1109 233 1151 tur,
254 1102 380 1142 immo
403 1101 473 1141 vix
489 1109 562 1141 aut
582 1116 633 1142 ne
656 1103 726 1142 vix
747 1103 911 1155 quidem
934 1112 1201 1144 enascuntur.
1220 1106 1275 1144 At
1296 1118 1392 1145 vero
1410 1105 1595 1158 iniquum
1617 1112 1680 1145 est
1698 1113 1742 1146 ut

155 1168 246 1221 quis
267 1182 311 1208 re
334 1168 506 1217 fruatur,
528 1183 652 1221 quam
675 1171 779 1209 alter
801 1170 942 1209 labore
964 1183 1040 1210 suo
1063 1172 1358 1211 transmutavit
1373 1178 1444 1211 aut
1464 1172 1676 1212 meliorem
1700 1179 1739 1212 et

153 1233 336 1274 feracem
357 1234 506 1282 effecit,
529 1247 712 1286 suaeque
740 1235 965 1276 activitatis
987 1236 1198 1284 exercitio,
1231 1238 1350 1289 quasi
1381 1237 1518 1289 sigillo
1543 1238 1737 1290 propriae

154 1301 480 1352 personalitatis,
512 1301 761 1354 obsignavit.
786 1303 897 1354 Ergo
919 1315 972 1341 ex
993 1302 1137 1341 ordine
1158 1316 1332 1343 naturae
1352 1304 1527 1343 resultat
1546 1310 1590 1343 ut
1610 1304 1737 1343 homo

152 1380 223 1407 res
246 1367 445 1407 stabiliter
475 1367 533 1407 ita
552 1367 630 1406 sibi
660 1367 884 1414 adsciscat,
907 1374 950 1406 ut
970 1381 1043 1407 eas
1064 1368 1280 1408 elaborare
1300 1376 1426 1421 queat
1446 1383 1497 1408 ac
1533 1364 1735 1421 perficere

153 1434 206 1472 ad
235 1446 356 1472 suam
378 1434 606 1481 utilitatem,
629 1434 781 1474 ceteris
801 1434 998 1473 exclusis.
1030 1434 1076 1472 Id
1107 1447 1206 1474 vero
1230 1435 1295 1474 ius
1324 1436 1585 1488 proprietatis
1607 1437 1737 1482 effor-

152 1503 250 1547 mat3
280 1504 466 1550 potestas
487 1498 594 1537 enim
617 1498 766 1538 rationi
787 1499 1028 1546 conformis,
1057 1499 1122 1539 ius
1148 1500 1309 1539 dicitur.
1332 1501 1451 1547 Quod
1481 1514 1585 1541 sane
1608 1514 1733 1541 nemo

151 1562 404 1601 inficiabitur
425 1562 507 1602 nisi
527 1563 575 1610 is,
607 1563 674 1615 qui
694 1570 766 1602 aut
794 1562 1007 1603 hominem
1027 1564 1286 1603 incuriosum
1307 1572 1347 1604 et
1365 1564 1592 1604 bestiarum
1615 1578 1731 1605 more

152 1618 362 1665 viventem
392 1627 605 1679 approbet,
635 1634 706 1667 aut
736 1627 870 1667 ordini
901 1634 938 1666 et
969 1627 1118 1667 rationi
1149 1641 1384 1667 consonum
1414 1640 1509 1667 esse
1546 1627 1657 1667 dicat
1689 1637 1732 1667 ut

151 1692 243 1745 quis
272 1706 345 1745 pro
376 1693 456 1732 alio
486 1694 671 1742 laboret,
703 1701 742 1734 et
772 1693 915 1746 segnis
944 1707 996 1732 ac
1026 1693 1252 1733 dissolutus
1298 1694 1481 1746 gaudeat
1518 1693 1735 1743 fructibus,

154 1772 258 1811 quos
287 1760 391 1799 alter
419 1759 625 1798 industria
655 1773 732 1798 sua
761 1760 1035 1811 comparavit.

202 1825 359 1865 Eadem
391 1825 545 1865 veritas
566 1826 838 1864 confirmatur
868 1839 921 1865 ex
942 1831 1149 1878 conceptu
1169 1826 1371 1874 familiae,
1400 1826 1443 1865 in
1468 1840 1551 1878 qua
1580 1839 1735 1879 parens

149 1890 259 1929 vitae
282 1897 470 1929 natorum
497 1891 717 1930 consulere
747 1896 786 1929 et
813 1890 855 1928 in
885 1896 1096 1942 posterum
1128 1890 1346 1942 providere
1379 1897 1551 1939 tenetur;
1575 1903 1628 1929 ne
1658 1903 1732 1929 eos

149 1954 342 1994 fortunae
366 1954 554 2003 ludibrio,
576 1954 702 1993 immo
733 1960 876 1994 certae
906 1953 1083 2006 egestati
1111 1954 1351 1993 committat.
1376 1953 1445 1993 Sic
1476 1953 1586 1993 enim
1607 1953 1734 1992 homo

149 2018 399 2058 constitutus
419 2024 569 2058 natura
589 2025 664 2066 est,
694 2024 738 2057 ut
758 2019 905 2058 saltem
927 2031 1000 2070 pro
1021 2025 1171 2070 quarta
1198 2031 1300 2058 suae
1320 2018 1431 2058 vitae
1454 2023 1584 2069 parte,
1605 2017 1734 2056 nimi-

148 2096 241 2122 rum
270 2083 402 2122 donec
426 2083 652 2132 adolescat,
674 2096 736 2131 ea,
758 2082 905 2135 quibus
925 2082 1095 2134 indiget,
1124 2081 1203 2121 sibi
1233 2094 1462 2134 procurare
1492 2093 1574 2119 non
1597 2079 1733 2132 possit

149 2163 200 2189 ac
217 2149 389 2201 proinde
411 2150 586 2189 alendus
606 2149 659 2188 sit
679 2163 704 2188 a
720 2149 975 2201 parentibus,
995 2149 1063 2201 qui
1085 2154 1199 2188 certe
1216 2148 1313 2187 huic
1334 2147 1496 2187 muneri
1516 2159 1644 2199 aegre
1664 2147 1731 2185 ad-

149 2216 315 2256 modum
340 2215 645 2264 satisfacerent,
665 2216 700 2255 si
722 2216 887 2255 divitias
909 2225 1141 2267 congerere
1163 2221 1202 2254 et
1231 2227 1300 2254 res
1320 2213 1542 2265 frugiferas
1563 2213 1640 2253 sibi
1661 2213 1730 2252 ad-

151 2280 288 2320 dicere
318 2280 645 2332 prohiberentur.
677 2281 816 2327 Quare
847 2278 1154 2319 communistae
1184 2279 1245 2318 sic
1276 2278 1569 2330 proprietatem
1590 2277 1735 2329 impu-

147 2351 279 2396 gnant
299 2378 307 2393 ,
339 2352 382 2385 ut
410 2344 532 2384 simul
558 2343 739 2384 familiae
770 2343 1085 2384 dissolutionem
1119 2342 1389 2394 praecipiant.
1423 2341 1543 2388 Quod
1579 2340 1730 2390 iterum

150 2424 292 2450 eorum
323 2412 537 2451 doctrinae
567 2410 868 2451 absurditatem
898 2409 1088 2450 ostendit.

202 2478 389 2530 Denique
410 2478 576 2530 probari
597 2491 664 2517 res
680 2483 816 2529 potest
836 2490 889 2516 ex
909 2475 1225 2515 universalitate
1246 2481 1286 2514 et
1306 2473 1580 2526 perpetuitate
1602 2471 1727 2511 huius

146 2541 426 2581 institutionis.
450 2542 572 2581 Nulla
592 2541 701 2581 enim
721 2540 795 2580 fuit
816 2553 992 2593 usquam
1014 2553 1131 2592 gens,
1149 2539 1287 2591 aliquo
1307 2538 1417 2577 civili
1434 2538 1545 2578 cultu
1567 2535 1725 2588 praedi-

151 2617 204 2654 ta,
227 2619 333 2658 quae
350 2606 540 2646 stabilem
558 2605 852 2658 proprietatem
874 2617 957 2643 non
979 2610 1246 2656 agnosceret.
1268 2604 1399 2642 Immo
1417 2600 1493 2652 ipsi
1515 2599 1734 2639 silvestres

146 2673 340 2712 homines
362 2678 402 2711 et
419 2672 589 2720 efferati,
609 2673 676 2724 qui
698 2671 827 2711 libero
849 2676 1003 2710 venatu
1022 2676 1094 2709 aut
1114 2669 1278 2722 piscatu
1299 2667 1425 2706 vitam
1442 2666 1559 2705 alunt
1579 2665 1730 2705 saltem

148 2736 339 2789 proprias
368 2749 518 2776 cassas
549 2742 620 2775 aut
648 2741 757 2775 retes
786 2741 857 2775 aut
888 2735 1122 2787 pharetras,
1153 2747 1231 2773 nec
1261 2745 1345 2771 non
1375 2735 1417 2769 et
1445 2728 1626 2781 mapalia
1658 2734 1728 2768 aut

148 2816 356 2843 cavernas
385 2802 463 2842 sibi
493 2808 736 2842 constanter
766 2801 1023 2841 adsciscunt.
1056 2802 1111 2839 At
1141 2811 1240 2839 vero
1277 2797 1431 2837 factum
1461 2794 1658 2848 generale
1689 2799 1730 2833 et

149 2878 351 2909 constans
380 2882 464 2908 non
494 2868 658 2908 aliunde
688 2868 785 2907 oriri
814 2872 962 2919 potest,
993 2866 1073 2905 nisi
1104 2878 1157 2904 ex
1187 2865 1279 2916 lege
1308 2868 1493 2902 naturae.
1518 2863 1630 2914 Ergo
1666 2859 1732 2899 ius

149 2933 311 2973 stabilis
341 2932 609 2986 proprietatis
639 2946 665 2971 a
694 2933 787 2984 lege
818 2937 994 2970 naturae
1029 2927 1322 2981 proficiscitur.
