<?xml version="1.0" encoding="UTF-8"?>
<!DOCTYPE html PUBLIC "-//W3C//DTD XHTML 1.0 Transitional//EN"
    "http://www.w3.org/TR/xhtml1/DTD/xhtml1-transitional.dtd">
<html xmlns="http://www.w3.org/1999/xhtml" xml:lang="en" lang="en">
 <head>
  <title>
</title>
<meta http-equiv="Content-Type" content="text/html;charset=utf-8" />
  <meta name='ocr-system' content='tesseract 3.04.00' />
  <meta name='ocr-capabilities' content='ocr_page ocr_carea ocr_par ocr_line ocrx_word'/>
</head>
<body>
  <div class='ocr_page' id='page_1' title='image "./institutioneseth00libe_0160.png"; bbox 0 0 1970 3203; ppageno 0'>
   <div class='ocr_carea' id='block_1_1' title="bbox 207 200 1453 248">
    <p class='ocr_par' dir='ltr' id='par_1_1' title="bbox 207 200 1453 248">
     <span class='ocr_line' id='line_1_1' title="bbox 207 200 1453 248; baseline -0.006 -8"><span class='ocrx_word' id='word_1_1' title='bbox 207 200 286 240; x_wconf 83' lang='lat'>156</span> <span class='ocrx_word' id='word_1_2' title='bbox 540 211 607 237; x_wconf 81' lang='lat' dir='ltr'>ms</span> <span class='ocrx_word' id='word_1_3' title='bbox 636 209 838 236; x_wconf 80' lang='lat' dir='ltr'>NATURAE</span> <span class='ocrx_word' id='word_1_4' title='bbox 859 218 880 224; x_wconf 91' lang='lat'>-</span> <span class='ocrx_word' id='word_1_5' title='bbox 901 207 1010 248; x_wconf 40' lang='lat' dir='ltr'>PAR&#39;s</span> <span class='ocrx_word' id='word_1_6' title='bbox 1039 207 1063 233; x_wconf 93' lang='lat'>1.</span> <span class='ocrx_word' id='word_1_7' title='bbox 1091 207 1157 234; x_wconf 82' lang='lat' dir='ltr'>ius</span> <span class='ocrx_word' id='word_1_8' title='bbox 1186 205 1453 233; x_wconf 77' lang='lat' dir='ltr'>INDIVIDUALE</span> 
     </span>
    </p>
   </div>
   <div class='ocr_carea' id='block_1_2' title="bbox 177 279 1790 2093">
    <p class='ocr_par' dir='ltr' id='par_1_2' title="bbox 204 279 1790 523">
     <span class='ocr_line' id='line_1_2' title="bbox 206 279 1784 335; baseline -0.004 -10"><span class='ocrx_word' id='word_1_9' title='bbox 206 293 331 335; x_wconf 82' lang='lat' dir='ltr'>retur;</span> <span class='ocrx_word' id='word_1_10' title='bbox 360 285 459 326; x_wconf 90' lang='lat' dir='ltr'>licet</span> <span class='ocrx_word' id='word_1_11' title='bbox 488 291 603 326; x_wconf 87' lang='lat' dir='ltr'>certo</span> <span class='ocrx_word' id='word_1_12' title='bbox 624 285 731 325; x_wconf 88' lang='lat' dir='ltr'>sciat</span> <span class='ocrx_word' id='word_1_13' title='bbox 760 297 806 324; x_wconf 89' lang='lat' dir='ltr'>se</span> <span class='ocrx_word' id='word_1_14' title='bbox 826 282 1089 323; x_wconf 89' lang='lat' dir='ltr'>interfectum</span> <span class='ocrx_word' id='word_1_15' title='bbox 1109 282 1170 321; x_wconf 91' lang='lat' dir='ltr'>iri.</span> <span class='ocrx_word' id='word_1_16' title='bbox 1194 281 1262 321; x_wconf 82' lang='lat' dir='ltr'>Sic</span> <span class='ocrx_word' id='word_1_17' title='bbox 1283 280 1513 334; x_wconf 84' lang='lat' dir='ltr'>naufragus</span> <span class='ocrx_word' id='word_1_18' title='bbox 1541 280 1692 329; x_wconf 85' lang='lat' dir='ltr'>amico,</span> <span class='ocrx_word' id='word_1_19' title='bbox 1714 279 1784 333; x_wconf 91' lang='lat' dir='ltr'>qui</span> 
     </span>
     <span class='ocr_line' id='line_1_3' title="bbox 206 347 1790 400; baseline -0.004 -7"><span class='ocrx_word' id='word_1_20' title='bbox 206 354 354 393; x_wconf 87' lang='lat' dir='ltr'>eadem</span> <span class='ocrx_word' id='word_1_21' title='bbox 371 352 536 392; x_wconf 83' lang='lat' dir='ltr'>fortuna</span> <span class='ocrx_word' id='word_1_22' title='bbox 556 351 748 399; x_wconf 89' lang='lat' dir='ltr'>iactatur,</span> <span class='ocrx_word' id='word_1_23' title='bbox 769 350 952 395; x_wconf 87' lang='lat' dir='ltr'>tabulam</span> <span class='ocrx_word' id='word_1_24' title='bbox 975 348 1094 397; x_wconf 87' lang='lat' dir='ltr'>cedit,</span> <span class='ocrx_word' id='word_1_25' title='bbox 1116 361 1243 400; x_wconf 86' lang='lat' dir='ltr'>seque</span> <span class='ocrx_word' id='word_1_26' title='bbox 1265 347 1386 386; x_wconf 81' lang='lat' dir='ltr'>undis</span> <span class='ocrx_word' id='word_1_27' title='bbox 1415 348 1672 389; x_wconf 85' lang='lat' dir='ltr'>obruendum</span> <span class='ocrx_word' id='word_1_28' title='bbox 1693 360 1743 399; x_wconf 89' lang='lat' dir='ltr'>pe</span> <span class='ocrx_word' id='word_1_29' title='bbox 1753 361 1790 386; x_wconf 90' lang='lat' dir='ltr'>r-</span> 
     </span>
     <span class='ocr_line' id='line_1_4' title="bbox 204 412 1787 468; baseline -0.004 -12"><span class='ocrx_word' id='word_1_30' title='bbox 204 417 340 457; x_wconf 84' lang='lat' dir='ltr'>mittit.</span> <span class='ocrx_word' id='word_1_31' title='bbox 371 417 441 457; x_wconf 85' lang='lat' dir='ltr'>Sic</span> <span class='ocrx_word' id='word_1_32' title='bbox 476 420 596 468; x_wconf 88' lang='lat' dir='ltr'>peste</span> <span class='ocrx_word' id='word_1_33' title='bbox 623 415 911 456; x_wconf 82' lang='lat' dir='ltr'>laborantibus</span> <span class='ocrx_word' id='word_1_34' title='bbox 949 414 1040 466; x_wconf 89' lang='lat' dir='ltr'>quis</span> <span class='ocrx_word' id='word_1_35' title='bbox 1071 412 1278 461; x_wconf 88' lang='lat' dir='ltr'>deservit,</span> <span class='ocrx_word' id='word_1_36' title='bbox 1323 412 1419 452; x_wconf 88' lang='lat' dir='ltr'>licet</span> <span class='ocrx_word' id='word_1_37' title='bbox 1447 413 1557 452; x_wconf 91' lang='lat' dir='ltr'>luem</span> <span class='ocrx_word' id='word_1_38' title='bbox 1605 425 1651 453; x_wconf 90' lang='lat' dir='ltr'>se</span> <span class='ocrx_word' id='word_1_39' title='bbox 1682 424 1787 452; x_wconf 88' lang='lat' dir='ltr'>con-</span> 
     </span>
     <span class='ocr_line' id='line_1_5' title="bbox 204 480 676 523; baseline -0.008 0"><span class='ocrx_word' id='word_1_40' title='bbox 204 488 437 523; x_wconf 87' lang='lat' dir='ltr'>tracturum</span> <span class='ocrx_word' id='word_1_41' title='bbox 468 480 676 520; x_wconf 83' lang='lat' dir='ltr'>coniiciat.</span> 
     </span>
    </p>

    <p class='ocr_par' dir='ltr' id='par_1_3' title="bbox 203 543 1789 732">
     <span class='ocr_line' id='line_1_6' title="bbox 258 543 1789 599; baseline -0.002 -13"><span class='ocrx_word' id='word_1_42' title='bbox 258 550 321 586; x_wconf 82' lang='lat'>45.</span> <span class='ocrx_word' id='word_1_43' title='bbox 354 548 608 586; x_wconf 67' lang='lat' dir='ltr'>Paoposrrio</span> <span class='ocrx_word' id='word_1_44' title='bbox 639 546 695 586; x_wconf 87' lang='lat'>3⁰.</span> <span class='ocrx_word' id='word_1_45' title='bbox 727 546 829 585; x_wconf 86' lang='lat' dir='ltr'>Non</span> <span class='ocrx_word' id='word_1_46' title='bbox 859 546 1105 599; x_wconf 77' lang='lat' dir='ltr'>opponitur,</span> <span class='ocrx_word' id='word_1_47' title='bbox 1139 544 1264 583; x_wconf 80' lang='lat' dir='ltr'>immo</span> <span class='ocrx_word' id='word_1_48' title='bbox 1288 544 1422 583; x_wconf 71' lang='lat' dir='ltr'>amice</span> <span class='ocrx_word' id='word_1_49' title='bbox 1443 544 1679 584; x_wconf 76' lang='lat' dir='ltr'>concordat</span> <span class='ocrx_word' id='word_1_50' title='bbox 1698 543 1789 583; x_wconf 73' lang='lat' dir='ltr'>iuri</span> 
     </span>
     <span class='ocr_line' id='line_1_7' title="bbox 209 610 1784 665; baseline -0.001 -13"><span class='ocrx_word' id='word_1_51' title='bbox 209 616 407 661; x_wconf 72' lang='lat' dir='ltr'>naturae,</span> <span class='ocrx_word' id='word_1_52' title='bbox 440 613 636 665; x_wconf 74' lang='lat' dir='ltr'>corporis</span> <span class='ocrx_word' id='word_1_53' title='bbox 666 613 889 653; x_wconf 77' lang='lat' dir='ltr'>moderata</span> <span class='ocrx_word' id='word_1_54' title='bbox 920 611 1175 664; x_wconf 63' lang='lat' dir='ltr'>castigatio,</span> <span class='ocrx_word' id='word_1_55' title='bbox 1206 610 1263 650; x_wconf 80' lang='lat' dir='ltr'>ad</span> <span class='ocrx_word' id='word_1_56' title='bbox 1284 611 1551 662; x_wconf 71' lang='lat' dir='ltr'><em>frenandam</em></span> <span class='ocrx_word' id='word_1_57' title='bbox 1581 611 1784 663; x_wconf 79' lang='lat' dir='ltr'>eoncupi-</span> 
     </span>
     <span class='ocr_line' id='line_1_8' title="bbox 203 677 1745 732; baseline -0.001 -12"><span class='ocrx_word' id='word_1_58' title='bbox 203 680 413 720; x_wconf 64' lang='lat' dir='ltr'>scentiam</span> <span class='ocrx_word' id='word_1_59' title='bbox 442 683 482 718; x_wconf 73' lang='lat' dir='ltr'>et</span> <span class='ocrx_word' id='word_1_60' title='bbox 509 679 649 719; x_wconf 75' lang='lat' dir='ltr'>animi</span> <span class='ocrx_word' id='word_1_61' title='bbox 674 680 720 720; x_wconf 79' lang='lat' dir='ltr'>in</span> <span class='ocrx_word' id='word_1_62' title='bbox 749 693 906 732; x_wconf 71' lang='lat' dir='ltr'>corpus</span> <span class='ocrx_word' id='word_1_63' title='bbox 937 678 1166 732; x_wconf 77' lang='lat' dir='ltr'>imperium</span> <span class='ocrx_word' id='word_1_64' title='bbox 1196 677 1434 730; x_wconf 68' lang='lat' dir='ltr'>eoepeda&#39;cias</span> <span class='ocrx_word' id='word_1_65' title='bbox 1464 678 1745 730; x_wconf 77' lang='lat' dir='ltr'>efficiendam.</span> 
     </span>
    </p>

    <p class='ocr_par' dir='ltr' id='par_1_4' title="bbox 177 741 1787 2093">
     <span class='ocr_line' id='line_1_9' title="bbox 255 741 1779 794; baseline -0.002 -11"><span class='ocrx_word' id='word_1_66' title='bbox 255 744 378 784; x_wconf 89' lang='lat' dir='ltr'>Prob.</span> <span class='ocrx_word' id='word_1_67' title='bbox 411 744 564 785; x_wconf 78' lang='lat' dir='ltr'>Militat</span> <span class='ocrx_word' id='word_1_68' title='bbox 593 745 700 784; x_wconf 82' lang='lat' dir='ltr'>haec</span> <span class='ocrx_word' id='word_1_69' title='bbox 735 744 866 784; x_wconf 87' lang='lat' dir='ltr'>thesis</span> <span class='ocrx_word' id='word_1_70' title='bbox 896 744 1102 783; x_wconf 89' lang='lat' dir='ltr'>adversus</span> <span class='ocrx_word' id='word_1_71' title='bbox 1132 741 1378 782; x_wconf 85' lang='lat' dir='ltr'>delicatulos</span> <span class='ocrx_word' id='word_1_72' title='bbox 1415 742 1618 794; x_wconf 90' lang='lat' dir='ltr'>quosdam</span> <span class='ocrx_word' id='word_1_73' title='bbox 1646 741 1779 782; x_wconf 85' lang='lat' dir='ltr'>nostri</span> 
     </span>
     <span class='ocr_line' id='line_1_10' title="bbox 205 804 1784 861; baseline -0.003 -13"><span class='ocrx_word' id='word_1_74' title='bbox 205 808 299 848; x_wconf 91' lang='lat' dir='ltr'>aevi</span> <span class='ocrx_word' id='word_1_75' title='bbox 330 808 615 861; x_wconf 86' lang='lat' dir='ltr'>philosophos,</span> <span class='ocrx_word' id='word_1_76' title='bbox 648 808 727 860; x_wconf 88' lang='lat' dir='ltr'>qui,</span> <span class='ocrx_word' id='word_1_77' title='bbox 757 808 811 847; x_wconf 89' lang='lat' dir='ltr'>ad</span> <span class='ocrx_word' id='word_1_78' title='bbox 842 807 1138 847; x_wconf 87' lang='lat' dir='ltr'>blandiendum</span> <span class='ocrx_word' id='word_1_79' title='bbox 1159 804 1366 851; x_wconf 75' lang='lat' dir='ltr'>sensibus,</span> <span class='ocrx_word' id='word_1_80' title='bbox 1384 817 1530 844; x_wconf 89' lang='lat' dir='ltr'>omnes</span> <span class='ocrx_word' id='word_1_81' title='bbox 1551 805 1784 857; x_wconf 77' lang='lat' dir='ltr'>generatim</span> 
     </span>
     <span class='ocr_line' id='line_1_11' title="bbox 203 868 1785 925; baseline -0.003 -12"><span class='ocrx_word' id='word_1_82' title='bbox 203 873 393 925; x_wconf 87' lang='lat' dir='ltr'>corporis</span> <span class='ocrx_word' id='word_1_83' title='bbox 423 872 736 925; x_wconf 78' lang='lat' dir='ltr'>castigationes,</span> <span class='ocrx_word' id='word_1_84' title='bbox 767 885 873 924; x_wconf 89' lang='lat' dir='ltr'>quae</span> <span class='ocrx_word' id='word_1_85' title='bbox 892 885 965 924; x_wconf 89' lang='lat' dir='ltr'>pro</span> <span class='ocrx_word' id='word_1_86' title='bbox 986 870 1137 910; x_wconf 82' lang='lat' dir='ltr'>virtute</span> <span class='ocrx_word' id='word_1_87' title='bbox 1157 874 1441 917; x_wconf 86' lang='lat' dir='ltr'>assumuntur,</span> <span class='ocrx_word' id='word_1_88' title='bbox 1472 874 1685 921; x_wconf 76' lang='lat' dir='ltr'>tamquam</span> <span class='ocrx_word' id='word_1_89' title='bbox 1705 868 1785 908; x_wconf 89' lang='lat' dir='ltr'>iuri</span> 
     </span>
     <span class='ocr_line' id='line_1_12' title="bbox 205 936 1783 988; baseline -0.002 -10"><span class='ocrx_word' id='word_1_90' title='bbox 205 945 381 980; x_wconf 89' lang='lat' dir='ltr'>naturae</span> <span class='ocrx_word' id='word_1_91' title='bbox 411 940 618 980; x_wconf 87' lang='lat' dir='ltr'>adversas</span> <span class='ocrx_word' id='word_1_92' title='bbox 647 945 687 979; x_wconf 90' lang='lat' dir='ltr'>et</span> <span class='ocrx_word' id='word_1_93' title='bbox 715 943 956 979; x_wconf 78' lang='lat' dir='ltr'>ascetarum</span> <span class='ocrx_word' id='word_1_94' title='bbox 986 936 1216 977; x_wconf 88' lang='lat' dir='ltr'>dementias</span> <span class='ocrx_word' id='word_1_95' title='bbox 1255 936 1578 988; x_wconf 84' lang='lat' dir='ltr'>reprehendunt.</span> <span class='ocrx_word' id='word_1_96' title='bbox 1608 938 1663 976; x_wconf 90' lang='lat' dir='ltr'>At</span> <span class='ocrx_word' id='word_1_97' title='bbox 1705 936 1783 976; x_wconf 87' lang='lat' dir='ltr'>iuri</span> 
     </span>
     <span class='ocr_line' id='line_1_13' title="bbox 201 999 1784 1050; baseline -0.001 -8"><span class='ocrx_word' id='word_1_98' title='bbox 201 1009 377 1043; x_wconf 86' lang='lat' dir='ltr'>naturae</span> <span class='ocrx_word' id='word_1_99' title='bbox 407 1004 632 1043; x_wconf 87' lang='lat' dir='ltr'>adversum</span> <span class='ocrx_word' id='word_1_100' title='bbox 663 1009 775 1043; x_wconf 89' lang='lat' dir='ltr'>certe</span> <span class='ocrx_word' id='word_1_101' title='bbox 806 1015 889 1042; x_wconf 90' lang='lat' dir='ltr'>non</span> <span class='ocrx_word' id='word_1_102' title='bbox 911 1009 986 1050; x_wconf 86' lang='lat' dir='ltr'>est,</span> <span class='ocrx_word' id='word_1_103' title='bbox 1009 1001 1149 1041; x_wconf 86' lang='lat' dir='ltr'>dolore</span> <span class='ocrx_word' id='word_1_104' title='bbox 1171 1000 1296 1041; x_wconf 88' lang='lat' dir='ltr'>etiam</span> <span class='ocrx_word' id='word_1_105' title='bbox 1317 999 1491 1049; x_wconf 86' lang='lat' dir='ltr'>inflicto,</span> <span class='ocrx_word' id='word_1_106' title='bbox 1521 1001 1784 1040; x_wconf 79' lang='lat' dir='ltr'>luxuriantes</span> 
     </span>
     <span class='ocr_line' id='line_1_14' title="bbox 202 1065 1779 1120; baseline -0.002 -13"><span class='ocrx_word' id='word_1_107' title='bbox 202 1081 471 1120; x_wconf 78' lang='lat' dir='ltr'>compescere</span> <span class='ocrx_word' id='word_1_108' title='bbox 502 1068 765 1120; x_wconf 88' lang='lat' dir='ltr'>cupiditates,</span> <span class='ocrx_word' id='word_1_109' title='bbox 796 1073 835 1107; x_wconf 92' lang='lat' dir='ltr'>et</span> <span class='ocrx_word' id='word_1_110' title='bbox 865 1067 1020 1120; x_wconf 87' lang='lat' dir='ltr'>aliquid</span> <span class='ocrx_word' id='word_1_111' title='bbox 1048 1065 1173 1105; x_wconf 85' lang='lat' dir='ltr'>etiam</span> <span class='ocrx_word' id='word_1_112' title='bbox 1193 1065 1350 1104; x_wconf 91' lang='lat' dir='ltr'>licitum</span> <span class='ocrx_word' id='word_1_113' title='bbox 1372 1065 1619 1105; x_wconf 79' lang='lat' dir='ltr'>subtrahere</span> <span class='ocrx_word' id='word_1_114' title='bbox 1641 1065 1779 1105; x_wconf 88' lang='lat' dir='ltr'>sensi-</span> 
     </span>
     <span class='ocr_line' id='line_1_15' title="bbox 201 1129 1785 1182; baseline -0.002 -11"><span class='ocrx_word' id='word_1_115' title='bbox 201 1131 291 1180; x_wconf 85' lang='lat' dir='ltr'>bus,</span> <span class='ocrx_word' id='word_1_116' title='bbox 322 1138 365 1171; x_wconf 82' lang='lat' dir='ltr'>ut</span> <span class='ocrx_word' id='word_1_117' title='bbox 393 1132 503 1171; x_wconf 90' lang='lat' dir='ltr'>intra</span> <span class='ocrx_word' id='word_1_118' title='bbox 531 1131 734 1172; x_wconf 78' lang='lat' dir='ltr'>arctiores</span> <span class='ocrx_word' id='word_1_119' title='bbox 765 1131 917 1171; x_wconf 89' lang='lat' dir='ltr'>limites</span> <span class='ocrx_word' id='word_1_120' title='bbox 947 1129 1252 1182; x_wconf 79' lang='lat' dir='ltr'>circumscripti</span> <span class='ocrx_word' id='word_1_121' title='bbox 1274 1136 1394 1169; x_wconf 78' lang='lat' dir='ltr'>extra</span> <span class='ocrx_word' id='word_1_122' title='bbox 1415 1129 1588 1182; x_wconf 87' lang='lat' dir='ltr'>evagari</span> <span class='ocrx_word' id='word_1_123' title='bbox 1609 1142 1693 1168; x_wconf 90' lang='lat' dir='ltr'>non</span> <span class='ocrx_word' id='word_1_124' title='bbox 1716 1143 1785 1169; x_wconf 90' lang='lat' dir='ltr'>au-</span> 
     </span>
     <span class='ocr_line' id='line_1_16' title="bbox 201 1196 1777 1252; baseline -0.001 -14"><span class='ocrx_word' id='word_1_125' title='bbox 201 1199 339 1240; x_wconf 85' lang='lat' dir='ltr'>deant.</span> <span class='ocrx_word' id='word_1_126' title='bbox 368 1201 504 1252; x_wconf 89' lang='lat' dir='ltr'>Atque</span> <span class='ocrx_word' id='word_1_127' title='bbox 534 1198 574 1238; x_wconf 90' lang='lat' dir='ltr'>id</span> <span class='ocrx_word' id='word_1_128' title='bbox 605 1212 653 1238; x_wconf 92' lang='lat' dir='ltr'>eo</span> <span class='ocrx_word' id='word_1_129' title='bbox 683 1198 820 1251; x_wconf 90' lang='lat' dir='ltr'>magis</span> <span class='ocrx_word' id='word_1_130' title='bbox 850 1204 1126 1251; x_wconf 89' lang='lat' dir='ltr'>opportunum</span> <span class='ocrx_word' id='word_1_131' title='bbox 1157 1203 1230 1245; x_wconf 89' lang='lat' dir='ltr'>est,</span> <span class='ocrx_word' id='word_1_132' title='bbox 1260 1197 1369 1249; x_wconf 85' lang='lat' dir='ltr'>quod</span> <span class='ocrx_word' id='word_1_133' title='bbox 1398 1196 1439 1235; x_wconf 90' lang='lat' dir='ltr'>in</span> <span class='ocrx_word' id='word_1_134' title='bbox 1469 1196 1679 1249; x_wconf 82' lang='lat' dir='ltr'>praesenti</span> <span class='ocrx_word' id='word_1_135' title='bbox 1698 1210 1777 1249; x_wconf 90' lang='lat' dir='ltr'>ap-</span> 
     </span>
     <span class='ocr_line' id='line_1_17' title="bbox 199 1261 1783 1316; baseline -0.002 -13"><span class='ocrx_word' id='word_1_136' title='bbox 199 1263 402 1314; x_wconf 86' lang='lat' dir='ltr'>petituum</span> <span class='ocrx_word' id='word_1_137' title='bbox 432 1277 586 1316; x_wconf 86' lang='lat' dir='ltr'>pugna,</span> <span class='ocrx_word' id='word_1_138' title='bbox 609 1270 649 1303; x_wconf 90' lang='lat' dir='ltr'>et</span> <span class='ocrx_word' id='word_1_139' title='bbox 670 1263 869 1304; x_wconf 87' lang='lat' dir='ltr'>conflictu</span> <span class='ocrx_word' id='word_1_140' title='bbox 890 1262 1094 1302; x_wconf 88' lang='lat' dir='ltr'>rationem</span> <span class='ocrx_word' id='word_1_141' title='bbox 1125 1261 1231 1300; x_wconf 86' lang='lat' dir='ltr'>inter</span> <span class='ocrx_word' id='word_1_142' title='bbox 1261 1267 1300 1300; x_wconf 91' lang='lat' dir='ltr'>et</span> <span class='ocrx_word' id='word_1_143' title='bbox 1331 1273 1516 1308; x_wconf 87' lang='lat' dir='ltr'>sensum,</span> <span class='ocrx_word' id='word_1_144' title='bbox 1547 1261 1617 1299; x_wconf 84' lang='lat' dir='ltr'>vix</span> <span class='ocrx_word' id='word_1_145' title='bbox 1639 1268 1711 1301; x_wconf 91' lang='lat' dir='ltr'>aut</span> <span class='ocrx_word' id='word_1_146' title='bbox 1731 1273 1783 1300; x_wconf 86' lang='lat' dir='ltr'>ne</span> 
     </span>
     <span class='ocr_line' id='line_1_18' title="bbox 177 1324 1781 1380; baseline -0.003 -11"><span class='ocrx_word' id='word_1_147' title='bbox 177 1326 271 1369; x_wconf 27' lang='lat' dir='ltr'>&gt;vix</span> <span class='ocrx_word' id='word_1_148' title='bbox 298 1327 463 1380; x_wconf 88' lang='lat' dir='ltr'>quidem</span> <span class='ocrx_word' id='word_1_149' title='bbox 493 1327 662 1379; x_wconf 82' lang='lat' dir='ltr'>spiritus</span> <span class='ocrx_word' id='word_1_150' title='bbox 695 1329 798 1368; x_wconf 87' lang='lat' dir='ltr'>satis</span> <span class='ocrx_word' id='word_1_151' title='bbox 828 1326 1017 1367; x_wconf 82' lang='lat' dir='ltr'>exerceri</span> <span class='ocrx_word' id='word_1_152' title='bbox 1047 1325 1180 1378; x_wconf 88' lang='lat' dir='ltr'>possit</span> <span class='ocrx_word' id='word_1_153' title='bbox 1208 1331 1248 1364; x_wconf 88' lang='lat' dir='ltr'>et</span> <span class='ocrx_word' id='word_1_154' title='bbox 1278 1325 1536 1364; x_wconf 87' lang='lat' dir='ltr'>dominatum</span> <span class='ocrx_word' id='word_1_155' title='bbox 1564 1324 1606 1363; x_wconf 84' lang='lat' dir='ltr'>in</span> <span class='ocrx_word' id='word_1_156' title='bbox 1628 1337 1781 1376; x_wconf 91' lang='lat' dir='ltr'>corpus</span> 
     </span>
     <span class='ocr_line' id='line_1_19' title="bbox 200 1388 1780 1444; baseline -0.001 -15"><span class='ocrx_word' id='word_1_157' title='bbox 200 1390 383 1430; x_wconf 85' lang='lat' dir='ltr'>retinere</span> <span class='ocrx_word' id='word_1_158' title='bbox 404 1424 412 1440; x_wconf 92' lang='lat'>,</span> <span class='ocrx_word' id='word_1_159' title='bbox 445 1391 534 1431; x_wconf 89' lang='lat' dir='ltr'>sine</span> <span class='ocrx_word' id='word_1_160' title='bbox 565 1391 813 1444; x_wconf 82' lang='lat' dir='ltr'>congruenti</span> <span class='ocrx_word' id='word_1_161' title='bbox 843 1391 984 1444; x_wconf 89' lang='lat' dir='ltr'>aliqua</span> <span class='ocrx_word' id='word_1_162' title='bbox 1010 1404 1209 1431; x_wconf 86' lang='lat' dir='ltr'>sensuum</span> <span class='ocrx_word' id='word_1_163' title='bbox 1240 1390 1506 1429; x_wconf 76' lang='lat' dir='ltr'>coercitione.</span> <span class='ocrx_word' id='word_1_164' title='bbox 1539 1390 1627 1429; x_wconf 90' lang='lat' dir='ltr'>Nec</span> <span class='ocrx_word' id='word_1_165' title='bbox 1658 1388 1780 1429; x_wconf 84' lang='lat' dir='ltr'>timor</span> 
     </span>
     <span class='ocr_line' id='line_1_20' title="bbox 201 1452 1782 1507; baseline -0.001 -15"><span class='ocrx_word' id='word_1_166' title='bbox 201 1454 452 1494; x_wconf 87' lang='lat' dir='ltr'>minuendae</span> <span class='ocrx_word' id='word_1_167' title='bbox 470 1455 662 1496; x_wconf 83' lang='lat' dir='ltr'>sanitatis</span> <span class='ocrx_word' id='word_1_168' title='bbox 679 1455 834 1507; x_wconf 88' lang='lat' dir='ltr'>aliquid</span> <span class='ocrx_word' id='word_1_169' title='bbox 844 1454 1101 1495; x_wconf 83' lang='lat' dir='ltr'>adversariis</span> <span class='ocrx_word' id='word_1_170' title='bbox 1116 1453 1240 1493; x_wconf 81' lang='lat' dir='ltr'>favet.</span> <span class='ocrx_word' id='word_1_171' title='bbox 1253 1455 1299 1492; x_wconf 90' lang='lat' dir='ltr'>In</span> <span class='ocrx_word' id='word_1_172' title='bbox 1320 1453 1465 1506; x_wconf 89' lang='lat' dir='ltr'>primis</span> <span class='ocrx_word' id='word_1_173' title='bbox 1482 1453 1604 1502; x_wconf 88' lang='lat' dir='ltr'>enim,</span> <span class='ocrx_word' id='word_1_174' title='bbox 1618 1452 1782 1492; x_wconf 86' lang='lat' dir='ltr'>etiamsi</span> 
     </span>
     <span class='ocr_line' id='line_1_21' title="bbox 200 1516 1784 1572; baseline 0 -16"><span class='ocrx_word' id='word_1_175' title='bbox 200 1517 243 1556; x_wconf 89' lang='lat' dir='ltr'>in</span> <span class='ocrx_word' id='word_1_176' title='bbox 265 1531 439 1570; x_wconf 89' lang='lat' dir='ltr'>corpore</span> <span class='ocrx_word' id='word_1_177' title='bbox 460 1519 708 1571; x_wconf 85' lang='lat' dir='ltr'>castigando</span> <span class='ocrx_word' id='word_1_178' title='bbox 729 1519 832 1559; x_wconf 91' lang='lat' dir='ltr'>levis</span> <span class='ocrx_word' id='word_1_179' title='bbox 853 1519 992 1572; x_wconf 89' lang='lat' dir='ltr'>aliqua</span> <span class='ocrx_word' id='word_1_180' title='bbox 1008 1519 1158 1558; x_wconf 80' lang='lat' dir='ltr'>virium</span> <span class='ocrx_word' id='word_1_181' title='bbox 1179 1525 1250 1557; x_wconf 87' lang='lat' dir='ltr'>aut</span> <span class='ocrx_word' id='word_1_182' title='bbox 1271 1517 1472 1570; x_wconf 81' lang='lat' dir='ltr'>longioris</span> <span class='ocrx_word' id='word_1_183' title='bbox 1490 1517 1600 1557; x_wconf 90' lang='lat' dir='ltr'>vitae</span> <span class='ocrx_word' id='word_1_184' title='bbox 1621 1516 1784 1556; x_wconf 85' lang='lat' dir='ltr'>iactura</span> 
     </span>
     <span class='ocr_line' id='line_1_22' title="bbox 200 1580 1774 1636; baseline -0.001 -15"><span class='ocrx_word' id='word_1_185' title='bbox 200 1583 330 1632; x_wconf 66' lang='lat' dir='ltr'>fieret,</span> <span class='ocrx_word' id='word_1_186' title='bbox 356 1583 397 1621; x_wconf 86' lang='lat' dir='ltr'>id</span> <span class='ocrx_word' id='word_1_187' title='bbox 426 1583 585 1622; x_wconf 82' lang='lat' dir='ltr'>affatim</span> <span class='ocrx_word' id='word_1_188' title='bbox 615 1591 911 1636; x_wconf 84' lang='lat' dir='ltr'>compensatur</span> <span class='ocrx_word' id='word_1_189' title='bbox 940 1583 1088 1624; x_wconf 85' lang='lat' dir='ltr'>altiore</span> <span class='ocrx_word' id='word_1_190' title='bbox 1118 1583 1239 1631; x_wconf 91' lang='lat' dir='ltr'>bono,</span> <span class='ocrx_word' id='word_1_191' title='bbox 1270 1582 1465 1621; x_wconf 84' lang='lat' dir='ltr'>nimirum</span> <span class='ocrx_word' id='word_1_192' title='bbox 1488 1581 1615 1621; x_wconf 87' lang='lat' dir='ltr'>animi</span> <span class='ocrx_word' id='word_1_193' title='bbox 1636 1580 1774 1633; x_wconf 85' lang='lat' dir='ltr'>perfe-</span> 
     </span>
     <span class='ocr_line' id='line_1_23' title="bbox 200 1647 1775 1703; baseline -0.002 -14"><span class='ocrx_word' id='word_1_194' title='bbox 200 1649 350 1698; x_wconf 83' lang='lat' dir='ltr'>ctione,</span> <span class='ocrx_word' id='word_1_195' title='bbox 380 1650 488 1702; x_wconf 89' lang='lat' dir='ltr'>quod</span> <span class='ocrx_word' id='word_1_196' title='bbox 517 1650 611 1689; x_wconf 88' lang='lat' dir='ltr'>inde</span> <span class='ocrx_word' id='word_1_197' title='bbox 641 1651 919 1703; x_wconf 87' lang='lat' dir='ltr'>consequitur.</span> <span class='ocrx_word' id='word_1_198' title='bbox 951 1653 1074 1690; x_wconf 91' lang='lat' dir='ltr'>Anne</span> <span class='ocrx_word' id='word_1_199' title='bbox 1103 1649 1298 1689; x_wconf 88' lang='lat' dir='ltr'>laudibus</span> <span class='ocrx_word' id='word_1_200' title='bbox 1329 1649 1465 1688; x_wconf 80' lang='lat' dir='ltr'>efferri</span> <span class='ocrx_word' id='word_1_201' title='bbox 1494 1662 1578 1688; x_wconf 88' lang='lat' dir='ltr'>non</span> <span class='ocrx_word' id='word_1_202' title='bbox 1600 1649 1706 1688; x_wconf 85' lang='lat' dir='ltr'>solet</span> <span class='ocrx_word' id='word_1_203' title='bbox 1725 1647 1775 1695; x_wconf 88' lang='lat' dir='ltr'>is,</span> 
     </span>
     <span class='ocr_line' id='line_1_24' title="bbox 201 1713 1786 1769; baseline -0.002 -14"><span class='ocrx_word' id='word_1_204' title='bbox 201 1716 270 1769; x_wconf 87' lang='lat' dir='ltr'>qui</span> <span class='ocrx_word' id='word_1_205' title='bbox 300 1729 347 1755; x_wconf 86' lang='lat' dir='ltr'>se</span> <span class='ocrx_word' id='word_1_206' title='bbox 376 1722 507 1755; x_wconf 84' lang='lat' dir='ltr'>totum</span> <span class='ocrx_word' id='word_1_207' title='bbox 537 1716 672 1755; x_wconf 87' lang='lat' dir='ltr'>studio</span> <span class='ocrx_word' id='word_1_208' title='bbox 701 1716 970 1756; x_wconf 84' lang='lat' dir='ltr'>scientiarum</span> <span class='ocrx_word' id='word_1_209' title='bbox 991 1716 1157 1764; x_wconf 84' lang='lat' dir='ltr'>addicit,</span> <span class='ocrx_word' id='word_1_210' title='bbox 1180 1715 1371 1768; x_wconf 87' lang='lat' dir='ltr'>quamvis</span> <span class='ocrx_word' id='word_1_211' title='bbox 1402 1714 1553 1754; x_wconf 87' lang='lat' dir='ltr'>exinde</span> <span class='ocrx_word' id='word_1_212' title='bbox 1584 1713 1786 1767; x_wconf 88' lang='lat' dir='ltr'>paulatim</span> 
     </span>
     <span class='ocr_line' id='line_1_25' title="bbox 199 1777 1781 1832; baseline -0.002 -12"><span class='ocrx_word' id='word_1_213' title='bbox 199 1779 320 1820; x_wconf 88' lang='lat' dir='ltr'>atteri</span> <span class='ocrx_word' id='word_1_214' title='bbox 343 1779 453 1819; x_wconf 86' lang='lat' dir='ltr'>vires</span> <span class='ocrx_word' id='word_1_215' title='bbox 476 1793 525 1818; x_wconf 88' lang='lat' dir='ltr'>ac</span> <span class='ocrx_word' id='word_1_216' title='bbox 555 1779 694 1819; x_wconf 89' lang='lat' dir='ltr'>minus</span> <span class='ocrx_word' id='word_1_217' title='bbox 724 1781 978 1832; x_wconf 88' lang='lat' dir='ltr'>longaevum</span> <span class='ocrx_word' id='word_1_218' title='bbox 1007 1793 1053 1820; x_wconf 88' lang='lat' dir='ltr'>se</span> <span class='ocrx_word' id='word_1_219' title='bbox 1078 1779 1257 1818; x_wconf 82' lang='lat' dir='ltr'>futurum</span> <span class='ocrx_word' id='word_1_220' title='bbox 1287 1777 1472 1818; x_wconf 66' lang='lat' dir='ltr'>noscat?</span> <span class='ocrx_word' id='word_1_221' title='bbox 1504 1777 1677 1826; x_wconf 85' lang='lat' dir='ltr'>Deinde,</span> <span class='ocrx_word' id='word_1_222' title='bbox 1699 1778 1781 1817; x_wconf 89' lang='lat' dir='ltr'>hoc</span> 
     </span>
     <span class='ocr_line' id='line_1_26' title="bbox 200 1844 1787 1899; baseline -0.002 -13"><span class='ocrx_word' id='word_1_223' title='bbox 200 1846 325 1886; x_wconf 85' lang='lat' dir='ltr'>etiam</span> <span class='ocrx_word' id='word_1_224' title='bbox 342 1846 632 1886; x_wconf 85' lang='lat' dir='ltr'>detrimentum</span> <span class='ocrx_word' id='word_1_225' title='bbox 651 1847 797 1899; x_wconf 87' lang='lat' dir='ltr'>negari</span> <span class='ocrx_word' id='word_1_226' title='bbox 814 1853 968 1899; x_wconf 86' lang='lat' dir='ltr'>posset.</span> <span class='ocrx_word' id='word_1_227' title='bbox 992 1847 1049 1886; x_wconf 86' lang='lat' dir='ltr'>Ut</span> <span class='ocrx_word' id='word_1_228' title='bbox 1069 1845 1178 1885; x_wconf 88' lang='lat' dir='ltr'>enim</span> <span class='ocrx_word' id='word_1_229' title='bbox 1201 1845 1404 1897; x_wconf 82' lang='lat' dir='ltr'>exemplis</span> <span class='ocrx_word' id='word_1_230' title='bbox 1426 1844 1656 1884; x_wconf 86' lang='lat' dir='ltr'>innumeris</span> <span class='ocrx_word' id='word_1_231' title='bbox 1678 1857 1787 1884; x_wconf 89' lang='lat' dir='ltr'>com-</span> 
     </span>
     <span class='ocr_line' id='line_1_27' title="bbox 197 1909 1787 1964; baseline 0 -15"><span class='ocrx_word' id='word_1_232' title='bbox 197 1916 359 1962; x_wconf 88' lang='lat' dir='ltr'>pertum</span> <span class='ocrx_word' id='word_1_233' title='bbox 382 1915 456 1959; x_wconf 89' lang='lat' dir='ltr'>est,</span> <span class='ocrx_word' id='word_1_234' title='bbox 479 1910 696 1950; x_wconf 86' lang='lat' dir='ltr'>moderata</span> <span class='ocrx_word' id='word_1_235' title='bbox 726 1911 913 1964; x_wconf 90' lang='lat' dir='ltr'>corporis</span> <span class='ocrx_word' id='word_1_236' title='bbox 943 1910 1165 1962; x_wconf 86' lang='lat' dir='ltr'>castigatio</span> <span class='ocrx_word' id='word_1_237' title='bbox 1197 1909 1453 1949; x_wconf 84' lang='lat' dir='ltr'>diuturnitati</span> <span class='ocrx_word' id='word_1_238' title='bbox 1482 1909 1592 1948; x_wconf 90' lang='lat' dir='ltr'>vitae</span> <span class='ocrx_word' id='word_1_239' title='bbox 1613 1909 1787 1949; x_wconf 90' lang='lat' dir='ltr'>minime</span> 
     </span>
     <span class='ocr_line' id='line_1_28' title="bbox 200 1976 1783 2030; baseline -0.001 -14"><span class='ocrx_word' id='word_1_240' title='bbox 200 1977 329 2026; x_wconf 86' lang='lat' dir='ltr'>obest;</span> <span class='ocrx_word' id='word_1_241' title='bbox 347 1977 414 2016; x_wconf 91' lang='lat' dir='ltr'>cui</span> <span class='ocrx_word' id='word_1_242' title='bbox 432 1977 567 2029; x_wconf 87' lang='lat' dir='ltr'>potius</span> <span class='ocrx_word' id='word_1_243' title='bbox 588 1984 711 2017; x_wconf 90' lang='lat' dir='ltr'>nocet</span> <span class='ocrx_word' id='word_1_244' title='bbox 731 1976 940 2030; x_wconf 88' lang='lat' dir='ltr'>ingluvies</span> <span class='ocrx_word' id='word_1_245' title='bbox 961 1983 1001 2018; x_wconf 92' lang='lat' dir='ltr'>et</span> <span class='ocrx_word' id='word_1_246' title='bbox 1016 1984 1134 2017; x_wconf 90' lang='lat' dir='ltr'>tenor</span> <span class='ocrx_word' id='word_1_247' title='bbox 1154 1977 1264 2017; x_wconf 84' lang='lat' dir='ltr'>vitae</span> <span class='ocrx_word' id='word_1_248' title='bbox 1281 1976 1417 2016; x_wconf 90' lang='lat' dir='ltr'>mollis</span> <span class='ocrx_word' id='word_1_249' title='bbox 1438 1982 1477 2016; x_wconf 91' lang='lat' dir='ltr'>et</span> <span class='ocrx_word' id='word_1_250' title='bbox 1494 1977 1783 2028; x_wconf 89' lang='lat' dir='ltr'>voluptuosae,</span> 
     </span>
     <span class='ocr_line' id='line_1_29' title="bbox 199 2040 1620 2093; baseline 0 -13"><span class='ocrx_word' id='word_1_251' title='bbox 199 2054 323 2093; x_wconf 90' lang='lat' dir='ltr'>quam</span> <span class='ocrx_word' id='word_1_252' title='bbox 353 2040 420 2080; x_wconf 86' lang='lat' dir='ltr'>isti</span> <span class='ocrx_word' id='word_1_253' title='bbox 452 2040 740 2081; x_wconf 85' lang='lat' dir='ltr'>sensibilitatis</span> <span class='ocrx_word' id='word_1_254' title='bbox 771 2041 1014 2082; x_wconf 87' lang='lat' dir='ltr'>defensores</span> <span class='ocrx_word' id='word_1_255' title='bbox 1044 2055 1128 2081; x_wconf 90' lang='lat' dir='ltr'>non</span> <span class='ocrx_word' id='word_1_256' title='bbox 1157 2041 1329 2080; x_wconf 89' lang='lat' dir='ltr'>multum</span> <span class='ocrx_word' id='word_1_257' title='bbox 1360 2047 1620 2080; x_wconf 82' lang='lat' dir='ltr'>aversantur.</span> 
     </span>
    </p>
   </div>
   <div class='ocr_carea' id='block_1_3' title="bbox 727 2170 1282 2223">
    <p class='ocr_par' dir='ltr' id='par_1_5' title="bbox 727 2170 1282 2223">
     <span class='ocr_line' id='line_1_30' title="bbox 727 2170 1282 2223; baseline -0.002 -14"><span class='ocrx_word' id='word_1_258' title='bbox 727 2170 968 2209; x_wconf 71' lang='lat' dir='ltr'>Solvuntur</span> <span class='ocrx_word' id='word_1_259' title='bbox 997 2170 1282 2223; x_wconf 64' lang='lat' dir='ltr'>difficultates.</span> 
     </span>
    </p>
   </div>
   <div class='ocr_carea' id='block_1_4' title="bbox 201 2299 1795 2943">
    <p class='ocr_par' dir='ltr' id='par_1_6' title="bbox 201 2299 1795 2943">
     <span class='ocr_line' id='line_1_31' title="bbox 253 2299 1783 2352; baseline 0 -14"><span class='ocrx_word' id='word_1_260' title='bbox 253 2299 316 2338; x_wconf 80' lang='lat'>56.</span> <span class='ocrx_word' id='word_1_261' title='bbox 351 2299 480 2338; x_wconf 65' lang='lat' dir='ltr'>Obiic.</span> <span class='ocrx_word' id='word_1_262' title='bbox 519 2313 571 2339; x_wconf 77' lang='lat' dir='ltr'>ex</span> <span class='ocrx_word' id='word_1_263' title='bbox 601 2302 784 2340; x_wconf 85' lang='lat' dir='ltr'>Auctore</span> <span class='ocrx_word' id='word_1_264' title='bbox 815 2301 1072 2352; x_wconf 75' lang='lat' dir='ltr'>Systematis</span> <span class='ocrx_word' id='word_1_265' title='bbox 1102 2305 1298 2341; x_wconf 72' lang='lat' dir='ltr'>naturae.</span> <span class='ocrx_word' id='word_1_266' title='bbox 1338 2300 1539 2341; x_wconf 88' lang='lat' dir='ltr'>Necando</span> <span class='ocrx_word' id='word_1_267' title='bbox 1571 2299 1783 2352; x_wconf 87' lang='lat' dir='ltr'>seipsum,</span> 
     </span>
     <span class='ocr_line' id='line_1_32' title="bbox 203 2365 1783 2419; baseline -0.001 -13"><span class='ocrx_word' id='word_1_268' title='bbox 203 2367 317 2406; x_wconf 87' lang='lat' dir='ltr'>nulla</span> <span class='ocrx_word' id='word_1_269' title='bbox 347 2367 486 2406; x_wconf 83' lang='lat' dir='ltr'>officia</span> <span class='ocrx_word' id='word_1_270' title='bbox 515 2367 747 2406; x_wconf 87' lang='lat' dir='ltr'>laeduntur.</span> <span class='ocrx_word' id='word_1_271' title='bbox 780 2369 872 2407; x_wconf 90' lang='lat' dir='ltr'>Non</span> <span class='ocrx_word' id='word_1_272' title='bbox 903 2367 1067 2419; x_wconf 87' lang='lat' dir='ltr'>quidem</span> <span class='ocrx_word' id='word_1_273' title='bbox 1098 2366 1239 2407; x_wconf 87' lang='lat' dir='ltr'>officia</span> <span class='ocrx_word' id='word_1_274' title='bbox 1260 2380 1362 2419; x_wconf 88' lang='lat' dir='ltr'>erga</span> <span class='ocrx_word' id='word_1_275' title='bbox 1384 2379 1455 2416; x_wconf 74' lang='lat' dir='ltr'>se,</span> <span class='ocrx_word' id='word_1_276' title='bbox 1479 2373 1565 2406; x_wconf 84' lang='lat' dir='ltr'>tum</span> <span class='ocrx_word' id='word_1_277' title='bbox 1586 2365 1683 2419; x_wconf 91' lang='lat' dir='ltr'>quia</span> <span class='ocrx_word' id='word_1_278' title='bbox 1704 2379 1783 2405; x_wconf 83' lang='lat' dir='ltr'>vo-</span> 
     </span>
     <span class='ocr_line' id='line_1_33' title="bbox 201 2430 1786 2484; baseline -0.002 -13"><span class='ocrx_word' id='word_1_279' title='bbox 201 2432 301 2472; x_wconf 89' lang='lat' dir='ltr'>lenti</span> <span class='ocrx_word' id='word_1_280' title='bbox 330 2445 413 2470; x_wconf 90' lang='lat' dir='ltr'>non</span> <span class='ocrx_word' id='word_1_281' title='bbox 444 2432 489 2470; x_wconf 87' lang='lat' dir='ltr'>fit</span> <span class='ocrx_word' id='word_1_282' title='bbox 519 2430 671 2471; x_wconf 89' lang='lat' dir='ltr'>iniuria</span> <span class='ocrx_word' id='word_1_283' title='bbox 691 2464 699 2480; x_wconf 88' lang='lat'>‚</span> <span class='ocrx_word' id='word_1_284' title='bbox 733 2438 818 2471; x_wconf 90' lang='lat' dir='ltr'>tum</span> <span class='ocrx_word' id='word_1_285' title='bbox 849 2431 946 2484; x_wconf 91' lang='lat' dir='ltr'>quia</span> <span class='ocrx_word' id='word_1_286' title='bbox 975 2437 1034 2470; x_wconf 86' lang='lat' dir='ltr'>tot</span> <span class='ocrx_word' id='word_1_287' title='bbox 1063 2431 1337 2471; x_wconf 85' lang='lat' dir='ltr'>circumstare</span> <span class='ocrx_word' id='word_1_288' title='bbox 1381 2437 1559 2483; x_wconf 84' lang='lat' dir='ltr'>possunt</span> <span class='ocrx_word' id='word_1_289' title='bbox 1588 2431 1711 2478; x_wconf 88' lang='lat' dir='ltr'>mala,</span> <span class='ocrx_word' id='word_1_290' title='bbox 1742 2434 1786 2468; x_wconf 93' lang='lat' dir='ltr'>ut</span> 
     </span>
     <span class='ocr_line' id='line_1_34' title="bbox 202 2495 1786 2551; baseline -0.003 -14"><span class='ocrx_word' id='word_1_291' title='bbox 202 2500 289 2537; x_wconf 75' lang='lat' dir='ltr'>vita</span> <span class='ocrx_word' id='word_1_292' title='bbox 319 2497 470 2538; x_wconf 83' lang='lat' dir='ltr'>diutius</span> <span class='ocrx_word' id='word_1_293' title='bbox 500 2498 667 2537; x_wconf 84' lang='lat' dir='ltr'>tolerari</span> <span class='ocrx_word' id='word_1_294' title='bbox 697 2504 887 2551; x_wconf 87' lang='lat' dir='ltr'>nequeat.</span> <span class='ocrx_word' id='word_1_295' title='bbox 919 2499 1056 2544; x_wconf 80' lang='lat' dir='ltr'>Quare</span> <span class='ocrx_word' id='word_1_296' title='bbox 1086 2511 1180 2537; x_wconf 88' lang='lat' dir='ltr'>cum</span> <span class='ocrx_word' id='word_1_297' title='bbox 1215 2497 1409 2537; x_wconf 88' lang='lat' dir='ltr'>miseriae</span> <span class='ocrx_word' id='word_1_298' title='bbox 1440 2497 1635 2536; x_wconf 89' lang='lat' dir='ltr'>vitandae</span> <span class='ocrx_word' id='word_1_299' title='bbox 1675 2495 1786 2534; x_wconf 89' lang='lat' dir='ltr'>hanc</span> 
     </span>
     <span class='ocr_line' id='line_1_35' title="bbox 202 2558 1792 2614; baseline -0.003 -13"><span class='ocrx_word' id='word_1_300' title='bbox 202 2563 313 2602; x_wconf 89' lang='lat' dir='ltr'>viam</span> <span class='ocrx_word' id='word_1_301' title='bbox 344 2569 494 2602; x_wconf 87' lang='lat' dir='ltr'>natura</span> <span class='ocrx_word' id='word_1_302' title='bbox 524 2562 795 2610; x_wconf 77' lang='lat' dir='ltr'>concesserit3</span> <span class='ocrx_word' id='word_1_303' title='bbox 826 2562 979 2614; x_wconf 90' lang='lat' dir='ltr'>optime</span> <span class='ocrx_word' id='word_1_304' title='bbox 1008 2561 1208 2601; x_wconf 86' lang='lat' dir='ltr'>indicavit</span> <span class='ocrx_word' id='word_1_305' title='bbox 1238 2575 1283 2602; x_wconf 91' lang='lat' dir='ltr'>se</span> <span class='ocrx_word' id='word_1_306' title='bbox 1304 2562 1425 2601; x_wconf 90' lang='lat' dir='ltr'>nobis</span> <span class='ocrx_word' id='word_1_307' title='bbox 1445 2565 1696 2612; x_wconf 87' lang='lat' dir='ltr'>potestatem</span> <span class='ocrx_word' id='word_1_308' title='bbox 1726 2558 1792 2598; x_wconf 87' lang='lat' dir='ltr'>fa-</span> 
     </span>
     <span class='ocr_line' id='line_1_36' title="bbox 202 2621 1795 2678; baseline -0.004 -12"><span class='ocrx_word' id='word_1_309' title='bbox 202 2640 298 2667; x_wconf 89' lang='lat' dir='ltr'>cere</span> <span class='ocrx_word' id='word_1_310' title='bbox 317 2627 457 2666; x_wconf 87' lang='lat' dir='ltr'>utendi</span> <span class='ocrx_word' id='word_1_311' title='bbox 479 2627 663 2666; x_wconf 88' lang='lat' dir='ltr'>remedio</span> <span class='ocrx_word' id='word_1_312' title='bbox 684 2627 776 2676; x_wconf 90' lang='lat' dir='ltr'>isto,</span> <span class='ocrx_word' id='word_1_313' title='bbox 795 2627 829 2666; x_wconf 89' lang='lat' dir='ltr'>si</span> <span class='ocrx_word' id='word_1_314' title='bbox 843 2627 1046 2666; x_wconf 89' lang='lat' dir='ltr'>volumus.</span> <span class='ocrx_word' id='word_1_315' title='bbox 1061 2627 1173 2678; x_wconf 86' lang='lat' dir='ltr'>Ergo</span> <span class='ocrx_word' id='word_1_316' title='bbox 1190 2626 1254 2665; x_wconf 93' lang='lat' dir='ltr'>ius</span> <span class='ocrx_word' id='word_1_317' title='bbox 1276 2625 1400 2665; x_wconf 89' lang='lat' dir='ltr'>etiam</span> <span class='ocrx_word' id='word_1_318' title='bbox 1418 2631 1593 2663; x_wconf 89' lang='lat' dir='ltr'>naturae</span> <span class='ocrx_word' id='word_1_319' title='bbox 1610 2635 1694 2662; x_wconf 90' lang='lat' dir='ltr'>non</span> <span class='ocrx_word' id='word_1_320' title='bbox 1711 2621 1795 2661; x_wconf 91' lang='lat' dir='ltr'>vio-</span> 
     </span>
     <span class='ocr_line' id='line_1_37' title="bbox 203 2685 1789 2740; baseline -0.005 -8"><span class='ocrx_word' id='word_1_321' title='bbox 203 2694 322 2732; x_wconf 86' lang='lat' dir='ltr'>latur.</span> <span class='ocrx_word' id='word_1_322' title='bbox 335 2691 466 2740; x_wconf 84' lang='lat' dir='ltr'>Adde,</span> <span class='ocrx_word' id='word_1_323' title='bbox 485 2691 710 2730; x_wconf 88' lang='lat' dir='ltr'>dominium</span> <span class='ocrx_word' id='word_1_324' title='bbox 726 2692 768 2730; x_wconf 89' lang='lat' dir='ltr'>in</span> <span class='ocrx_word' id='word_1_325' title='bbox 786 2690 1004 2730; x_wconf 87' lang='lat' dir='ltr'>materiam</span> <span class='ocrx_word' id='word_1_326' title='bbox 1021 2689 1141 2729; x_wconf 89' lang='lat' dir='ltr'>nobis</span> <span class='ocrx_word' id='word_1_327' title='bbox 1158 2689 1355 2728; x_wconf 86' lang='lat' dir='ltr'>tributum</span> <span class='ocrx_word' id='word_1_328' title='bbox 1372 2701 1479 2736; x_wconf 85' lang='lat' dir='ltr'>esse;</span> <span class='ocrx_word' id='word_1_329' title='bbox 1497 2694 1540 2726; x_wconf 89' lang='lat' dir='ltr'>at</span> <span class='ocrx_word' id='word_1_330' title='bbox 1555 2698 1655 2725; x_wconf 87' lang='lat' dir='ltr'>vero</span> <span class='ocrx_word' id='word_1_331' title='bbox 1673 2685 1789 2725; x_wconf 88' lang='lat' dir='ltr'>circa</span> 
     </span>
     <span class='ocr_line' id='line_1_38' title="bbox 205 2754 1790 2810; baseline -0.004 -12"><span class='ocrx_word' id='word_1_332' title='bbox 205 2759 423 2798; x_wconf 87' lang='lat' dir='ltr'>materiam</span> <span class='ocrx_word' id='word_1_333' title='bbox 440 2758 604 2810; x_wconf 87' lang='lat' dir='ltr'>proprie</span> <span class='ocrx_word' id='word_1_334' title='bbox 622 2771 856 2810; x_wconf 83' lang='lat' dir='ltr'>operamur,</span> <span class='ocrx_word' id='word_1_335' title='bbox 873 2771 968 2797; x_wconf 91' lang='lat' dir='ltr'>cum</span> <span class='ocrx_word' id='word_1_336' title='bbox 987 2765 1161 2797; x_wconf 88' lang='lat' dir='ltr'>mortem</span> <span class='ocrx_word' id='word_1_337' title='bbox 1178 2756 1299 2796; x_wconf 88' lang='lat' dir='ltr'>nobis</span> <span class='ocrx_word' id='word_1_338' title='bbox 1316 2754 1790 2801; x_wconf 72' lang='lat' dir='ltr'>inferimusPraeterea,</span> 
     </span>
     <span class='ocr_line' id='line_1_39' title="bbox 204 2818 1789 2877; baseline -0.006 -11"><span class='ocrx_word' id='word_1_339' title='bbox 204 2826 311 2867; x_wconf 87' lang='lat' dir='ltr'>ratio</span> <span class='ocrx_word' id='word_1_340' title='bbox 334 2825 525 2865; x_wconf 88' lang='lat' dir='ltr'>beneficii</span> <span class='ocrx_word' id='word_1_341' title='bbox 547 2839 597 2864; x_wconf 92' lang='lat' dir='ltr'>ac</span> <span class='ocrx_word' id='word_1_342' title='bbox 620 2825 727 2874; x_wconf 90' lang='lat' dir='ltr'>doni,</span> <span class='ocrx_word' id='word_1_343' title='bbox 749 2839 852 2877; x_wconf 87' lang='lat' dir='ltr'>quae</span> <span class='ocrx_word' id='word_1_344' title='bbox 873 2824 916 2863; x_wconf 89' lang='lat' dir='ltr'>in</span> <span class='ocrx_word' id='word_1_345' title='bbox 934 2824 1019 2864; x_wconf 84' lang='lat' dir='ltr'>vita</span> <span class='ocrx_word' id='word_1_346' title='bbox 1035 2824 1280 2870; x_wconf 84' lang='lat' dir='ltr'>continetur,</span> <span class='ocrx_word' id='word_1_347' title='bbox 1303 2821 1498 2873; x_wconf 83' lang='lat' dir='ltr'>importat</span> <span class='ocrx_word' id='word_1_348' title='bbox 1517 2826 1561 2858; x_wconf 89' lang='lat' dir='ltr'>ut</span> <span class='ocrx_word' id='word_1_349' title='bbox 1582 2819 1731 2869; x_wconf 84' lang='lat' dir='ltr'>ipsam,</span> <span class='ocrx_word' id='word_1_350' title='bbox 1753 2818 1789 2857; x_wconf 85' lang='lat' dir='ltr'>si</span> 
     </span>
     <span class='ocr_line' id='line_1_40' title="bbox 203 2885 1788 2943; baseline -0.006 -12"><span class='ocrx_word' id='word_1_351' title='bbox 203 2892 314 2941; x_wconf 87' lang='lat' dir='ltr'>libet,</span> <span class='ocrx_word' id='word_1_352' title='bbox 344 2891 585 2931; x_wconf 86' lang='lat' dir='ltr'>renuntiare</span> <span class='ocrx_word' id='word_1_353' title='bbox 617 2891 838 2943; x_wconf 89' lang='lat' dir='ltr'>possimus,</span> <span class='ocrx_word' id='word_1_354' title='bbox 869 2889 1115 2943; x_wconf 88' lang='lat' dir='ltr'>praesertim</span> <span class='ocrx_word' id='word_1_355' title='bbox 1145 2901 1239 2928; x_wconf 91' lang='lat' dir='ltr'>cum</span> <span class='ocrx_word' id='word_1_356' title='bbox 1271 2888 1427 2926; x_wconf 85' lang='lat' dir='ltr'>nullum</span> <span class='ocrx_word' id='word_1_357' title='bbox 1457 2885 1575 2926; x_wconf 86' lang='lat' dir='ltr'>initio</span> <span class='ocrx_word' id='word_1_358' title='bbox 1606 2885 1660 2925; x_wconf 88' lang='lat' dir='ltr'>ad</span> <span class='ocrx_word' id='word_1_359' title='bbox 1692 2898 1788 2925; x_wconf 89' lang='lat' dir='ltr'>eam</span> 
     </span>
    </p>
   </div>
  </div>
 </body>
</html>
