1970 3203
153 211 230 250 252
526 225 593 252 ms
622 226 866 269 NATURAE‘-
884 225 991 252 PARs
1019 226 1056 252 11.
1086 226 1153 253 1th
1181 226 1355 254 SOC1ALE

152 295 364 348 ampliatio
395 297 603 348 quaedam
635 297 908 339 multitudinis
939 298 1194 340 domesticae
1211 332 1219 348 ,
1241 300 1362 339 novis
1382 299 1656 340 relationibus
1677 299 1739 338 in-

152 364 305 411 dutae;
337 363 398 404 sic
443 365 674 405 auctoritas
717 365 851 405 civilis
887 371 950 405 est
979 365 1192 417 ampliatio
1236 367 1441 418 quaedam
1475 365 1740 406 auctoritatis

151 426 419 476 domesticae,
450 429 574 468 novis
603 429 682 469 illis
713 430 986 470 relationibus
1006 430 1249 470 ordinandis
1270 430 1517 483 applicatae.
1540 432 1674 482 Atque
1697 430 1739 469 in

151 492 339 532 savorem
369 494 494 533 huius
524 495 758 535 sententiae
787 496 970 548 torqueri
1000 503 1170 548 possent
1202 510 1275 545 ea,
1308 510 1414 548 quae
1448 497 1487 536 S.
1521 497 1708 536 Thomas
1733 528 1743 545 ‚

153 557 422 599 Aristotelem
456 574 685 613 exponens,
717 567 905 610 testatur,
936 562 1140 614 inquiens:
1174 578 1194 600 «
1227 563 1374 603 Omnis
1405 563 1553 603 domus
1582 563 1738 614 regitur

153 622 205 660 ab
235 622 372 674 aliquo
394 624 698 676 antiquissimo,
720 625 829 666 sicut
848 638 873 664 a
894 625 1194 678 patrefamilias
1216 633 1416 679 reguntur
1441 626 1526 665 filii.
1550 627 1601 666 Et
1625 626 1740 666 exin-

156 689 206 727 de
236 689 442 742 contingit
473 692 582 743 quod
611 691 736 731 etiam
767 697 854 731 tota
887 691 1053 740 vicinia,
1084 705 1190 744 quae
1226 698 1316 732 erat
1349 692 1539 732 instituta
1559 706 1614 732 ex
1643 706 1738 733 con-

153 754 421 806 sanguineis,
454 757 681 809 regebatur
711 764 878 810 propter
909 757 1204 810 cognationem
1235 758 1286 797 ab
1329 758 1466 811 aliquo
1489 791 1497 806 ,
1538 759 1607 811 qui
1646 765 1737 799 erat

153 819 398 872 principalis
428 822 469 860 in
501 822 766 874 cognatione,
798 823 907 862 sicut
936 822 1086 863 civitas
1117 823 1272 875 regitur
1294 836 1319 861 a
1340 836 1451 875 rege.
1475 823 1573 862 Ideo
1596 830 1736 863 autem

154 884 236 923 hoc
265 886 453 938 regimen
484 900 509 926 a
539 888 730 927 domibus
761 898 800 928 et
829 887 934 927 vicis
964 888 1167 940 processit
1197 888 1249 927 ad
1281 888 1490 928 civitatem
1515 902 1524 937 ;
1556 888 1653 941 quia
1684 889 1739 929 di-

154 951 266 990 versi
297 952 377 991 vici
407 960 503 991 sunt
533 953 640 992 sicut
670 954 821 993 civitas
851 954 1043 1006 dispersa
1072 954 1112 993 in
1145 954 1333 994 diversas
1362 961 1515 1007 partes.
1540 955 1609 995 Sic
1638 969 1739 1008 ergo

154 1023 268 1067 patet
296 1018 405 1070 quod
435 1019 619 1072 regimen
653 1019 764 1072 regis
795 1033 920 1072 super
951 1020 1162 1060 civitatem
1193 1021 1259 1059 vel
1288 1027 1455 1073 gentem
1486 1022 1697 1074 processit
1718 1036 1744 1061 a

153 1082 356 1134 regimine
387 1084 631 1136 antiquioris
661 1084 703 1123 in
736 1086 858 1124 domo
889 1086 956 1125 vel
987 1085 1082 1125 vico
1114 1086 1187 1136 (1).
1220 1100 1239 1123 )>

208 1150 317 1190 Hinc
347 1150 593 1203 intelligitur
622 1165 695 1191 cur
725 1152 818 1190 iura
837 1151 966 1203 regia,
988 1151 1113 1191 etiam
1136 1152 1245 1190 vitae
1267 1157 1306 1191 et
1326 1152 1454 1200 neeis,
1476 1152 1519 1191 in
1539 1152 1746 1205 antiquis-

155 1216 273 1255 simis
302 1216 483 1264 familiis,
515 1216 701 1256 nondum
719 1217 885 1256 civilem
902 1217 1148 1257 societatem
1167 1218 1495 1267 efformantibus,
1518 1218 1743 1270 patrifami-

155 1281 234 1321 lias
273 1282 572 1331 tribuebantur3
596 1296 771 1336 quorum
793 1283 992 1336 reliquiae
1008 1284 1237 1323 nonnullae
1254 1283 1295 1322 in
1312 1284 1612 1336 posterioribus
1634 1290 1745 1324 aeta-

155 1348 266 1388 tibus
297 1350 406 1402 apud
436 1351 588 1390 multas
618 1357 767 1403 gentes
797 1350 1102 1402 superfuerunt.
1136 1350 1383 1401 Intelligitur
1413 1350 1536 1389 etiam
1568 1364 1642 1390 cur
1663 1351 1741 1402 pri-

157 1429 226 1454 ma
242 1416 460 1467 regiminis
484 1417 629 1464 forma,
647 1430 754 1469 quae
774 1418 885 1468 apud
907 1416 1213 1456 vetustissimos
1236 1417 1412 1468 populos
1435 1416 1636 1468 apparuit,
1656 1429 1744 1455 non

156 1478 279 1518 fuerit
308 1479 388 1518 nisi
419 1480 704 1520 monarchica:
723 1479 983 1532 Antiquitas
1014 1492 1157 1518 omnes
1189 1480 1449 1532 reyebantttr
1482 1480 1653 1532 regibus
1670 1481 1745 1532 (2).

677 1611 919 1651 Solvuntur
949 1611 1236 1663 dffcalt‘ates.

211 1743 274 1783 58.
309 1742 438 1782 Obiic.
479 1745 509 1782 I.
541 1743 699 1784 Omnes
739 1744 934 1783 homines
963 1750 1060 1782 sunt
1097 1742 1380 1783 essentialiter
1409 1744 1608 1795 aequales
1637 1742 1746 1781 inter

158 1817 216 1852 se,
247 1818 325 1845 nec
347 1815 497 1846 natura
518 1821 739 1859 personam
761 1808 888 1847 ullam
911 1807 1115 1859 designat,
1139 1807 1180 1845 in
1202 1820 1283 1858 qua
1304 1806 1536 1846 auctoritas
1557 1805 1743 1846 residere

160 1869 320 1909 debeat.
354 1872 466 1923 Ergo
497 1873 699 1912 eiusmodi
721 1873 1008 1913 determinatio
1030 1872 1196 1912 nonnisi
1218 1886 1243 1911 a
1265 1878 1486 1912 contractu
1507 1872 1635 1924 repeti
1657 1884 1735 1923 po-

159 1941 239 1974 test
269 1942 308 1975 et
338 1949 363 1974 a
394 1937 525 1976 libera
555 1938 858 1990 paciscentium
889 1940 1116 1978 voluntate.

215 2002 263 2040 R.
294 2002 405 2041 Dc'st.
436 2003 610 2054 primam
642 2010 801 2056 partem
834 2004 1040 2044 maioris:
1073 2003 1231 2042 Omnes
1261 2002 1451 2042 homines
1473 2007 1569 2041 sunt
1591 2014 1745 2041 essen-

163 2064 314 2105 tialiter
343 2069 554 2119 aequales,
584 2068 691 2108 idest
723 2081 807 2108 non
837 2067 1030 2107 differunt
1057 2067 1098 2105 in
1122 2065 1336 2118 principiis
1358 2064 1654 2105 essentialibus
1675 2069 1749 2103 aut

162 2132 203 2170 in
233 2132 391 2172 iuribus
419 2133 573 2173 innatis
592 2167 600 2182 ,
631 2148 733 2173 conc
749 2149 765 2181 ,·
795 2134 914 2183 idest,
946 2147 998 2174 ex
1020 2132 1204 2173 essentia
1225 2131 1492 2183 consequitur
1512 2136 1555 2169 ut
1576 2130 1749 2170 differre

164 2206 372 2250 nequeant
392 2199 433 2238 in
455 2200 517 2249 iis,
540 2214 646 2252 quae
667 2200 877 2241 essentiae
898 2200 1241 2252 superadduntur,
1262 2205 1334 2238 aut
1354 2198 1396 2237 in
1415 2197 1574 2237 iuribus
1596 2196 1747 2249 acqui—

165 2263 266 2312 sitis,
299 2277 415 2316 neyo.
448 2266 594 2311 Quoad
624 2267 801 2306 alteram
833 2272 994 2318 partem
1025 2265 1214 2305 similiter
1243 2265 1353 2304 dist:
1376 2265 1537 2303 Natura
1557 2275 1642 2302 non
1663 2262 1739 2301 de-

167 2331 310 2382 signat
344 2332 577 2372 subiectum
609 2333 883 2381 auctoritatis,
915 2339 955 2372 et
985 2333 1066 2371 hoc
1097 2331 1255 2384 probat,
1277 2330 1486 2370 neminem
1510 2342 1605 2370 esse
1626 2328 1745 2381 prin-

161 2398 295 2450 cipem
330 2398 367 2437 vi
397 2404 572 2438 naturae
590 2431 598 2445 ‚
630 2411 731 2437 conc
750 2414 766 2445 ,·
798 2405 837 2438 et
866 2399 948 2437 hoc
979 2397 1139 2449 probat,
1162 2396 1372 2436 neminem
1394 2408 1489 2435 esse
1512 2393 1743 2446 principem

160 2464 285 2504 etiam
315 2465 354 2503 vi
386 2464 483 2504 facti
512 2464 690 2504 alicuius
712 2497 720 2513 ‚
751 2464 860 2516 quod
888 2464 952 2503 ius
982 2463 1213 2515 imperandi
1246 2463 1286 2501 in
1318 2461 1520 2514 peculiari
1550 2460 1738 2500 subiecto

160 2531 431 2578 determinet,
465 2545 583 2584 nesso.
617 2533 724 2571 Tum
755 2531 879 2571 etiam
912 2544 1017 2583 nego
1049 2543 1321 2583 consequens.

215 2596 326 2636 Nihil
357 2596 536 2647 ineptius
567 2597 648 2636 hac
679 2596 921 2636 difficultate
952 2602 1026 2636 est.
1059 2596 1165 2634 Na'm
1196 2594 1230 2633 si
1261 2593 1344 2632 vim
1375 2592 1569 2637 haberet,
1600 2589 1745 2628 omnia

164 2663 254 2702 iura
283 2661 494 2713 acquisita
523 2661 574 2700 ab
605 2661 844 2701 hominibus
875 2660 1130 2701 excluderet.
1163 2659 1260 2698 Pari
1293 2657 1402 2697 enim
1425 2654 1548 2694 modo
1570 2653 1631 2693 sic
1659 2654 1752 2706 quis

166 2726 405 2767 ratiocinari
437 2733 603 2778 posset:
637 2728 795 2766 Omnes
825 2725 1018 2766 homines
1048 2730 1145 2765 sunt
1174 2721 1454 2763 essentialiter
1474 2720 1689 2772 aequales,
1713 2726 1753 2759 et

212 2869 262 2910 (1)
287 2869 323 2900 In
348 2870 387 2900 1¹¹¹
412 2868 665 2903 Politicmwcm,
689 2867 767 2899 lect.
794 2868 814 2898 Ι.

212 2923 262 2963 (2)
287 2924 319 2955 S.
345 2923 510 2960 THOMAS,
533 2920 671 2952 ibidem.
