1970 3203
217 183 269 224 58
898 195 1118 222 ETHICA

837 342 1082 381 Amemus
1113 341 1184 380 IV.

310 474 377 514 De
403 473 660 527 principiis,
693 474 983 513 moralitatem
1016 473 1135 512 actui
1161 475 1348 512 humano
1381 472 1730 526 impertientibus.

270 609 334 648 51.
364 609 495 648 Actus
524 607 707 648 morales
747 607 818 647 alii
852 607 1091 658 obligatorii
1115 639 1122 655 ,
1152 606 1223 646 alii
1252 606 1385 647 liberi.
1415 606 1547 646 Actus
1577 604 1799 645 voluntarii

223 673 408 715 strictius
438 673 613 726 accepti,
645 672 840 712 nimirum
870 677 994 725 prout
1022 685 1106 712 non
1135 671 1258 712 modo
1289 685 1315 711 a
1336 672 1548 712 voluntate
1569 672 1798 724 procedunt

216 752 312 778 cum
343 737 583 790 cognitione
615 737 725 785 finis,
755 750 900 777 verum
931 736 1056 776 etiam
1087 749 1139 776 ex
1169 735 1302 775 libera
1332 735 1537 776 electione
1561 736 1677 784 fiunt,
1703 734 1801 774 divi-

217 805 371 845 duntur
398 805 440 844 in
469 805 672 845 honestos
702 809 742 844 et
772 810 926 855 turpes,
959 807 1080 855 prout
1100 802 1347 842 relationem
1369 801 1525 842 habent
1546 800 1800 841 convenien-

217 872 299 912 tiae
316 877 387 912 aut
404 870 712 922 discrepantiae
729 884 824 911 cum
841 875 992 908 natura
1012 867 1217 917 rationali,
1237 868 1291 907 ad
1306 879 1430 921 quam
1453 867 1669 920 pertinent.
1692 868 1796 907 Cum

216 947 314 975 vero
345 940 518 974 naturae
548 933 767 974 rationalis
797 933 1008 986 proprium
1040 932 1092 971 sit
1122 932 1289 984 operari
1318 932 1436 972 iuxta
1467 931 1677 979 ordinem,
1699 931 1798 971 hinc

216 1000 373 1041 fontem
404 1000 652 1040 moralitatis
682 999 894 1039 actionum
924 999 1204 1038 humanarum
1240 998 1280 1036 in
1313 997 1520 1038 obiectivo
1551 997 1695 1038 ordine
1729 1009 1803 1036 re—

216 1078 330 1112 rum,
361 1077 434 1116 per
463 1063 671 1104 rationem
701 1064 966 1116 apprehenso
997 1072 1037 1102 et
1067 1062 1269 1102 voluntati
1301 1061 1673 1115 proposito,·situm
1705 1073 1801 1100 esse
1832 1107 1839 1114 „

219 1130 492 1179 decrevimus,
524 1143 611 1178 seu,
642 1130 751 1182 quod
771 1129 881 1170 idem
903 1134 1038 1176 sonat,
1060 1129 1101 1168 in
1123 1128 1387 1169 connexione
1418 1142 1512 1168 cum
1533 1129 1616 1168 fine
1638 1126 1801 1173 ultimo,

218 1194 286 1247 qui
307 1194 432 1234 totius
454 1193 611 1233 ordinis
633 1200 695 1234 est
716 1199 841 1246 caput
857 1199 896 1233 et
912 1193 1241 1232 fundamentum.
1262 1194 1401 1240 Quare
1416 1198 1536 1233 actus
1554 1193 1653 1231 huic
1669 1190 1804 1231 ordini

218 1259 541 1311 respondentes,
572 1258 738 1299 honesti
768 1258 985 1304 habentur;
1017 1257 1085 1309 qui
1115 1262 1278 1305 contra,
1309 1257 1438 1310 pravi.

275 1322 457 1362 Omissio
469 1336 626 1374 pravae
642 1321 820 1362 actionis
836 1335 1002 1373 semper
1018 1327 1082 1361 est
1098 1320 1362 1373 obligatoria3
1375 1320 1471 1374 quia
1491 1320 1646 1359 malum
1663 1332 1805 1371 agere,

219 1401 431 1440 nunquam
460 1387 568 1428 licet.
600 1388 655 1427 At
685 1386 822 1440 quoad
851 1385 1060 1425 actionem
1091 1385 1327 1434 honestam,
1359 1382 1699 1436 distinguendum
1727 1387 1802 1421 est.

218 1453 327 1491 Nam
356 1451 391 1491 si
421 1451 470 1491 de
501 1457 597 1490 actu
615 1450 752 1504 agitur
772 1450 840 1502 qui
861 1448 1129 1489 necessarius
1150 1448 1311 1488 homini
1334 1454 1397 1489 est
1417 1453 1461 1488 ut
1481 1447 1522 1487 in
1540 1446 1686 1487 ordine
1708 1460 1800 1485 ma-

217 1521 344 1564 neat3
377 1507 468 1555 eius
497 1515 670 1555 omissio
700 1515 814 1553 mala
844 1519 919 1562 est,
950 1527 1001 1552 ac
1033 1513 1202 1565 proinde
1233 1519 1356 1553 actus
1387 1511 1685 1564 obligationem
1717 1509 1799 1549 im—

218 1588 366 1635 portat.
380 1581 555 1628 Quando
579 1595 678 1621 vero
700 1586 822 1620 actus
841 1580 998 1619 nullam
1022 1578 1280 1631 exigentiam
1299 1584 1493 1631 respectu
1511 1576 1670 1617 ordinis
1687 1589 1803 1627 prae-

221 1650 357 1698 sefert,
388 1649 477 1689 eius
508 1648 691 1696 omissio,
721 1647 834 1686 mala
864 1645 942 1685 dici
973 1644 1125 1697 nequit,
1157 1650 1198 1684 et
1226 1650 1346 1684 actus
1375 1644 1465 1696 ipse
1494 1645 1536 1683 in
1557 1648 1700 1683 nostro
1722 1642 1803 1682 erit

218 1715 359 1764 libit03
391 1714 582 1767 quamvis
603 1745 613 1762 ,
643 1712 678 1752 si
709 1711 843 1752 ordini
874 1716 1091 1763 congruat,
1122 1709 1307 1750 bonitate
1336 1710 1505 1751 fruatur.
1538 1710 1648 1749 Hinc
1678 1714 1800 1749 actus

222 1780 426 1819 honestus
455 1777 649 1817 dividitur
676 1777 719 1816 in
749 1776 1056 1828 obligatorium
1086 1781 1125 1814 et
1156 1774 1349 1814 liberam.

277 1843 405 1883 Hisce
436 1841 672 1894 praeiactis,
694 1840 977 1893 quaerendum
1008 1853 1119 1879 nunc
1142 1844 1205 1879 est
1225 1839 1374 1892 quibus
1396 1839 1602 1892 capitibus
1623 1839 1723 1879 ordo
1743 1850 1803 1877 re-

220 1921 312 1947 rum
343 1906 577 1946 obiectivus
606 1905 884 1946 moralitatem
915 1903 1079 1944 actibus
1109 1904 1306 1944 humanis
1337 1905 1611 1957 impartiatur.

785 2045 1256 2086 PROPOSITIONES.

271 2176 333 2215 52.
353 2176 609 2216 PRoposmo
631 2176 686 2215 1³.
708 2176 844 2215 Actus
865 2174 1048 2214 humani
1069 2174 1360 2214 moralitatem
1380 2173 1610 2213 desumant
1626 2185 1674 2211 eor
1696 2171 1807 2211 obie-

218 2245 294 2289 cto,
327 2256 376 2281 6oe
399 2243 487 2294 fine
519 2246 558 2281 el
585 2256 634 2281 θῦε
663 2241 1018 2281 circumstantiis.

273 2309 395 2348 Prob.
426 2309 560 2361 prima
589 2321 699 2360 pars.
731 2309 833 2348 Cum
865 2306 1050 2359 operatio
1082 2306 1134 2346 sit
1163 2313 1300 2346 motus
1329 2304 1508 2358 quidam,
1531 2317 1612 2356 quo
1633 2303 1799 2343 animus

221 2374 263 2414 in
293 2373 500 2413 obiectum
532 2371 669 2420 fertur;
701 2372 752 2411 ab
784 2371 960 2418 obiecto,
983 2370 1091 2422 quod
1112 2370 1247 2422 ipsam
1274 2368 1476 2416 terminat,
1505 2368 1688 2419 speciem
1709 2380 1805 2405 mu-

222 2446 372 2479 tuatur,
402 2441 510 2479 Nam
541 2438 712 2491 quisque
734 2443 870 2476 motus
891 2435 1159 2488 specificatur
1178 2449 1203 2474 a
1223 2435 1413 2476 termino.
1438 2434 1547 2473 Hinc
1580 2434 1803 2480 obiectum,

223 2503 266 2542 in
295 2508 493 2555 quantum
523 2502 706 2554 speciem
736 2501 873 2541 tribuit
903 2500 1076 2548 actioni,
1108 2500 1255 2540 dicitur
1271 2501 1428 2552 forma
1460 2499 1571 2547 eius,
1602 2498 1697 2537 licet
1727 2510 1808 2536 ex-

225 2566 419 2607 trinseca.
451 2568 579 2606 Prout
608 2566 732 2618 igitur
763 2565 971 2606 obiectum
1000 2564 1154 2603 bonum
1184 2571 1247 2604 est
1270 2565 1334 2603 vel
1364 2563 1531 2609 malum,
1555 2574 1629 2601 seu
1651 2559 1804 2599 rationi

225 2632 482 2672 conveniens
511 2638 581 2671 aut
611 2632 868 2683 discrepans,
892 2629 1074 2682 operatio
1095 2629 1188 2682 ipsa
1207 2630 1436 2669 bonitatem
1467 2627 1608 2666 induet
1630 2626 1696 2666 vel
1724 2639 1807 2665 ma-

223 2699 365 2738 litiam.

282 2765 392 2804 Hinc
406 2764 803 2812 inferes,bonitatem
821 2765 885 2804 vel
903 2763 1247 2814 malitiam,quam
1268 2761 1452 2813 operatio
1466 2774 1517 2801 ex
1534 2760 1696 2800 obiecto
1713 2773 1809 2800 con-

229 2830 366 2879 trahit,
385 2830 442 2870 illi
460 2843 554 2870 esse
576 2830 854 2878 essentialem,
873 2843 922 2869 ac
954 2828 1128 2880 proinde
1157 2827 1473 2877 immutabilem,
1492 2840 1588 2866 cum
1609 2826 1807 2879 respiciat

230 2893 499 2941 intrinsecam
517 2892 606 2932 eius
621 2893 865 2941 realitatem‚
880 2906 953 2932 seu
970 2892 1211 2943 specificam
1229 2891 1445 2931 rationem.
1463 2891 1645 2931 Adverte
1656 2896 1803 2930 tamen
