1970 3203
205 176 284 217 280
579 188 644 214 ms
673 187 874 213 NATURAE
897 197 917 203 -
939 188 1046 214 PARS
1076 188 1111 214 11.
1141 187 1209 215 lus
1240 188 1413 215 SoclALE

204 265 324 304 toties
356 264 506 302 vulnus
535 262 747 316 infligitur,
769 262 930 316 quoties
951 263 1040 303 eius
1056 263 1172 304 iussa
1201 264 1478 307 frustrantur?
1501 265 1633 306 Valde
1653 264 1782 318 igitur

200 331 251 369 ad
282 328 527 369 societatem
555 327 729 367 interest
749 327 813 367 ius
833 328 944 377 illud,
965 329 1074 381 quod
1096 329 1233 383 legum
1255 331 1569 372 exsecutionem
1591 330 1773 384 respicit,

203 403 329 445 atque
349 393 402 431 ad
433 405 577 432 earum
599 392 901 444 praescriptum
932 393 1120 433 actiones
1142 393 1351 433 sociorum
1382 395 1632 435 moderatur.
1666 394 1783 434 Haec

200 469 357 508 magna
373 469 472 508 pars
493 463 556 496 est
579 456 854 506 auctoritatis;
877 457 973 496 licet
993 457 1188 509 potestati
1209 457 1472 511 legislativae
1493 460 1624 508 cedat,
1648 458 1786 512 sitque
1840 504 1843 505 ⁷

201 522 292 563 eius
315 523 428 563 velut
448 522 769 563 consectarium.
791 524 896 563 Cum
914 523 1023 563 enim
1041 523 1230 564 actiones
1247 524 1570 575 individuorum,
1587 539 1693 580 quae
1713 539 1785 578 per

199 589 335 640 legem
353 588 475 642 dirigi
493 589 654 638 debent,
667 589 904 629 individuae
921 589 1003 630 sint
1020 597 1059 629 et
1076 596 1312 639 concretae,
1324 591 1392 630 lex
1409 598 1546 632 autem
1559 592 1788 633 abstractis

197 654 415 693 dumtaxat
436 653 799 706 praeceptionibus
826 654 1099 704 contineatur;
1119 655 1340 707 requiritur
1361 655 1543 707 profecto
1561 657 1602 696 in
1622 657 1785 709 princi—

199 720 266 771 pio
297 719 510 760 societatis
541 727 699 760 motore
729 720 909 759 facultas
945 720 1110 773 aliqua,
1142 734 1167 760 a
1196 721 1356 761 ratione
1377 722 1664 773 proficiscens,
1697 736 1782 775 qua

199 786 410 838 generalis
426 799 586 835 norma,
610 800 759 838 nempe
780 787 861 834 lex,
883 786 1005 827 factis
1026 793 1066 827 et
1086 786 1321 827 actionibus
1343 788 1622 840 peculiaribus
1652 789 1778 842 appli-

199 859 327 892 cetur.
351 853 401 891 Et
422 852 618 904 quoniam
644 851 847 892 eiusmodi
867 851 1079 892 societatis
1100 859 1235 893 motor
1255 854 1434 893 nonnisi
1455 853 1497 892 in
1528 855 1777 895 auctoritate

198 925 400 966 moratur,
419 924 606 971 potestas
627 918 875 959 exsecutiva
890 918 1045 958 functio
1063 919 1266 970 quaedam
1284 926 1347 959 est
1362 926 1401 960 et
1423 919 1488 960 ius
1505 920 1778 961 auctoritatis.

254 986 318 1025 Ex
335 998 414 1037 quo
432 992 558 1037 patet,
570 999 662 1027 eam
679 985 965 1026 conscientiae
979 985 1103 1026 veluti
1116 986 1285 1026 socialis
1294 986 1463 1026 nomine
1480 986 1627 1026 donari
1643 1000 1781 1039 posse3

200 1051 414 1091 cumidem
432 1050 517 1091 fere
535 1065 686 1091 munus
706 1051 749 1090 in
765 1052 967 1092 societate
984 1058 1190 1101 exerceat,
1206 1052 1633 1105 quodconscientiain
1651 1053 1782 1093 homi-

204 1132 267 1158 ne.
287 1119 343 1158 Ut
360 1118 470 1157 enim
486 1118 592 1158 haec
610 1118 835 1170 applicatio
851 1119 1055 1170 quaedam
1079 1126 1141 1159 est
1159 1120 1296 1171 legum
1329 1119 1560 1168 moralium,
1583 1133 1689 1172 quae
1711 1133 1782 1159 ra-

203 1185 315 1226 tione
331 1185 549 1237 peragitur
569 1185 706 1237 quoad
728 1185 894 1225 actione
915 1185 1112 1237 privatas;
1135 1185 1195 1225 sic
1222 1186 1293 1224 illa
1313 1185 1592 1238 applicatione
1613 1192 1779 1225 constat

201 1253 340 1304 legum
356 1251 551 1299 civilium,
565 1264 672 1303 quae
684 1250 736 1290 ab
749 1251 997 1292 auctoritate
1007 1258 1226 1291 exercetur
1237 1252 1375 1303 quoad
1383 1251 1574 1292 actiones
1586 1252 1781 1292 sociales.

253 1315 317 1356 88.
350 1316 504 1364 Quibus
535 1316 703 1356 dotibus
742 1315 953 1355 instructa
988 1327 1081 1355 esse
1120 1315 1258 1356 debet.
1303 1316 1499 1356 Potestas
1537 1315 1785 1355 exsecutiva

205 1381 326 1421 debet
355 1394 450 1421 esse
467 1381 627 1433 fidelis,
649 1381 791 1432 sortis
819 1387 859 1420 et
881 1381 1088 1433 prudens.
1121 1382 1257 1433 Atque
1287 1381 1367 1421 hae
1398 1388 1496 1422 sunt
1529 1381 1782 1434 praecipuae

204 1447 335 1494 dotes,
366 1460 471 1499 quas
501 1446 541 1485 in
571 1446 666 1499 ipsa
699 1447 967 1486 considerare
996 1459 1233 1499 possumus.

254 1514 301 1552 In
324 1512 468 1565 primis
485 1512 624 1565 itaque
647 1513 768 1553 debet
789 1526 883 1553 esse
904 1512 1050 1561 fidelis,
1072 1513 1264 1553 nimirum
1288 1513 1491 1554 eiusmodi
1512 1520 1557 1555 ut
1577 1527 1629 1555 ne
1649 1515 1778 1555 latum

201 1577 366 1628 quidem
398 1591 582 1630 unguem
613 1590 639 1616 a
667 1578 807 1628 legum
837 1578 1095 1630 praescripto
1126 1577 1325 1626 discedat;
1357 1578 1408 1617 ab
1438 1578 1488 1618 iis
1520 1578 1631 1617 enim
1657 1579 1778 1618 dum-

197 1650 317 1684 taxat
346 1644 428 1683 vim
460 1656 625 1683 ornnem
656 1648 695 1683 et
723 1643 787 1683 ius
817 1649 1039 1682 mutuatur.
1073 1644 1211 1690 Quare
1241 1643 1447 1696 princeps,
1480 1643 1605 1684 etiam
1634 1644 1676 1683 in
1709 1657 1777 1683 re-

199 1707 356 1759 gimine
377 1707 650 1747 monarchico
673 1714 713 1746 et
732 1707 937 1755 absoluto,
959 1715 1081 1759 prout
1097 1707 1342 1747 exsecutiva
1362 1714 1568 1759 potestate
1589 1714 1775 1756 ornatur,

198 1785 281 1811 non
312 1785 441 1824 supra
470 1774 620 1825 legem,
653 1772 727 1811 sed
756 1772 832 1811 sub
863 1773 955 1824 lege
977 1779 1051 1819 est;
1073 1784 1150 1811 nec
1172 1772 1293 1812 aliter
1314 1773 1547 1824 peculiares
1569 1772 1778 1824 quaestio-

195 1849 270 1876 nes
300 1836 473 1877 definire
503 1843 651 1888 potest,
674 1836 754 1876 nisi
775 1843 894 1888 prout
938 1837 1053 1888 leges
1075 1836 1365 1876 constabilitae
1388 1836 1660 1889 praecipiunt.
1686 1838 1780 1877 Hoc

198 1901 306 1940 enim
337 1901 503 1953 proprie
533 1901 670 1940 differt
697 1901 886 1953 regimen
915 1901 1230 1940 monarchicum
1262 1914 1288 1939 a
1318 1901 1557 1953 despotico:
1589 1901 1698 1953 quod
1739 1901 1781 1940 in

197 1965 413 2016 despotico
445 1967 640 2005 voluntas
671 1972 833 2005 tantum
863 1964 1108 2017 imperantis
1139 1965 1221 2003 vim
1252 1965 1416 2012 habeat,
1440 1965 1481 2004 in
1502 1964 1779 2004 monarchico

197 2041 282 2068 non
303 2029 519 2069 arbitrium
549 2030 623 2070 sed
651 2030 721 2069 lex
748 2029 935 2081 imperet,
957 2043 1063 2081 quae
1084 2029 1181 2069 licet
1201 2030 1451 2070 auctoritate
1471 2029 1671 2081 principis
1692 2029 1780 2069 lata

197 2095 263 2143 sit,
294 2103 435 2136 tamen
467 2097 563 2135 dum
594 2101 735 2135 manet
754 2095 889 2147 ipsam
910 2096 1110 2148 principis
1131 2097 1388 2136 voluntatem
1410 2096 1488 2135 sibi
1512 2095 1661 2135 subdit.
1687 2095 1775 2135 Po-

196 2162 292 2201 terit
320 2162 460 2214 ntique
491 2163 698 2215 princeps,
728 2163 763 2202 si
794 2163 948 2203 bonum
979 2163 1136 2203 sociale
1166 2162 1206 2202 id
1236 2162 1354 2209 serat,
1385 2162 1518 2214 legem
1539 2161 1774 2213 generatim

201 2228 409 2280 abrogare
438 2235 508 2268 aut
527 2229 569 2267 in
588 2229 714 2268 aliam
746 2236 1004 2277 convertere3
1035 2229 1108 2268 sed
1131 2228 1262 2268 donec
1284 2229 1324 2267 id
1345 2229 1429 2276 fiat,
1453 2228 1519 2268 ius
1541 2240 1625 2267 non
1645 2227 1775 2268 habet

201 2293 408 2333 efficiendi
426 2293 663 2346 quidquam,
689 2295 797 2346 quod
827 2294 1065 2347 vigentibus
1086 2293 1248 2346 legibus
1265 2294 1523 2334 adversetur.
1547 2293 1770 2333 Societatis

195 2359 306 2398 enim
338 2372 422 2398 non
452 2359 647 2399 dominus
675 2367 750 2408 est,
782 2360 855 2400 sed
884 2367 1035 2409 rector3
1066 2370 1189 2412 atque
1219 2359 1271 2398 ad
1303 2373 1352 2399 ea
1383 2367 1543 2399 tantum
1573 2372 1619 2399 se
1649 2357 1774 2411 porri-

194 2436 293 2475 gere
324 2430 485 2475 potest,
517 2423 570 2462 ad
599 2437 706 2476 quae
737 2424 869 2463 civilis
900 2431 1087 2476 potestas
1117 2424 1294 2464 diversis
1325 2423 1632 2471 functionibus,
1671 2435 1775 2475 quas

196 2488 501 2540 complectitur,
533 2503 579 2529 se
608 2490 828 2542 protendit.
859 2491 915 2529 At
943 2490 1165 2542 quidquam
1189 2489 1326 2530 facere
1356 2497 1504 2529 contra
1525 2488 1629 2540 legis
1651 2501 1766 2540 prae-

200 2554 400 2606 scriptum
431 2555 482 2594 ad
513 2556 670 2594 nullam
700 2556 962 2596 auctoritatis
993 2556 1248 2596 functionem
1280 2556 1466 2608 pertinet.

250 2619 359 2659 Hinc
378 2628 515 2660 tamen
535 2621 702 2661 minime
724 2622 910 2674 sequitur
932 2636 1015 2662 non
1037 2635 1161 2675 posse
1182 2635 1400 2674 supremos
1415 2623 1671 2673 imperantes
1687 2620 1769 2672 legi

196 2684 445 2737 quandoque
466 2685 682 2738 derogare,
714 2686 802 2726 sive
832 2688 885 2726 ad
916 2686 1275 2733 benefaciendum,
1308 2686 1395 2725 sive
1416 2685 1469 2723 ad
1490 2697 1668 2736 poenam
1690 2683 1768 2722 ali-

195 2762 321 2801 quam
339 2748 789 2789 condonandam.Nam
806 2750 858 2798 id,
873 2752 1034 2803 quoties
1055 2763 1137 2789 non
1148 2758 1301 2790 temere
1314 2750 1400 2796 fiat,
1414 2748 1487 2788 sed
1503 2747 1653 2787 intuitu
1672 2746 1770 2786 boni

197 2812 443 2860 communis,
462 2825 538 2851 nec
561 2813 686 2851 ullum
700 2815 870 2854 alterius
888 2815 952 2854 ius
969 2815 1118 2862 laedat,
1137 2814 1274 2865 legum
1292 2812 1586 2852 observantiae
1608 2825 1690 2851 non
1709 2824 1769 2851 re-

197 2884 364 2928 pugnat,
386 2879 455 2916 sed
480 2876 614 2928 potius
635 2877 687 2915 ad
705 2878 968 2917 clementiani
987 2887 1027 2917 et
1044 2877 1332 2916 liberalitatem
1352 2876 1551 2928 principis
1575 2875 1767 2927 pertinet.
