1970 3203
220 187 300 228 148
553 200 620 226 ius
650 199 854 226 NATURAE
874 208 895 214 -
917 198 1025 225 PARS
1054 198 1079 224 1.
1109 198 1176 226 ms
1203 199 1473 226 1ND1v1DUALE

222 279 379 319 tionem
400 279 450 318 de
470 278 538 318 his
553 291 659 330 quae
678 276 820 324 credit,
837 276 1029 329 quamvis
1045 276 1282 316 firmissime
1304 276 1364 316 eis
1381 277 1647 317 assentiatur.
1667 277 1805 324 Quan-

225 353 311 384 tum
344 344 454 384 enim
486 348 622 384 estex
653 342 806 395 seipso,
828 356 912 382 non
943 348 1007 382 est
1029 341 1065 381 ei
1100 341 1373 390 satisfactum
1404 356 1482 382 nec
1506 349 1569 384 est
1598 343 1802 383 termina-

226 419 292 451 tus
314 411 365 449 ad
387 423 527 457 unum,
550 409 623 449 sed
640 408 887 448 terminatur
903 413 1065 447 tanturn
1087 420 1140 447 ex
1162 407 1415 448 extrinseco.
1439 409 1490 447 Et
1506 408 1600 449 inde
1617 415 1680 448 est
1696 409 1806 461 quod

219 476 455 516 intellectus
485 475 694 516 credentis
724 474 876 515 dicitur
897 487 992 514 esse
1023 473 1272 526 captivatus,
1304 473 1401 526 quia
1429 479 1591 514 tenetur
1615 475 1803 516 terminis

221 543 372 583 alienis
402 548 441 582 et
470 555 554 582 non
577 541 766 594 propriis.
798 541 900 581 Inde
921 546 985 580 est
1015 539 1139 579 etiam
1161 540 1270 592 quod
1298 541 1339 578 in
1361 541 1556 580 credente
1577 548 1715 593 potest
1734 541 1807 580 in-

221 620 399 660 surgere
437 612 576 646 motus
607 606 656 645 de
695 606 906 645 contrario
939 604 1064 643 huius
1099 603 1206 657 quod
1246 603 1486 643 firmissime
1522 604 1652 650 credit
1683 605 1757 655 (1).
1783 618 1803 642 »

225 673 420 711 Iamvero
450 670 689 711 firmissime
710 670 941 709 adhaerere
972 668 1148 716 obiecto,
1178 680 1262 706 non
1283 667 1608 707 obsecundando
1638 668 1711 707 sed
1729 680 1799 707 re-

221 737 439 790 primendo
462 742 598 776 motus
619 735 747 775 animi
769 734 1015 782 contrarios,
1035 740 1176 773 actum
1198 739 1312 773 certe
1332 733 1537 775 libertatis
1558 733 1742 774 includit.

274 802 418 841 Causa
447 807 586 840 autem
615 799 850 845 subiectiva
880 805 944 839 est
975 811 1133 850 magna
1162 797 1389 845 mobilitas,
1412 810 1495 848 qua
1515 810 1634 836 mens
1662 802 1808 837 nostra

218 868 395 916 laborat,
427 881 480 907 ex
510 867 724 907 iunctione
756 879 851 920 cum
880 864 1108 918 phantasia
1128 863 1361 916 ceterisque
1391 863 1598 903 sensibus.
1631 864 1694 903 Ex
1715 877 1796 916 quo

218 933 265 971 fit
295 938 339 972 ut
368 931 563 970 facillime
592 943 618 968 a
648 929 987 969 consideratione
1017 933 1374 980 argumentorum,
1398 941 1504 980 quae
1535 928 1805 967 extrinsecus

218 1001 379 1035 tantum
409 1009 497 1034 rem
528 994 825 1042 circumstant,
855 992 1061 1033 removeri
1100 991 1232 1045 possit
1261 998 1302 1032 et
1331 992 1383 1032 ad
1412 997 1664 1044 argumenta
1693 1005 1797 1031 con-

218 1061 373 1109 traria,
403 1066 629 1113 utcumque
658 1059 891 1112 sophistica
921 1072 967 1098 se
997 1063 1262 1098 convertere:
1294 1058 1571 1110 potissimum,
1608 1057 1644 1097 si
1675 1070 1808 1109 pravo

217 1124 398 1177 quodam
428 1125 580 1164 affectu
614 1124 780 1163 animus
809 1123 1001 1175 agitetur.
1033 1124 1209 1174 Propter
1238 1122 1350 1161 hanc
1386 1135 1574 1170 causam,
1608 1122 1734 1162 etiam
1767 1121 1810 1161 in

218 1190 466 1230 veritatibus
494 1189 768 1237 naturalibus,
800 1202 907 1241 quae
935 1188 1173 1228 immediate
1191 1201 1275 1228 non
1298 1194 1439 1240 patent
1469 1189 1543 1227 sed
1574 1188 1806 1227 ratiocina-

219 1256 333 1296 tione
355 1256 618 1307 deteguntur,
642 1268 845 1295 assensus
875 1254 1064 1294 subiacet
1084 1253 1256 1306 imperio
1280 1254 1513 1301 voluntatis,
1536 1267 1643 1306 quae
1665 1260 1801 1306 potest

220 1327 404 1362 mentem
423 1321 475 1360 ab
497 1321 548 1360 iis
569 1320 833 1373 argumentis
849 1333 1031 1359 avocare
1051 1324 1090 1359 et
1110 1319 1163 1358 ad
1185 1319 1376 1372 opposita
1397 1332 1612 1359 revocare.
1636 1320 1801 1366 Quanto

219 1389 357 1441 magis
373 1388 413 1427 id
429 1388 577 1440 poterit
593 1387 730 1440 quoad
747 1386 957 1435 veritates,
971 1399 1077 1438 quae
1094 1385 1344 1425 extrinsecis
1366 1391 1526 1424 tantum
1543 1386 1807 1438 argumentis

219 1454 540 1507 persuadentur,
558 1453 752 1492 nimirum
774 1452 1031 1492 revelatione
1053 1451 1204 1498 divina,
1227 1458 1272 1491 ut
1292 1451 1444 1492 accidit
1465 1452 1505 1490 in
1527 1451 1652 1492 rebus
1674 1451 1805 1491 Fidei.

221 1517 409 1569 Denique
434 1517 744 1557 observandum
766 1522 841 1564 est,
862 1516 969 1568 quod
1001 1528 1288 1568 quaecumque
1319 1515 1401 1555 sint
1430 1525 1690 1568 argumenta,
1713 1516 1807 1568 qui-

220 1584 297 1623 bus
326 1597 395 1624 res
416 1583 531 1623 Fidei
563 1583 799 1630 fulciantur,
830 1589 970 1622 tamen
989 1582 1126 1621 fidelis
1154 1594 1238 1621 non
1260 1588 1428 1634 propter
1458 1595 1508 1621 ea
1537 1588 1723 1634 praestat
1744 1595 1809 1621 as-

221 1662 405 1695 sensum,
427 1648 501 1688 sed
523 1647 645 1686 unice
668 1652 835 1698 propter
856 1645 1149 1686 auctoritatem
1168 1645 1242 1684 Dei
1261 1651 1299 1684 et
1320 1645 1563 1697 obsequium
1582 1657 1684 1697 erga
1701 1644 1809 1684 divi-

223 1728 322 1754 nam
340 1713 626 1761 veracitatem,
649 1726 701 1753 ex
718 1712 900 1765 impulsu
923 1711 1089 1750 divinae
1109 1710 1285 1762 gratiae.
1309 1711 1418 1751 Hinc
1440 1711 1545 1750 ratio
1568 1711 1716 1750 meriti.

277 1781 397 1820 Haec
428 1793 501 1832 pro
524 1779 770 1818 difficultate
791 1777 994 1818 solvenda
1012 1777 1081 1817 hic
1111 1777 1257 1817 leviter
1273 1776 1461 1829 tetigisse
1491 1777 1688 1826 sufficiat,
1706 1790 1800 1817 cum

222 1858 293 1885 res
324 1844 377 1884 sit
405 1856 511 1896 quae
541 1842 707 1895 proprie
738 1843 791 1882 ad
821 1855 989 1882 sacram
1019 1841 1275 1893 theologiam
1306 1840 1495 1893 pertinet.

705 2003 953 2056 CAPUT
993 2002 1332 2054 TERTIUM

616 2166 669 2192 DE
700 2164 871 2192 OFFICllS
900 2164 1071 2191 HOMINIS
1101 2163 1215 2190 ERGA
1246 2163 1435 2190 SEIPSUM.

276 2286 339 2323 45.
368 2283 484 2323 Unde
505 2282 711 2323 oriuntur.
736 2281 946 2333 Obligatio
966 2281 1039 2319 illa
1060 2286 1249 2327 naturae,
1271 2293 1353 2332 qua
1372 2281 1498 2320 homo
1514 2287 1708 2334 respectu
1729 2283 1806 2332 sui,

221 2349 413 2389 actiones
443 2348 607 2401 aliquas
629 2348 783 2388 elicere
814 2353 885 2386 aut
910 2347 1101 2386 omittere
1130 2352 1306 2394 tenetur,
1338 2346 1479 2386 officia
1499 2347 1680 2388 hominis
1703 2361 1807 2400 erga

224 2416 409 2467 seipsum
442 2415 624 2455 exhibet.
657 2414 778 2460 Quod
808 2419 946 2453 autem
978 2425 1127 2464 reapse
1156 2412 1315 2451 homini
1344 2413 1411 2452 lex
1446 2413 1650 2453 naturalis
1680 2426 1805 2466 prae-

224 2481 351 2534 cipiat
380 2488 423 2520 ut
453 2481 594 2534 aliqua
624 2480 780 2520 efficiat
809 2480 875 2519 vel
906 2479 1093 2527 omittat,
1124 2491 1231 2531 quae
1262 2479 1316 2518 ad
1346 2479 1531 2531 seipsum
1561 2479 1808 2529 referantur,

223 2544 423 2597 perfacile
453 2544 651 2585 iudicium
681 2551 756 2584 est.
790 2542 966 2591 Etenim,
998 2556 1093 2582 cum
1123 2543 1249 2582 homo
1271 2556 1479 2595 personae
1510 2542 1709 2594 dignitate
1731 2557 1805 2584 or-

223 2617 356 2660 netur,
387 2625 438 2650 ac
467 2618 661 2650 naturam
692 2609 926 2662 susceperit
955 2609 1269 2661 perfectibilem;
1300 2609 1441 2662 nequit
1466 2609 1653 2661 profecto
1683 2610 1805 2651 aliter

223 2691 269 2717 se
291 2677 542 2718 ordinationi
566 2678 735 2717 divinae
758 2676 1094 2724 accommodare,
1116 2675 1194 2715 nisi
1216 2676 1327 2715 hanc
1350 2688 1451 2716 suae
1473 2682 1649 2716 naturae
1671 2679 1810 2718 excel-

227 2741 398 2781 lentiam
429 2748 672 2780 revereatur
701 2741 980 2791 observetque
1001 2771 1011 2787 ‚
1041 2745 1166 2791 atque
1195 2739 1253 2778 ita
1282 2753 1327 2779 se
1357 2749 1477 2792 gerat
1507 2741 1733 2791 operando,
1765 2749 1809 2782 ut

227 2805 281 2844 ad
311 2803 608 2856 perfectionem
639 2803 716 2844 sibi
747 2803 927 2844 debitam
958 2802 1114 2843 nitatur
1147 2802 1327 2843 assidue.
1359 2803 1404 2842 Id
1436 2817 1535 2843 vero
1569 2804 1684 2844 aliud
1723 2819 1808 2846 non

277 2911 328 2951 (1)
356 2912 415 2954 Qq.
441 2910 531 2954 disp.
559 2911 705 2947 Questio
730 2909 774 2943 cle
798 2909 885 2943 Fide
911 2920 938 2942 a
965 2911 992 2943 1.
