1970 3203
186 207 266 248 134
518 220 584 247 ius
612 219 814 246 NATURAE
836 228 856 234 —
877 218 985 258 PARS
1013 218 1046 259 1.ἲ
1067 218 1134 245 ms
1161 217 1430 246 anlvmtJALE

186 311 293 352 quae
323 298 557 338 divinorum
588 296 876 336 attributorum
909 294 1223 347 intelligentiam
1242 328 1251 344 ,
1273 295 1421 336 mediis
1442 295 1576 336 obviis
1598 308 1764 347 compa-

185 362 376 410 randam,
407 370 448 402 et
477 362 529 401 ad
558 368 671 400 recte
702 361 751 400 de
783 361 872 400 Deo
903 359 1163 400 sentiendum
1195 359 1314 412 eique
1346 360 1665 400 convenientem
1688 361 1774 399 cul-

186 432 274 465 tum
305 426 603 478 praestandum
625 424 850 464 sufficiant.
872 423 1067 463 Subtilior
1086 430 1224 463 autem
1249 424 1324 464 Dei
1347 424 1542 476 cognitio,
1561 437 1668 476 quae
1690 430 1775 463 stu-

187 489 299 529 dium
328 495 573 529 accuratum
605 495 645 528 et
673 491 824 540 longas
853 487 1194 528 ratiocinationes
1227 488 1439 540 exquirit,
1470 487 1675 528 scientiae
1707 494 1774 529 est

188 555 368 608 propria,
400 568 507 607 quae
538 555 719 608 praecipi
750 554 902 607 nequit,
933 553 1016 594 nisi
1045 553 1096 593 iis
1126 554 1195 607 qui
1226 554 1387 594 ratione
1418 554 1483 594 sui
1512 555 1698 595 muneris
1719 555 1773 594 ad

186 620 478 674 profundiores
509 620 845 673 difficilioresque
875 619 1143 672 quaestiones
1173 633 1310 659 rerum
1332 620 1564 660 divinarum
1587 621 1776 661 enodan-

186 686 262 726 das
290 691 493 725 tenentur.
528 687 760 738 Praecepta
791 685 921 734 enim,
952 699 978 724 a
1006 684 1172 726 ratione
1200 685 1443 733 manantia,
1474 685 1701 725 conditioni
1732 692 1773 725 et

185 750 343 790 viribus
373 751 634 803 singulorum
656 757 875 804 aptantur;
907 763 1041 803 neque
1069 750 1110 789 id
1137 757 1331 802 expetere
1356 757 1531 803 possunt
1562 751 1614 790 ad
1645 751 1772 791 omni-

185 816 275 866 bus,
307 818 418 870 quod
449 830 597 857 omnes
616 829 764 856 revera
783 823 1001 868 praestare
1021 822 1241 868 nequeunt.
1263 817 1413 865 Quare,
1436 830 1530 856 cum
1553 817 1676 857 rudes
1699 823 1772 856 aut

186 880 355 934 ingenio
391 887 588 929 careant,
620 886 690 920 aut
718 881 886 920 cultura
922 893 1028 932 quae
1058 880 1195 919 studio
1225 880 1482 932 acquiritur;
1517 880 1567 919 iis
1596 880 1766 920 nonnisi

185 947 323 987 tenuis
353 953 393 988 et
420 946 663 1000 imperfecta
693 945 906 998 congnitio
934 945 1175 998 iniungitur,
1206 946 1340 998 qualis
1371 946 1423 985 ab
1445 946 1621 985 aliorum
1644 946 1770 986 disci·

186 1013 300 1067 plina
327 1019 399 1053 aut
428 1027 453 1052 a
482 1012 739 1052 facilioribus
770 1011 1156 1051 ratiocinationibus
1185 1011 1344 1051 hauriri
1374 1016 1522 1064 potest.

242 1077 372 1117 Obiic.
404 1078 475 1116 IV.
507 1078 612 1116 Pars
647 1076 878 1116 theoretica
896 1075 1111 1127 religionis
1132 1083 1293 1128 spectat
1314 1077 1367 1116 ad
1388 1077 1658 1126 intellectum,
1685 1091 1770 1118 non

185 1143 239 1183 ad
269 1144 539 1183 voluntatem.
572 1144 683 1195 Ergo
714 1142 855 1195 nequit
885 1142 1087 1182 contineri
1118 1142 1159 1181 in
1190 1143 1282 1195 lege
1311 1150 1513 1192 naturae,
1545 1157 1653 1196 quae
1684 1158 1768 1184 non

185 1209 343 1262 obligat
370 1209 450 1249 nisi
479 1210 753 1249 voluntatem.

237 1275 288 1314 R.
318 1275 554 1327 Distinyuo
587 1276 853 1315 antecedens:
886 1276 1056 1329 Spectat
1084 1275 1137 1314 ad
1157 1276 1411 1316 intellectum
1433 1289 1520 1316 non
1542 1276 1595 1316 ad
1616 1277 1769 1316 volun-

186 1344 315 1378 tatem
348 1339 603 1388 formaliter,
634 1340 814 1379 concedo
830 1355 845 1387 ;
873 1340 1137 1392 imperative,
1169 1353 1287 1392 neyo.

241 1402 438 1455 Cognitio
469 1403 545 1443 Dei
575 1404 651 1443 etsi
683 1410 803 1444 actus
832 1404 1071 1444 intellectus
1102 1405 1166 1453 sit,
1198 1411 1339 1445 tamen
1372 1410 1579 1457 quatenus
1601 1404 1770 1456 conqui-

183 1470 314 1509 renda
343 1476 406 1510 est
436 1470 585 1510 mediis
615 1470 723 1522 aptis
754 1476 793 1510 et
822 1471 972 1511 mentis
1001 1471 1279 1524 applicatione
1301 1504 1311 1520 ,
1342 1485 1367 1511 a
1396 1471 1527 1511 libera
1556 1472 1769 1511 voluntate

182 1535 345 1587 pendet,
376 1548 427 1574 ac
456 1535 628 1587 proinde
659 1535 836 1575 materia
864 1535 1078 1588 praecepti
1101 1542 1174 1575 est.
1195 1536 1283 1575 Nec
1305 1534 1394 1575 sine
1415 1534 1610 1587 culpabili
1631 1535 1769 1587 negli-

181 1599 324 1652 gentia
353 1598 504 1638 abesse
534 1604 695 1650 potest,
728 1599 931 1651 siquidem
961 1599 1146 1651 quisque,
1178 1598 1391 1651 principiis
1422 1598 1598 1638 rationis
1628 1605 1666 1637 et
1696 1612 1764 1651 pa-

182 1663 283 1703 tenti
308 1669 483 1703 naturae
503 1664 757 1715 spectaculo,
775 1664 865 1703 sine
880 1664 1148 1716 profundiore
1165 1663 1311 1711 studio,
1329 1663 1383 1702 ad
1401 1663 1616 1714 vulgarem
1639 1663 1766 1710 illam,

183 1742 307 1782 quam
337 1728 519 1769 diximus
541 1762 550 1777 ,
581 1729 657 1768 Dei
687 1729 968 1782 cognitionem
999 1729 1077 1769 sibi
1108 1729 1434 1782 comparandam
1467 1734 1530 1769 est-
1559 1728 1765 1778 idoneus;

185 1798 431 1849 praesertim
463 1795 498 1836 si
527 1796 568 1834 in
597 1796 800 1837 societate
831 1796 1081 1836 constitutus
1111 1795 1409 1843 consideretur,
1442 1795 1484 1834 in
1507 1808 1589 1848 qua
1611 1801 1765 1835 cetero-

183 1874 274 1900 rum
295 1860 511 1900 hominum
528 1873 655 1912 opera
675 1866 715 1900 et
735 1860 1043 1913 cognitionibus
1063 1851 1295 1899 adiuvatur.
1319 1860 1428 1898 Hinc
1445 1865 1618 1911 apparet
1639 1873 1764 1911 quam

185 1928 310 1980 longe
339 1941 365 1967 a
395 1927 568 1968 veritate
600 1927 788 1966 discedat
817 1926 999 1975 Hobbes,
1030 1926 1098 1979 qui
1124 1926 1273 1966 atheos
1309 1925 1536 1965 iniustitiae
1571 1925 1764 1965 damnari

183 2005 268 2032 non
297 2004 421 2044 posse
443 1990 512 2038 ait,
533 2004 626 2030 cum
648 1991 859 2031 intellectu
880 2003 963 2030 non
984 1991 1198 2030 voluntate
1217 1997 1392 2042 peccent
1413 1992 1484 2041 (1).
1509 1989 1585 2030 Cui
1607 1989 1768 2030 adhae-

184 2058 238 2099 sit
265 2058 620 2107 Kemmerichius;
651 2058 761 2098 idem
790 2058 920 2098 ferme
949 2071 1147 2098 asserens
1172 2057 1215 2096 in
1241 2070 1317 2097 suo
1338 2057 1635 2110 Puffendorfio
1658 2070 1764 2096 enu-

183 2123 319 2162 cleato
350 2123 423 2172 (⁶2).
454 2122 507 2160 Hi
540 2122 722 2174 profecto
753 2136 835 2163 non
866 2123 1144 2170 adverterunt,
1173 2121 1429 2161 intellectum
1463 2121 1590 2172 (sicut
1622 2128 1685 2161 est
1716 2122 1766 2162 de

184 2188 380 2228 omnibus
409 2187 503 2227 aliis
533 2188 817 2240 facultatibus)
849 2189 1031 2240 pendere
1061 2188 1198 2241 quoad
1221 2187 1466 2228 exercitium
1488 2201 1513 2227 a
1534 2188 1765 2236 voluntate,

184 2266 290 2306 quae
307 2253 421 2292 illum
438 2254 491 2292 ad
509 2253 714 2293 obiectum
737 2261 910 2294 revocat
929 2253 981 2292 ab
998 2266 1129 2305 eoque
1151 2259 1318 2301 avocat,
1340 2259 1463 2305 atque
1483 2252 1613 2304 ipsius
1636 2260 1766 2293 atten-

183 2319 340 2359 tionem
370 2326 498 2371 auget
527 2320 592 2358 vel
622 2319 839 2371 imminuit.
870 2319 991 2360 Unde
1021 2320 1078 2367 fit,
1098 2325 1143 2357 ut
1164 2319 1277 2358 circa
1308 2332 1449 2358 verum
1481 2324 1622 2359 exstet
1652 2319 1768 2371 igno-

184 2384 322 2423 rantia
351 2384 568 2433 vincibilis,
599 2391 723 2437 atque
751 2385 840 2437 ipse
871 2397 985 2424 error
1015 2386 1163 2436 culpae
1192 2384 1395 2424 tribuatur
1424 2385 1591 2424 erranti.
1627 2386 1767 2432 Quare

186 2450 350 2489 etiamsi
379 2451 498 2491 detur
530 2450 679 2503 aliquis
696 2483 705 2499 ,
735 2450 802 2503 qui
824 2452 955 2491 Deum
978 2464 1148 2503 prorsus
1169 2451 1332 2503 ignoret
1351 2454 1489 2503 (quem
1518 2457 1657 2490 tamen
1679 2450 1768 2489 dari

184 2526 269 2553 non
298 2527 422 2566 posse
453 2517 706 2565 censemus);
730 2521 868 2555 tamen
891 2529 986 2554 cum
1007 2515 1096 2555 eius
1116 2515 1355 2567 ignorantia
1375 2529 1400 2554 a
1422 2515 1636 2555 voluntate
1657 2516 1762 2553 sem'-

185 2589 259 2629 per
286 2576 424 2629 aliquo
455 2579 576 2617 modo
607 2578 818 2630 procedat,
850 2593 955 2631 quae
985 2585 1166 2618 mentem
1195 2593 1220 2618 a
1251 2580 1388 2619 debita
1408 2592 1547 2618 rerum
1576 2578 1767 2618 conside-

185 2643 347 2683 ratione
376 2645 575 2693 retrahat,
605 2645 695 2684 eius
724 2645 956 2685 atheis-mus
986 2645 1203 2698 culpabilis
1233 2659 1397 2698 semper
1426 2645 1503 2686 erit
1525 2650 1565 2684 et
1585 2644 1662 2683 iuri
1685 2659 1767 2685 na-

184 2719 301 2748 turae
330 2722 586 2761 repugnans.
620 2711 739 2756 Quod
770 2717 908 2751 autem
936 2711 1190 2751 invincibilis
1212 2711 1287 2751 Dei
1310 2711 1548 2763 ignorantia
1570 2711 1660 2750 dari
1682 2724 1765 2751 non

184 2775 328 2826 possit,
358 2774 401 2813 in
439 2775 694 2826 Theoloyiae
725 2776 942 2815 naturalis
971 2774 1106 2828 capite
1137 2775 1268 2827 primo
1299 2776 1403 2816 satis
1434 2775 1711 2817 ostendimus.

228 2880 280 2921 (1)
306 2881 358 2913 De
382 2881 471 2919 eice,
498 2891 525 2913 c.
552 2881 599 2912 14.

229 2932 279 2974 (2)
306 2933 388 2974 Cap.
413 2933 442 2971 4,
464 2942 494 2964 n.
521 2933 568 2965 57.
