<?xml version="1.0" encoding="UTF-8"?>
<!DOCTYPE html PUBLIC "-//W3C//DTD XHTML 1.0 Transitional//EN"
    "http://www.w3.org/TR/xhtml1/DTD/xhtml1-transitional.dtd">
<html xmlns="http://www.w3.org/1999/xhtml" xml:lang="en" lang="en">
 <head>
  <title>
</title>
<meta http-equiv="Content-Type" content="text/html;charset=utf-8" />
  <meta name='ocr-system' content='tesseract 3.04.00' />
  <meta name='ocr-capabilities' content='ocr_page ocr_carea ocr_par ocr_line ocrx_word'/>
</head>
<body>
  <div class='ocr_page' id='page_1' title='image "./institutioneseth00libe_0239.png"; bbox 0 0 1970 3203; ppageno 0'>
   <div class='ocr_carea' id='block_1_1' title="bbox 583 189 1719 228">
    <p class='ocr_par' dir='ltr' id='par_1_1' title="bbox 583 189 1719 228">
     <span class='ocr_line' id='line_1_1' title="bbox 583 189 1719 228; baseline 0 -1"><span class='ocrx_word' id='word_1_1' title='bbox 583 201 720 227; x_wconf 80' lang='lat' dir='ltr'>CAPUT</span> <span class='ocrx_word' id='word_1_2' title='bbox 747 201 785 226; x_wconf 88' lang='lat' dir='ltr'>n.</span> <span class='ocrx_word' id='word_1_3' title='bbox 816 201 868 228; x_wconf 86' lang='lat' dir='ltr'>DE</span> <span class='ocrx_word' id='word_1_4' title='bbox 898 201 1126 228; x_wconf 75' lang='lat' dir='ltr'>socifizTATF.</span> <span class='ocrx_word' id='word_1_5' title='bbox 1155 200 1270 226; x_wconf 81' lang='lat' dir='ltr'>01V1L1</span> <span class='ocrx_word' id='word_1_6' title='bbox 1643 189 1719 227; x_wconf 76' lang='lat'>235</span> 
     </span>
    </p>
   </div>
   <div class='ocr_carea' id='block_1_2' title="bbox 102 274 1728 2793">
    <p class='ocr_par' dir='ltr' id='par_1_2' title="bbox 158 274 1719 382">
     <span class='ocr_line' id='line_1_2' title="bbox 163 274 1719 326; baseline -0.003 -7"><span class='ocrx_word' id='word_1_7' title='bbox 163 278 225 319; x_wconf 84' lang='lat' dir='ltr'>vis</span> <span class='ocrx_word' id='word_1_8' title='bbox 241 281 413 318; x_wconf 87' lang='lat' dir='ltr'>externa</span> <span class='ocrx_word' id='word_1_9' title='bbox 428 274 613 314; x_wconf 82' lang='lat' dir='ltr'>adhiberi</span> <span class='ocrx_word' id='word_1_10' title='bbox 633 280 777 314; x_wconf 88' lang='lat' dir='ltr'>contra</span> <span class='ocrx_word' id='word_1_11' title='bbox 793 287 913 314; x_wconf 88' lang='lat' dir='ltr'>usum</span> <span class='ocrx_word' id='word_1_12' title='bbox 933 275 1148 322; x_wconf 81' lang='lat' dir='ltr'><strong>libertatis,</strong></span> <span class='ocrx_word' id='word_1_13' title='bbox 1164 274 1232 326; x_wconf 92' lang='lat' dir='ltr'>qui</span> <span class='ocrx_word' id='word_1_14' title='bbox 1252 274 1422 314; x_wconf 87' lang='lat' dir='ltr'>alterius</span> <span class='ocrx_word' id='word_1_15' title='bbox 1437 274 1616 314; x_wconf 78' lang='lat' dir='ltr'>libertati</span> <span class='ocrx_word' id='word_1_16' title='bbox 1636 288 1719 314; x_wconf 88' lang='lat' dir='ltr'>non</span> 
     </span>
     <span class='ocr_line' id='line_1_3' title="bbox 158 340 360 382; baseline -0.025 0"><span class='ocrx_word' id='word_1_17' title='bbox 158 340 360 382; x_wconf 86' lang='lat' dir='ltr'>detrahat.</span> 
     </span>
    </p>

    <p class='ocr_par' dir='ltr' id='par_1_3' title="bbox 102 403 1728 848">
     <span class='ocr_line' id='line_1_4' title="bbox 218 403 1718 457; baseline 0.001 -14"><span class='ocrx_word' id='word_1_18' title='bbox 218 404 344 444; x_wconf 88' lang='lat' dir='ltr'>Aliud</span> <span class='ocrx_word' id='word_1_19' title='bbox 374 403 638 444; x_wconf 79' lang='lat' dir='ltr'>corollarium</span> <span class='ocrx_word' id='word_1_20' title='bbox 670 409 732 444; x_wconf 91' lang='lat' dir='ltr'>est</span> <span class='ocrx_word' id='word_1_21' title='bbox 760 404 925 456; x_wconf 82' lang='lat' dir='ltr'>integra</span> <span class='ocrx_word' id='word_1_22' title='bbox 953 404 1160 455; x_wconf 78' lang='lat' dir='ltr'>separatio</span> <span class='ocrx_word' id='word_1_23' title='bbox 1199 404 1411 444; x_wconf 87' lang='lat' dir='ltr'>societatis</span> <span class='ocrx_word' id='word_1_24' title='bbox 1440 405 1632 457; x_wconf 83' lang='lat' dir='ltr'>politicae</span> <span class='ocrx_word' id='word_1_25' title='bbox 1666 405 1718 444; x_wconf 92' lang='lat' dir='ltr'>ab</span> 
     </span>
     <span class='ocr_line' id='line_1_5' title="bbox 169 470 1721 523; baseline -0.001 -11"><span class='ocrx_word' id='word_1_26' title='bbox 169 471 373 519; x_wconf 80' lang='lat' dir='ltr'>Ecclesia,</span> <span class='ocrx_word' id='word_1_27' title='bbox 404 484 509 523; x_wconf 90' lang='lat' dir='ltr'>quae</span> <span class='ocrx_word' id='word_1_28' title='bbox 540 477 657 511; x_wconf 88' lang='lat' dir='ltr'>extra</span> <span class='ocrx_word' id='word_1_29' title='bbox 685 470 883 510; x_wconf 89' lang='lat' dir='ltr'>ambitum</span> <span class='ocrx_word' id='word_1_30' title='bbox 912 470 1013 510; x_wconf 90' lang='lat' dir='ltr'>iuris</span> <span class='ocrx_word' id='word_1_31' title='bbox 1042 471 1213 522; x_wconf 76' lang='lat' dir='ltr'>evagari</span> <span class='ocrx_word' id='word_1_32' title='bbox 1244 472 1418 523; x_wconf 83' lang='lat' dir='ltr'>cogitur,</span> <span class='ocrx_word' id='word_1_33' title='bbox 1447 477 1585 523; x_wconf 82' lang='lat' dir='ltr'>utpote</span> <span class='ocrx_word' id='word_1_34' title='bbox 1616 483 1721 523; x_wconf 90' lang='lat' dir='ltr'>quae</span> 
     </span>
     <span class='ocr_line' id='line_1_6' title="bbox 169 534 1721 588; baseline -0.001 -13"><span class='ocrx_word' id='word_1_35' title='bbox 169 550 194 575; x_wconf 87' lang='lat' dir='ltr'>a</span> <span class='ocrx_word' id='word_1_36' title='bbox 220 534 422 588; x_wconf 88' lang='lat' dir='ltr'>principio</span> <span class='ocrx_word' id='word_1_37' title='bbox 452 534 776 574; x_wconf 77' lang='lat' dir='ltr'>coexsistentiae</span> <span class='ocrx_word' id='word_1_38' title='bbox 791 548 874 574; x_wconf 90' lang='lat' dir='ltr'>non</span> <span class='ocrx_word' id='word_1_39' title='bbox 892 540 1090 586; x_wconf 79' lang='lat' dir='ltr'>emergat.</span> <span class='ocrx_word' id='word_1_40' title='bbox 1113 535 1243 574; x_wconf 90' lang='lat' dir='ltr'>Immo</span> <span class='ocrx_word' id='word_1_41' title='bbox 1273 535 1326 573; x_wconf 91' lang='lat' dir='ltr'>ad</span> <span class='ocrx_word' id='word_1_42' title='bbox 1354 535 1418 574; x_wconf 90' lang='lat' dir='ltr'>ius</span> <span class='ocrx_word' id='word_1_43' title='bbox 1448 534 1605 575; x_wconf 90' lang='lat' dir='ltr'>sociale</span> <span class='ocrx_word' id='word_1_44' title='bbox 1633 548 1721 587; x_wconf 88' lang='lat' dir='ltr'>per-</span> 
     </span>
     <span class='ocr_line' id='line_1_7' title="bbox 163 600 1722 654; baseline -0.002 -12"><span class='ocrx_word' id='word_1_45' title='bbox 163 601 310 642; x_wconf 86' lang='lat' dir='ltr'>tinebit</span> <span class='ocrx_word' id='word_1_46' title='bbox 339 601 711 641; x_wconf 78' lang='lat' dir='ltr'>indifferentismus</span> <span class='ocrx_word' id='word_1_47' title='bbox 740 601 960 652; x_wconf 85' lang='lat' dir='ltr'>religiosus</span> <span class='ocrx_word' id='word_1_48' title='bbox 982 608 1021 639; x_wconf 85' lang='lat' dir='ltr'>et</span> <span class='ocrx_word' id='word_1_49' title='bbox 1041 600 1272 640; x_wconf 87' lang='lat' dir='ltr'>atheismus</span> <span class='ocrx_word' id='word_1_50' title='bbox 1293 602 1494 653; x_wconf 73' lang='lat' dir='ltr'>politicus,</span> <span class='ocrx_word' id='word_1_51' title='bbox 1522 601 1722 654; x_wconf 83' lang='lat' dir='ltr'>siquidem</span> 
     </span>
     <span class='ocr_line' id='line_1_8' title="bbox 102 664 1722 717; baseline -0.002 -11"><span class='ocrx_word' id='word_1_52' title='bbox 102 680 105 681; x_wconf 49' lang='lat'><em>⁷</em></span> <span class='ocrx_word' id='word_1_53' title='bbox 162 679 245 706; x_wconf 91' lang='lat' dir='ltr'>non</span> <span class='ocrx_word' id='word_1_54' title='bbox 274 666 367 717; x_wconf 89' lang='lat' dir='ltr'>plus</span> <span class='ocrx_word' id='word_1_55' title='bbox 398 664 652 704; x_wconf 83' lang='lat' dir='ltr'>coarctanda</span> <span class='ocrx_word' id='word_1_56' title='bbox 682 665 852 704; x_wconf 89' lang='lat' dir='ltr'>libertas</span> <span class='ocrx_word' id='word_1_57' title='bbox 882 670 970 711; x_wconf 88' lang='lat' dir='ltr'>est,</span> <span class='ocrx_word' id='word_1_58' title='bbox 1000 677 1122 715; x_wconf 90' lang='lat' dir='ltr'>quam</span> <span class='ocrx_word' id='word_1_59' title='bbox 1162 664 1382 716; x_wconf 82' lang='lat' dir='ltr'>requiritur</span> <span class='ocrx_word' id='word_1_60' title='bbox 1410 665 1462 704; x_wconf 87' lang='lat' dir='ltr'>ad</span> <span class='ocrx_word' id='word_1_61' title='bbox 1491 664 1722 704; x_wconf 89' lang='lat' dir='ltr'>libertatem</span> 
     </span>
     <span class='ocr_line' id='line_1_9' title="bbox 165 730 1728 782; baseline -0.001 -11"><span class='ocrx_word' id='word_1_62' title='bbox 165 731 341 771; x_wconf 88' lang='lat' dir='ltr'>aliorum</span> <span class='ocrx_word' id='word_1_63' title='bbox 372 744 456 771; x_wconf 91' lang='lat' dir='ltr'>non</span> <span class='ocrx_word' id='word_1_64' title='bbox 478 731 767 779; x_wconf 89' lang='lat' dir='ltr'>adimendam;</span> <span class='ocrx_word' id='word_1_65' title='bbox 798 730 1002 782; x_wconf 80' lang='lat' dir='ltr'>professio</span> <span class='ocrx_word' id='word_1_66' title='bbox 1032 736 1168 770; x_wconf 89' lang='lat' dir='ltr'>autem</span> <span class='ocrx_word' id='word_1_67' title='bbox 1190 730 1356 782; x_wconf 90' lang='lat' dir='ltr'>publica</span> <span class='ocrx_word' id='word_1_68' title='bbox 1375 731 1498 771; x_wconf 91' lang='lat' dir='ltr'>unius</span> <span class='ocrx_word' id='word_1_69' title='bbox 1528 732 1728 772; x_wconf 89' lang='lat' dir='ltr'>eiusdem·</span> 
     </span>
     <span class='ocr_line' id='line_1_10' title="bbox 160 793 1220 848; baseline -0.004 -13"><span class='ocrx_word' id='word_1_70' title='bbox 160 808 239 848; x_wconf 91' lang='lat' dir='ltr'>que</span> <span class='ocrx_word' id='word_1_71' title='bbox 269 796 406 835; x_wconf 87' lang='lat' dir='ltr'>cultus</span> <span class='ocrx_word' id='word_1_72' title='bbox 434 794 688 847; x_wconf 89' lang='lat' dir='ltr'>praedictam</span> <span class='ocrx_word' id='word_1_73' title='bbox 717 807 956 834; x_wconf 84' lang='lat' dir='ltr'>mensuram</span> <span class='ocrx_word' id='word_1_74' title='bbox 988 793 1220 834; x_wconf 83' lang='lat' dir='ltr'>excederet.</span> 
     </span>
    </p>

    <p class='ocr_par' dir='ltr' id='par_1_4' title="bbox 144 858 1720 1886">
     <span class='ocr_line' id='line_1_11' title="bbox 213 858 1720 911; baseline -0.001 -12"><span class='ocrx_word' id='word_1_75' title='bbox 213 860 401 899; x_wconf 85' lang='lat' dir='ltr'>Tandem</span> <span class='ocrx_word' id='word_1_76' title='bbox 421 892 430 908; x_wconf 93' lang='lat'>,</span> <span class='ocrx_word' id='word_1_77' title='bbox 464 873 516 899; x_wconf 90' lang='lat' dir='ltr'>ne</span> <span class='ocrx_word' id='word_1_78' title='bbox 545 860 665 911; x_wconf 88' lang='lat' dir='ltr'>plura</span> <span class='ocrx_word' id='word_1_79' title='bbox 694 864 911 898; x_wconf 91' lang='lat' dir='ltr'>consecter</span> <span class='ocrx_word' id='word_1_80' title='bbox 931 890 940 906; x_wconf 89' lang='lat'>,</span> <span class='ocrx_word' id='word_1_81' title='bbox 970 858 1215 910; x_wconf 81' lang='lat' dir='ltr'>gubernium</span> <span class='ocrx_word' id='word_1_82' title='bbox 1255 871 1303 897; x_wconf 93' lang='lat' dir='ltr'>eo</span> <span class='ocrx_word' id='word_1_83' title='bbox 1333 858 1424 910; x_wconf 89' lang='lat' dir='ltr'>plus</span> <span class='ocrx_word' id='word_1_84' title='bbox 1453 858 1639 898; x_wconf 85' lang='lat' dir='ltr'>tenderet</span> <span class='ocrx_word' id='word_1_85' title='bbox 1668 859 1720 898; x_wconf 91' lang='lat' dir='ltr'>ad</span> 
     </span>
     <span class='ocr_line' id='line_1_12' title="bbox 152 921 1712 974; baseline -0.002 -11"><span class='ocrx_word' id='word_1_86' title='bbox 152 923 375 971; x_wconf 89' lang='lat' dir='ltr'>interitum,</span> <span class='ocrx_word' id='word_1_87' title='bbox 389 936 467 974; x_wconf 93' lang='lat' dir='ltr'>quo</span> <span class='ocrx_word' id='word_1_88' title='bbox 485 922 621 974; x_wconf 81' lang='lat' dir='ltr'>magis</span> <span class='ocrx_word' id='word_1_89' title='bbox 638 922 754 962; x_wconf 91' lang='lat' dir='ltr'>cives</span> <span class='ocrx_word' id='word_1_90' title='bbox 776 923 816 960; x_wconf 93' lang='lat' dir='ltr'>in</span> <span class='ocrx_word' id='word_1_91' title='bbox 833 923 1053 961; x_wconf 86' lang='lat' dir='ltr'>honestate</span> <span class='ocrx_word' id='word_1_92' title='bbox 1069 922 1451 973; x_wconf 89' lang='lat' dir='ltr'>proficerent.Nam</span> <span class='ocrx_word' id='word_1_93' title='bbox 1467 921 1712 973; x_wconf 79' lang='lat' dir='ltr'>gubernium</span> 
     </span>
     <span class='ocr_line' id='line_1_13' title="bbox 154 986 1714 1039; baseline -0.001 -10"><span class='ocrx_word' id='word_1_94' title='bbox 154 990 271 1029; x_wconf 88' lang='lat' dir='ltr'>iuxta</span> <span class='ocrx_word' id='word_1_95' title='bbox 300 989 428 1036; x_wconf 86' lang='lat' dir='ltr'>Kant,</span> <span class='ocrx_word' id='word_1_96' title='bbox 460 988 552 1027; x_wconf 91' lang='lat' dir='ltr'>ideo</span> <span class='ocrx_word' id='word_1_97' title='bbox 573 988 791 1028; x_wconf 80' lang='lat' dir='ltr'>dumtaxat</span> <span class='ocrx_word' id='word_1_98' title='bbox 820 987 1057 1035; x_wconf 84' lang='lat' dir='ltr'>instituitur,</span> <span class='ocrx_word' id='word_1_99' title='bbox 1086 994 1129 1026; x_wconf 89' lang='lat' dir='ltr'>ut</span> <span class='ocrx_word' id='word_1_100' title='bbox 1149 999 1227 1039; x_wconf 88' lang='lat' dir='ltr'>ope</span> <span class='ocrx_word' id='word_1_101' title='bbox 1255 986 1484 1026; x_wconf 88' lang='lat' dir='ltr'>coactionis</span> <span class='ocrx_word' id='word_1_102' title='bbox 1513 994 1714 1027; x_wconf 81' lang='lat' dir='ltr'>externae</span> 
     </span>
     <span class='ocr_line' id='line_1_14' title="bbox 148 1053 1712 1108; baseline -0.001 -14"><span class='ocrx_word' id='word_1_103' title='bbox 148 1055 395 1108; x_wconf 88' lang='lat' dir='ltr'>principium</span> <span class='ocrx_word' id='word_1_104' title='bbox 412 1053 735 1094; x_wconf 76' lang='lat' dir='ltr'>coexsistentiae</span> <span class='ocrx_word' id='word_1_105' title='bbox 751 1054 805 1092; x_wconf 88' lang='lat' dir='ltr'>ad</span> <span class='ocrx_word' id='word_1_106' title='bbox 820 1060 959 1093; x_wconf 88' lang='lat' dir='ltr'>actum</span> <span class='ocrx_word' id='word_1_107' title='bbox 976 1053 1159 1093; x_wconf 89' lang='lat' dir='ltr'>reducat.</span> <span class='ocrx_word' id='word_1_108' title='bbox 1171 1055 1224 1092; x_wconf 90' lang='lat' dir='ltr'>At</span> <span class='ocrx_word' id='word_1_109' title='bbox 1244 1066 1322 1106; x_wconf 86' lang='lat' dir='ltr'>quo</span> <span class='ocrx_word' id='word_1_110' title='bbox 1344 1053 1500 1092; x_wconf 87' lang='lat' dir='ltr'>arctius</span> <span class='ocrx_word' id='word_1_111' title='bbox 1520 1053 1712 1093; x_wconf 88' lang='lat' dir='ltr'>homines</span> 
     </span>
     <span class='ocr_line' id='line_1_15' title="bbox 153 1119 1713 1171; baseline -0.001 -11"><span class='ocrx_word' id='word_1_112' title='bbox 153 1121 332 1161; x_wconf 84' lang='lat' dir='ltr'>honesto</span> <span class='ocrx_word' id='word_1_113' title='bbox 363 1121 698 1168; x_wconf 87' lang='lat' dir='ltr'>adhaerescunt,</span> <span class='ocrx_word' id='word_1_114' title='bbox 729 1132 777 1159; x_wconf 90' lang='lat' dir='ltr'>eo</span> <span class='ocrx_word' id='word_1_115' title='bbox 806 1119 943 1158; x_wconf 88' lang='lat' dir='ltr'>minus</span> <span class='ocrx_word' id='word_1_116' title='bbox 973 1119 1160 1170; x_wconf 81' lang='lat' dir='ltr'>indigent</span> <span class='ocrx_word' id='word_1_117' title='bbox 1189 1126 1364 1159; x_wconf 86' lang='lat' dir='ltr'>externa</span> <span class='ocrx_word' id='word_1_118' title='bbox 1394 1119 1611 1159; x_wconf 85' lang='lat' dir='ltr'>coactione</span> <span class='ocrx_word' id='word_1_119' title='bbox 1640 1133 1713 1171; x_wconf 87' lang='lat' dir='ltr'>pro</span> 
     </span>
     <span class='ocr_line' id='line_1_16' title="bbox 148 1185 1717 1238; baseline -0.001 -11"><span class='ocrx_word' id='word_1_120' title='bbox 148 1187 339 1227; x_wconf 88' lang='lat' dir='ltr'>libertate</span> <span class='ocrx_word' id='word_1_121' title='bbox 370 1188 542 1227; x_wconf 90' lang='lat' dir='ltr'>aliorum</span> <span class='ocrx_word' id='word_1_122' title='bbox 574 1186 847 1226; x_wconf 88' lang='lat' dir='ltr'>observanda.</span> <span class='ocrx_word' id='word_1_123' title='bbox 884 1187 996 1238; x_wconf 84' lang='lat' dir='ltr'>Ergo</span> <span class='ocrx_word' id='word_1_124' title='bbox 1027 1185 1194 1225; x_wconf 90' lang='lat' dir='ltr'>ultimus</span> <span class='ocrx_word' id='word_1_125' title='bbox 1228 1187 1429 1225; x_wconf 87' lang='lat' dir='ltr'>terminus</span> <span class='ocrx_word' id='word_1_126' title='bbox 1466 1186 1589 1225; x_wconf 88' lang='lat' dir='ltr'>huius</span> <span class='ocrx_word' id='word_1_127' title='bbox 1619 1199 1717 1238; x_wconf 89' lang='lat' dir='ltr'>pro-</span> 
     </span>
     <span class='ocr_line' id='line_1_17' title="bbox 150 1249 1716 1303; baseline 0.001 -13"><span class='ocrx_word' id='word_1_128' title='bbox 150 1250 395 1303; x_wconf 84' lang='lat' dir='ltr'>gressionis,</span> <span class='ocrx_word' id='word_1_129' title='bbox 418 1251 485 1303; x_wconf 92' lang='lat' dir='ltr'>qui</span> <span class='ocrx_word' id='word_1_130' title='bbox 506 1251 654 1289; x_wconf 88' lang='lat' dir='ltr'>saltem</span> <span class='ocrx_word' id='word_1_131' title='bbox 677 1257 720 1288; x_wconf 91' lang='lat' dir='ltr'>ut</span> <span class='ocrx_word' id='word_1_132' title='bbox 740 1250 954 1302; x_wconf 88' lang='lat' dir='ltr'>exemplar</span> <span class='ocrx_word' id='word_1_133' title='bbox 975 1249 1227 1301; x_wconf 87' lang='lat' dir='ltr'>proponitur,</span> <span class='ocrx_word' id='word_1_134' title='bbox 1254 1257 1316 1289; x_wconf 90' lang='lat' dir='ltr'>est</span> <span class='ocrx_word' id='word_1_135' title='bbox 1337 1250 1482 1290; x_wconf 79' lang='lat' dir='ltr'>desitio</span> <span class='ocrx_word' id='word_1_136' title='bbox 1503 1250 1716 1301; x_wconf 79' lang='lat' dir='ltr'>regiminis</span> 
     </span>
     <span class='ocr_line' id='line_1_18' title="bbox 147 1313 1716 1366; baseline -0.001 -11"><span class='ocrx_word' id='word_1_137' title='bbox 147 1314 329 1363; x_wconf 82' lang='lat' dir='ltr'>socialis,</span> <span class='ocrx_word' id='word_1_138' title='bbox 346 1328 397 1354; x_wconf 89' lang='lat' dir='ltr'>ac</span> <span class='ocrx_word' id='word_1_139' title='bbox 419 1314 609 1366; x_wconf 90' lang='lat' dir='ltr'>publicae</span> <span class='ocrx_word' id='word_1_140' title='bbox 627 1313 898 1362; x_wconf 83' lang='lat' dir='ltr'>auctoritatis,</span> <span class='ocrx_word' id='word_1_141' title='bbox 922 1327 1027 1366; x_wconf 87' lang='lat' dir='ltr'>quae</span> <span class='ocrx_word' id='word_1_142' title='bbox 1044 1327 1216 1365; x_wconf 89' lang='lat' dir='ltr'>scopum</span> <span class='ocrx_word' id='word_1_143' title='bbox 1234 1314 1409 1366; x_wconf 89' lang='lat' dir='ltr'>amplius</span> <span class='ocrx_word' id='word_1_144' title='bbox 1426 1328 1510 1354; x_wconf 92' lang='lat' dir='ltr'>non</span> <span class='ocrx_word' id='word_1_145' title='bbox 1531 1315 1716 1354; x_wconf 87' lang='lat' dir='ltr'>haberet.</span> 
     </span>
     <span class='ocr_line' id='line_1_19' title="bbox 149 1377 1713 1430; baseline 0.001 -13"><span class='ocrx_word' id='word_1_146' title='bbox 149 1378 201 1417; x_wconf 89' lang='lat' dir='ltr'>Et</span> <span class='ocrx_word' id='word_1_147' title='bbox 230 1377 424 1429; x_wconf 90' lang='lat' dir='ltr'>quoniam</span> <span class='ocrx_word' id='word_1_148' title='bbox 441 1391 628 1429; x_wconf 88' lang='lat' dir='ltr'>quaeque</span> <span class='ocrx_word' id='word_1_149' title='bbox 656 1390 724 1416; x_wconf 85' lang='lat' dir='ltr'>res</span> <span class='ocrx_word' id='word_1_150' title='bbox 753 1377 806 1416; x_wconf 93' lang='lat' dir='ltr'>ad</span> <span class='ocrx_word' id='word_1_151' title='bbox 835 1377 898 1417; x_wconf 85' lang='lat' dir='ltr'>sui</span> <span class='ocrx_word' id='word_1_152' title='bbox 920 1378 1280 1417; x_wconf 85' lang='lat' dir='ltr'>conservationem</span> <span class='ocrx_word' id='word_1_153' title='bbox 1300 1378 1336 1416; x_wconf 88' lang='lat' dir='ltr'>vi</span> <span class='ocrx_word' id='word_1_154' title='bbox 1358 1385 1531 1419; x_wconf 89' lang='lat' dir='ltr'>naturae</span> <span class='ocrx_word' id='word_1_155' title='bbox 1546 1379 1713 1430; x_wconf 88' lang='lat' dir='ltr'>impelli-</span> 
     </span>
     <span class='ocr_line' id='line_1_20' title="bbox 148 1442 1712 1496; baseline 0.001 -13"><span class='ocrx_word' id='word_1_156' title='bbox 148 1451 239 1492; x_wconf 87' lang='lat' dir='ltr'>tur;</span> <span class='ocrx_word' id='word_1_157' title='bbox 269 1443 498 1483; x_wconf 89' lang='lat' dir='ltr'>auctoritas</span> <span class='ocrx_word' id='word_1_158' title='bbox 527 1442 692 1495; x_wconf 88' lang='lat' dir='ltr'>publica</span> <span class='ocrx_word' id='word_1_159' title='bbox 721 1449 765 1483; x_wconf 92' lang='lat' dir='ltr'>ut</span> <span class='ocrx_word' id='word_1_160' title='bbox 793 1456 838 1483; x_wconf 88' lang='lat' dir='ltr'>se</span> <span class='ocrx_word' id='word_1_161' title='bbox 867 1449 1042 1490; x_wconf 85' lang='lat' dir='ltr'>tueatur,</span> <span class='ocrx_word' id='word_1_162' title='bbox 1072 1444 1239 1483; x_wconf 88' lang='lat' dir='ltr'>assidue</span> <span class='ocrx_word' id='word_1_163' title='bbox 1269 1457 1535 1496; x_wconf 85' lang='lat' dir='ltr'>progressum</span> <span class='ocrx_word' id='word_1_164' title='bbox 1560 1444 1712 1484; x_wconf 89' lang='lat' dir='ltr'>civium</span> 
     </span>
     <span class='ocr_line' id='line_1_21' title="bbox 147 1508 1712 1561; baseline 0.001 -13"><span class='ocrx_word' id='word_1_165' title='bbox 147 1509 189 1548; x_wconf 88' lang='lat' dir='ltr'>in</span> <span class='ocrx_word' id='word_1_166' title='bbox 211 1509 279 1549; x_wconf 88' lang='lat' dir='ltr'>via</span> <span class='ocrx_word' id='word_1_167' title='bbox 299 1508 529 1548; x_wconf 86' lang='lat' dir='ltr'>honestatis</span> <span class='ocrx_word' id='word_1_168' title='bbox 550 1514 589 1548; x_wconf 91' lang='lat' dir='ltr'>et</span> <span class='ocrx_word' id='word_1_169' title='bbox 609 1508 771 1547; x_wconf 87' lang='lat' dir='ltr'>virtutis</span> <span class='ocrx_word' id='word_1_170' title='bbox 788 1508 1035 1560; x_wconf 86' lang='lat' dir='ltr'>praepediet.</span> <span class='ocrx_word' id='word_1_171' title='bbox 1055 1509 1115 1547; x_wconf 91' lang='lat' dir='ltr'>En</span> <span class='ocrx_word' id='word_1_172' title='bbox 1138 1509 1275 1561; x_wconf 89' lang='lat' dir='ltr'>itaque</span> <span class='ocrx_word' id='word_1_173' title='bbox 1295 1510 1600 1561; x_wconf 88' lang='lat' dir='ltr'>pulcherrimus</span> <span class='ocrx_word' id='word_1_174' title='bbox 1617 1524 1712 1550; x_wconf 90' lang='lat' dir='ltr'>con-</span> 
     </span>
     <span class='ocr_line' id='line_1_22' title="bbox 149 1571 1715 1628; baseline 0.003 -17"><span class='ocrx_word' id='word_1_175' title='bbox 149 1577 294 1624; x_wconf 89' lang='lat' dir='ltr'>ceptus</span> <span class='ocrx_word' id='word_1_176' title='bbox 325 1571 480 1611; x_wconf 85' lang='lat' dir='ltr'>ordinis</span> <span class='ocrx_word' id='word_1_177' title='bbox 510 1572 709 1611; x_wconf 86' lang='lat' dir='ltr'>socialis:</span> <span class='ocrx_word' id='word_1_178' title='bbox 741 1573 805 1610; x_wconf 86' lang='lat' dir='ltr'>Ex</span> <span class='ocrx_word' id='word_1_179' title='bbox 834 1585 918 1612; x_wconf 89' lang='lat' dir='ltr'>una</span> <span class='ocrx_word' id='word_1_180' title='bbox 937 1582 1053 1624; x_wconf 87' lang='lat' dir='ltr'>parte</span> <span class='ocrx_word' id='word_1_181' title='bbox 1075 1573 1331 1613; x_wconf 88' lang='lat' dir='ltr'>subditorum</span> <span class='ocrx_word' id='word_1_182' title='bbox 1361 1576 1590 1623; x_wconf 85' lang='lat' dir='ltr'>multitudo,</span> <span class='ocrx_word' id='word_1_183' title='bbox 1610 1589 1715 1628; x_wconf 90' lang='lat' dir='ltr'>quae</span> 
     </span>
     <span class='ocr_line' id='line_1_23' title="bbox 145 1638 1713 1692; baseline 0.004 -16"><span class='ocrx_word' id='word_1_184' title='bbox 145 1638 294 1677; x_wconf 91' lang='lat' dir='ltr'>morali</span> <span class='ocrx_word' id='word_1_185' title='bbox 324 1650 548 1689; x_wconf 83' lang='lat' dir='ltr'>progressu</span> <span class='ocrx_word' id='word_1_186' title='bbox 578 1638 631 1676; x_wconf 91' lang='lat' dir='ltr'>ad</span> <span class='ocrx_word' id='word_1_187' title='bbox 661 1638 948 1678; x_wconf 88' lang='lat' dir='ltr'>auctoritatem</span> <span class='ocrx_word' id='word_1_188' title='bbox 969 1639 1288 1690; x_wconf 80' lang='lat' dir='ltr'>gubernantium</span> <span class='ocrx_word' id='word_1_189' title='bbox 1312 1641 1596 1692; x_wconf 86' lang='lat' dir='ltr'>perimendam</span> <span class='ocrx_word' id='word_1_190' title='bbox 1613 1645 1713 1683; x_wconf 86' lang='lat' dir='ltr'>nita-</span> 
     </span>
     <span class='ocr_line' id='line_1_24' title="bbox 145 1700 1710 1753; baseline 0.003 -13"><span class='ocrx_word' id='word_1_191' title='bbox 145 1704 223 1749; x_wconf 71' lang='lat' dir='ltr'>tur,</span> <span class='ocrx_word' id='word_1_192' title='bbox 245 1713 299 1740; x_wconf 91' lang='lat' dir='ltr'>ex</span> <span class='ocrx_word' id='word_1_193' title='bbox 318 1700 403 1740; x_wconf 92' lang='lat' dir='ltr'>alia</span> <span class='ocrx_word' id='word_1_194' title='bbox 422 1700 742 1752; x_wconf 83' lang='lat' dir='ltr'>gubernantium</span> <span class='ocrx_word' id='word_1_195' title='bbox 764 1702 1004 1749; x_wconf 84' lang='lat' dir='ltr'>auctoritas,</span> <span class='ocrx_word' id='word_1_196' title='bbox 1025 1715 1144 1753; x_wconf 91' lang='lat' dir='ltr'>quae,</span> <span class='ocrx_word' id='word_1_197' title='bbox 1170 1716 1220 1742; x_wconf 92' lang='lat' dir='ltr'>ne</span> <span class='ocrx_word' id='word_1_198' title='bbox 1240 1712 1415 1745; x_wconf 89' lang='lat' dir='ltr'>mortem</span> <span class='ocrx_word' id='word_1_199' title='bbox 1436 1706 1634 1752; x_wconf 86' lang='lat' dir='ltr'>incurrat,</span> <span class='ocrx_word' id='word_1_200' title='bbox 1657 1707 1710 1745; x_wconf 90' lang='lat' dir='ltr'>ad</span> 
     </span>
     <span class='ocr_line' id='line_1_25' title="bbox 144 1766 1708 1820; baseline 0.005 -16"><span class='ocrx_word' id='word_1_201' title='bbox 144 1766 344 1805; x_wconf 89' lang='lat' dir='ltr'>moralem</span> <span class='ocrx_word' id='word_1_202' title='bbox 365 1766 621 1805; x_wconf 88' lang='lat' dir='ltr'>subditorum</span> <span class='ocrx_word' id='word_1_203' title='bbox 651 1779 916 1818; x_wconf 81' lang='lat' dir='ltr'>progressum</span> <span class='ocrx_word' id='word_1_204' title='bbox 946 1767 1094 1819; x_wconf 80' lang='lat' dir='ltr'>iugiter</span> <span class='ocrx_word' id='word_1_205' title='bbox 1113 1768 1418 1820; x_wconf 89' lang='lat' dir='ltr'>impediendum</span> <span class='ocrx_word' id='word_1_206' title='bbox 1453 1772 1678 1812; x_wconf 86' lang='lat' dir='ltr'>contendat</span> <span class='ocrx_word' id='word_1_207' title='bbox 1701 1773 1708 1812; x_wconf 81' lang='lat'><em>1</em></span> 
     </span>
     <span class='ocr_line' id='line_1_26' title="bbox 144 1831 1551 1886; baseline 0.006 -18"><span class='ocrx_word' id='word_1_208' title='bbox 144 1831 161 1868; x_wconf 95' lang='grc' dir='ltr'>Ι</span> <span class='ocrx_word' id='word_1_209' title='bbox 190 1843 314 1877; x_wconf 88' lang='lat' dir='ltr'>nunc,</span> <span class='ocrx_word' id='word_1_210' title='bbox 345 1837 384 1870; x_wconf 86' lang='lat' dir='ltr'>et</span> <span class='ocrx_word' id='word_1_211' title='bbox 404 1843 514 1882; x_wconf 83' lang='lat' dir='ltr'>nega</span> <span class='ocrx_word' id='word_1_212' title='bbox 537 1843 734 1882; x_wconf 85' lang='lat' dir='ltr'>magnam</span> <span class='ocrx_word' id='word_1_213' title='bbox 765 1843 859 1871; x_wconf 92' lang='lat' dir='ltr'>esse</span> <span class='ocrx_word' id='word_1_214' title='bbox 888 1831 1241 1872; x_wconf 86' lang='lat' dir='ltr'>rationalistarum</span> <span class='ocrx_word' id='word_1_215' title='bbox 1272 1834 1551 1886; x_wconf 84' lang='lat' dir='ltr'>sapientiam!</span> 
     </span>
    </p>

    <p class='ocr_par' dir='ltr' id='par_1_5' title="bbox 148 1896 1713 2022">
     <span class='ocr_line' id='line_1_27' title="bbox 197 1896 1713 1943; baseline 0.005 -8"><span class='ocrx_word' id='word_1_216' title='bbox 197 1899 248 1935; x_wconf 83' lang='lat'>45</span> <span class='ocrx_word' id='word_1_217' title='bbox 270 1898 524 1936; x_wconf 60' lang='lat' dir='ltr'>Paoposmo</span> <span class='ocrx_word' id='word_1_218' title='bbox 545 1898 600 1936; x_wconf 73' lang='lat'>2²².</span> <span class='ocrx_word' id='word_1_219' title='bbox 622 1896 747 1936; x_wconf 80' lang='lat' dir='ltr'>Finis</span> <span class='ocrx_word' id='word_1_220' title='bbox 766 1898 979 1937; x_wconf 71' lang='lat' dir='ltr'>societatis</span> <span class='ocrx_word' id='word_1_221' title='bbox 1000 1898 1141 1938; x_wconf 74' lang='lat' dir='ltr'>civilis</span> <span class='ocrx_word' id='word_1_222' title='bbox 1157 1902 1219 1938; x_wconf 74' lang='lat' dir='ltr'>est</span> <span class='ocrx_word' id='word_1_223' title='bbox 1235 1900 1388 1938; x_wconf 78' lang='lat' dir='ltr'>bonam</span> <span class='ocrx_word' id='word_1_224' title='bbox 1406 1915 1624 1943; x_wconf 73' lang='lat' dir='ltr'>commune</span> <span class='ocrx_word' id='word_1_225' title='bbox 1641 1917 1713 1943; x_wconf 62' lang='grc' dir='ltr'>Θαῒ-</span> 
     </span>
     <span class='ocr_line' id='line_1_28' title="bbox 148 1962 1712 2022; baseline 0.006 -21"><span class='ocrx_word' id='word_1_226' title='bbox 148 1965 328 2011; x_wconf 76' lang='lat' dir='ltr'>ternum,</span> <span class='ocrx_word' id='word_1_227' title='bbox 351 1962 599 2001; x_wconf 71' lang='lat' dir='ltr'>ordinatum</span> <span class='ocrx_word' id='word_1_228' title='bbox 621 1962 679 2001; x_wconf 78' lang='lat' dir='ltr'>ad</span> <span class='ocrx_word' id='word_1_229' title='bbox 699 1964 927 2011; x_wconf 69' lang='lat' dir='ltr'>internam,</span> <span class='ocrx_word' id='word_1_230' title='bbox 950 1968 990 2002; x_wconf 76' lang='lat' dir='ltr'>et</span> <span class='ocrx_word' id='word_1_231' title='bbox 1007 1964 1335 2005; x_wconf 73' lang='lat' dir='ltr'>subordinatum</span> <span class='ocrx_word' id='word_1_232' title='bbox 1358 1968 1610 2020; x_wconf 73' lang='lat' dir='ltr'>ultc&#39;mofinz‘</span> <span class='ocrx_word' id='word_1_233' title='bbox 1635 1972 1712 2022; x_wconf 87' lang='lat'>(1).</span> 
     </span>
    </p>

    <p class='ocr_par' dir='ltr' id='par_1_6' title="bbox 142 2027 1712 2535">
     <span class='ocr_line' id='line_1_29' title="bbox 200 2027 1712 2085; baseline 0.006 -18"><span class='ocrx_word' id='word_1_234' title='bbox 200 2028 321 2068; x_wconf 87' lang='lat' dir='ltr'>Prob.</span> <span class='ocrx_word' id='word_1_235' title='bbox 343 2027 477 2080; x_wconf 88' lang='lat' dir='ltr'>prima</span> <span class='ocrx_word' id='word_1_236' title='bbox 497 2041 608 2079; x_wconf 86' lang='lat' dir='ltr'>pars.</span> <span class='ocrx_word' id='word_1_237' title='bbox 627 2028 744 2075; x_wconf 80' lang='lat' dir='ltr'>Quod</span> <span class='ocrx_word' id='word_1_238' title='bbox 772 2028 825 2069; x_wconf 88' lang='lat' dir='ltr'>sit</span> <span class='ocrx_word' id='word_1_239' title='bbox 846 2029 998 2069; x_wconf 87' lang='lat' dir='ltr'>bonum</span> <span class='ocrx_word' id='word_1_240' title='bbox 1021 2043 1240 2070; x_wconf 85' lang='lat' dir='ltr'>commune</span> <span class='ocrx_word' id='word_1_241' title='bbox 1261 2045 1335 2084; x_wconf 90' lang='lat' dir='ltr'>per</span> <span class='ocrx_word' id='word_1_242' title='bbox 1353 2045 1399 2072; x_wconf 91' lang='lat' dir='ltr'>se</span> <span class='ocrx_word' id='word_1_243' title='bbox 1422 2039 1544 2085; x_wconf 68' lang='lat' dir='ltr'>patet,</span> <span class='ocrx_word' id='word_1_244' title='bbox 1563 2048 1657 2074; x_wconf 90' lang='lat' dir='ltr'>cum</span> <span class='ocrx_word' id='word_1_245' title='bbox 1676 2036 1712 2076; x_wconf 89' lang='lat' dir='ltr'>is</span> 
     </span>
     <span class='ocr_line' id='line_1_30' title="bbox 148 2091 1708 2151; baseline 0.004 -19"><span class='ocrx_word' id='word_1_246' title='bbox 148 2092 201 2132; x_wconf 89' lang='lat' dir='ltr'>sit</span> <span class='ocrx_word' id='word_1_247' title='bbox 215 2092 311 2131; x_wconf 90' lang='lat' dir='ltr'>finis</span> <span class='ocrx_word' id='word_1_248' title='bbox 331 2091 630 2144; x_wconf 89' lang='lat' dir='ltr'>cuiuscumque</span> <span class='ocrx_word' id='word_1_249' title='bbox 651 2092 876 2140; x_wconf 83' lang='lat' dir='ltr'>societatis,</span> <span class='ocrx_word' id='word_1_250' title='bbox 894 2100 937 2132; x_wconf 90' lang='lat' dir='ltr'>ut</span> <span class='ocrx_word' id='word_1_251' title='bbox 952 2104 1196 2144; x_wconf 86' lang='lat' dir='ltr'>procuretur</span> <span class='ocrx_word' id='word_1_252' title='bbox 1216 2095 1368 2134; x_wconf 88' lang='lat' dir='ltr'>bonum</span> <span class='ocrx_word' id='word_1_253' title='bbox 1387 2097 1594 2137; x_wconf 90' lang='lat' dir='ltr'>sociorum</span> <span class='ocrx_word' id='word_1_254' title='bbox 1612 2113 1708 2151; x_wconf 88' lang='lat' dir='ltr'>qua-</span> 
     </span>
     <span class='ocr_line' id='line_1_31' title="bbox 147 2154 1711 2208; baseline 0.006 -14"><span class='ocrx_word' id='word_1_255' title='bbox 147 2161 268 2195; x_wconf 92' lang='lat' dir='ltr'>tenus</span> <span class='ocrx_word' id='word_1_256' title='bbox 290 2167 363 2207; x_wconf 93' lang='lat' dir='ltr'>per</span> <span class='ocrx_word' id='word_1_257' title='bbox 383 2154 626 2194; x_wconf 88' lang='lat' dir='ltr'>societatem</span> <span class='ocrx_word' id='word_1_258' title='bbox 647 2169 772 2194; x_wconf 91' lang='lat' dir='ltr'>unum</span> <span class='ocrx_word' id='word_1_259' title='bbox 794 2169 946 2208; x_wconf 86' lang='lat' dir='ltr'>corpus</span> <span class='ocrx_word' id='word_1_260' title='bbox 967 2158 1199 2198; x_wconf 82' lang='lat' dir='ltr'>efformant.</span> <span class='ocrx_word' id='word_1_261' title='bbox 1217 2159 1336 2205; x_wconf 85' lang='lat' dir='ltr'>Quod</span> <span class='ocrx_word' id='word_1_262' title='bbox 1356 2166 1494 2201; x_wconf 88' lang='lat' dir='ltr'>autern</span> <span class='ocrx_word' id='word_1_263' title='bbox 1511 2162 1563 2201; x_wconf 88' lang='lat' dir='ltr'>sit</span> <span class='ocrx_word' id='word_1_264' title='bbox 1580 2169 1711 2203; x_wconf 89' lang='lat' dir='ltr'>exter-</span> 
     </span>
     <span class='ocr_line' id='line_1_32' title="bbox 145 2218 1706 2280; baseline 0.008 -24"><span class='ocrx_word' id='word_1_265' title='bbox 145 2232 257 2265; x_wconf 80' lang='lat' dir='ltr'>num,</span> <span class='ocrx_word' id='word_1_266' title='bbox 276 2218 396 2257; x_wconf 88' lang='lat' dir='ltr'>facile</span> <span class='ocrx_word' id='word_1_267' title='bbox 417 2218 734 2259; x_wconf 88' lang='lat' dir='ltr'>demonstratur.</span> <span class='ocrx_word' id='word_1_268' title='bbox 758 2221 850 2259; x_wconf 91' lang='lat' dir='ltr'>Non</span> <span class='ocrx_word' id='word_1_269' title='bbox 872 2223 1074 2262; x_wconf 88' lang='lat' dir='ltr'>naturalis</span> <span class='ocrx_word' id='word_1_270' title='bbox 1094 2224 1190 2263; x_wconf 86' lang='lat' dir='ltr'>finis</span> <span class='ocrx_word' id='word_1_271' title='bbox 1211 2225 1410 2278; x_wconf 89' lang='lat' dir='ltr'>cuiusque</span> <span class='ocrx_word' id='word_1_272' title='bbox 1430 2228 1488 2267; x_wconf 91' lang='lat' dir='ltr'>rei</span> <span class='ocrx_word' id='word_1_273' title='bbox 1510 2242 1706 2280; x_wconf 88' lang='lat' dir='ltr'>superare</span> 
     </span>
     <span class='ocr_line' id='line_1_33' title="bbox 144 2281 1710 2344; baseline 0.007 -23"><span class='ocrx_word' id='word_1_274' title='bbox 144 2281 287 2334; x_wconf 91' lang='lat' dir='ltr'>nequit</span> <span class='ocrx_word' id='word_1_275' title='bbox 306 2281 416 2320; x_wconf 83' lang='lat' dir='ltr'>vires</span> <span class='ocrx_word' id='word_1_276' title='bbox 438 2282 626 2331; x_wconf 87' lang='lat' dir='ltr'>subiecti,</span> <span class='ocrx_word' id='word_1_277' title='bbox 649 2284 714 2322; x_wconf 92' lang='lat' dir='ltr'>cui</span> <span class='ocrx_word' id='word_1_278' title='bbox 735 2285 985 2337; x_wconf 81' lang='lat' dir='ltr'>proponitur:</span> <span class='ocrx_word' id='word_1_279' title='bbox 1016 2299 1138 2326; x_wconf 90' lang='lat' dir='ltr'>secus</span> <span class='ocrx_word' id='word_1_280' title='bbox 1165 2294 1316 2328; x_wconf 91' lang='lat' dir='ltr'>natura</span> <span class='ocrx_word' id='word_1_281' title='bbox 1343 2290 1585 2342; x_wconf 90' lang='lat' dir='ltr'>insipienter</span> <span class='ocrx_word' id='word_1_282' title='bbox 1605 2305 1710 2344; x_wconf 84' lang='lat' dir='ltr'>age—</span> 
     </span>
     <span class='ocr_line' id='line_1_34' title="bbox 142 2345 1710 2407; baseline 0.007 -23"><span class='ocrx_word' id='word_1_283' title='bbox 142 2351 216 2394; x_wconf 86' lang='lat' dir='ltr'>ret,</span> <span class='ocrx_word' id='word_1_284' title='bbox 252 2345 360 2397; x_wconf 90' lang='lat' dir='ltr'>quod</span> <span class='ocrx_word' id='word_1_285' title='bbox 390 2345 500 2384; x_wconf 87' lang='lat' dir='ltr'>dictu</span> <span class='ocrx_word' id='word_1_286' title='bbox 529 2347 752 2386; x_wconf 90' lang='lat' dir='ltr'>absurdum</span> <span class='ocrx_word' id='word_1_287' title='bbox 783 2356 860 2388; x_wconf 91' lang='lat' dir='ltr'>est.</span> <span class='ocrx_word' id='word_1_288' title='bbox 880 2350 1004 2402; x_wconf 88' lang='lat' dir='ltr'>Atqui</span> <span class='ocrx_word' id='word_1_289' title='bbox 1032 2351 1142 2391; x_wconf 84' lang='lat' dir='ltr'>vires</span> <span class='ocrx_word' id='word_1_290' title='bbox 1171 2352 1305 2392; x_wconf 87' lang='lat' dir='ltr'>civilis</span> <span class='ocrx_word' id='word_1_291' title='bbox 1334 2355 1561 2402; x_wconf 88' lang='lat' dir='ltr'>societatis,</span> <span class='ocrx_word' id='word_1_292' title='bbox 1588 2361 1710 2407; x_wconf 90' lang='lat' dir='ltr'>prout</span> 
     </span>
     <span class='ocr_line' id='line_1_35' title="bbox 146 2410 1705 2470; baseline 0.007 -21"><span class='ocrx_word' id='word_1_293' title='bbox 146 2410 245 2450; x_wconf 88' lang='lat' dir='ltr'>talis</span> <span class='ocrx_word' id='word_1_294' title='bbox 268 2416 344 2459; x_wconf 85' lang='lat' dir='ltr'>est,</span> <span class='ocrx_word' id='word_1_295' title='bbox 364 2410 531 2450; x_wconf 89' lang='lat' dir='ltr'>nonnisi</span> <span class='ocrx_word' id='word_1_296' title='bbox 553 2413 606 2451; x_wconf 90' lang='lat' dir='ltr'>ad</span> <span class='ocrx_word' id='word_1_297' title='bbox 627 2413 763 2453; x_wconf 90' lang='lat' dir='ltr'>media</span> <span class='ocrx_word' id='word_1_298' title='bbox 782 2427 827 2454; x_wconf 91' lang='lat' dir='ltr'>se</span> <span class='ocrx_word' id='word_1_299' title='bbox 848 2416 1088 2464; x_wconf 88' lang='lat' dir='ltr'>extendunt,</span> <span class='ocrx_word' id='word_1_300' title='bbox 1116 2431 1222 2470; x_wconf 90' lang='lat' dir='ltr'>quae</span> <span class='ocrx_word' id='word_1_301' title='bbox 1244 2420 1490 2460; x_wconf 88' lang='lat' dir='ltr'>exteriorem</span> <span class='ocrx_word' id='word_1_302' title='bbox 1520 2420 1705 2460; x_wconf 90' lang='lat' dir='ltr'>ordinem</span> 
     </span>
     <span class='ocr_line' id='line_1_36' title="bbox 144 2474 1545 2535; baseline 0.007 -23"><span class='ocrx_word' id='word_1_303' title='bbox 144 2474 400 2526; x_wconf 79' lang='lat' dir='ltr'>respiciunt3</span> <span class='ocrx_word' id='word_1_304' title='bbox 432 2474 481 2514; x_wconf 90' lang='lat' dir='ltr'>de</span> <span class='ocrx_word' id='word_1_305' title='bbox 509 2475 561 2514; x_wconf 88' lang='lat' dir='ltr'>iis</span> <span class='ocrx_word' id='word_1_306' title='bbox 591 2476 698 2515; x_wconf 89' lang='lat' dir='ltr'>enim</span> <span class='ocrx_word' id='word_1_307' title='bbox 732 2477 947 2518; x_wconf 87' lang='lat' dir='ltr'>dumtaxat</span> <span class='ocrx_word' id='word_1_308' title='bbox 976 2493 1049 2531; x_wconf 91' lang='lat' dir='ltr'>per</span> <span class='ocrx_word' id='word_1_309' title='bbox 1077 2494 1122 2520; x_wconf 92' lang='lat' dir='ltr'>se</span> <span class='ocrx_word' id='word_1_310' title='bbox 1153 2482 1371 2534; x_wconf 91' lang='lat' dir='ltr'>disponere</span> <span class='ocrx_word' id='word_1_311' title='bbox 1401 2490 1545 2535; x_wconf 92' lang='lat' dir='ltr'>potest.</span> 
     </span>
    </p>

    <p class='ocr_par' dir='ltr' id='par_1_7' title="bbox 144 2537 1709 2793">
     <span class='ocr_line' id='line_1_37' title="bbox 203 2537 1709 2601; baseline 0.01 -26"><span class='ocrx_word' id='word_1_312' title='bbox 203 2537 327 2576; x_wconf 89' lang='lat' dir='ltr'>Prob.</span> <span class='ocrx_word' id='word_1_313' title='bbox 355 2538 542 2577; x_wconf 88' lang='lat' dir='ltr'>secunda</span> <span class='ocrx_word' id='word_1_314' title='bbox 561 2552 670 2590; x_wconf 89' lang='lat' dir='ltr'>pars.</span> <span class='ocrx_word' id='word_1_315' title='bbox 703 2541 893 2582; x_wconf 84' lang='lat' dir='ltr'>Societas</span> <span class='ocrx_word' id='word_1_316' title='bbox 914 2543 1091 2583; x_wconf 87' lang='lat' dir='ltr'>medium</span> <span class='ocrx_word' id='word_1_317' title='bbox 1110 2552 1173 2585; x_wconf 86' lang='lat' dir='ltr'>est</span> <span class='ocrx_word' id='word_1_318' title='bbox 1192 2559 1275 2586; x_wconf 91' lang='lat' dir='ltr'>non</span> <span class='ocrx_word' id='word_1_319' title='bbox 1296 2548 1404 2596; x_wconf 88' lang='lat' dir='ltr'>finis,</span> <span class='ocrx_word' id='word_1_320' title='bbox 1425 2555 1617 2601; x_wconf 87' lang='lat' dir='ltr'>respectu</span> <span class='ocrx_word' id='word_1_321' title='bbox 1638 2563 1709 2590; x_wconf 91' lang='lat' dir='ltr'>so-</span> 
     </span>
     <span class='ocr_line' id='line_1_38' title="bbox 144 2601 1709 2663; baseline 0.01 -24"><span class='ocrx_word' id='word_1_322' title='bbox 144 2601 318 2651; x_wconf 69' lang='lat' dir='ltr'>ciorum,</span> <span class='ocrx_word' id='word_1_323' title='bbox 348 2603 416 2655; x_wconf 91' lang='lat' dir='ltr'>qui</span> <span class='ocrx_word' id='word_1_324' title='bbox 437 2603 491 2642; x_wconf 87' lang='lat' dir='ltr'>ad</span> <span class='ocrx_word' id='word_1_325' title='bbox 520 2616 612 2643; x_wconf 87' lang='lat' dir='ltr'>eam</span> <span class='ocrx_word' id='word_1_326' title='bbox 634 2605 855 2645; x_wconf 84' lang='lat' dir='ltr'>ineundam</span> <span class='ocrx_word' id='word_1_327' title='bbox 886 2608 1041 2649; x_wconf 90' lang='lat' dir='ltr'>idcirco</span> <span class='ocrx_word' id='word_1_328' title='bbox 1063 2624 1088 2649; x_wconf 91' lang='lat' dir='ltr'>a</span> <span class='ocrx_word' id='word_1_329' title='bbox 1116 2617 1266 2651; x_wconf 87' lang='lat' dir='ltr'>natura</span> <span class='ocrx_word' id='word_1_330' title='bbox 1293 2612 1529 2663; x_wconf 89' lang='lat' dir='ltr'>incitantur,</span> <span class='ocrx_word' id='word_1_331' title='bbox 1551 2621 1595 2654; x_wconf 92' lang='lat' dir='ltr'>ut</span> <span class='ocrx_word' id='word_1_332' title='bbox 1615 2615 1709 2654; x_wconf 89' lang='lat' dir='ltr'>inde</span> 
     </span>
     <span class='ocr_line' id='line_1_39' title="bbox 146 2665 1709 2727; baseline 0.01 -24"><span class='ocrx_word' id='word_1_333' title='bbox 146 2665 201 2704; x_wconf 91' lang='lat' dir='ltr'>ad</span> <span class='ocrx_word' id='word_1_334' title='bbox 230 2667 442 2719; x_wconf 89' lang='lat' dir='ltr'>propriam</span> <span class='ocrx_word' id='word_1_335' title='bbox 463 2668 715 2718; x_wconf 79' lang='lat' dir='ltr'>felicitatem,</span> <span class='ocrx_word' id='word_1_336' title='bbox 736 2671 863 2711; x_wconf 91' lang='lat' dir='ltr'>tutius</span> <span class='ocrx_word' id='word_1_337' title='bbox 884 2679 923 2712; x_wconf 93' lang='lat' dir='ltr'>et</span> <span class='ocrx_word' id='word_1_338' title='bbox 938 2672 1103 2714; x_wconf 87' lang='lat' dir='ltr'>facilius</span> <span class='ocrx_word' id='word_1_339' title='bbox 1123 2676 1447 2727; x_wconf 87' lang='lat' dir='ltr'>adipiscendam,</span> <span class='ocrx_word' id='word_1_340' title='bbox 1470 2679 1709 2718; x_wconf 89' lang='lat' dir='ltr'>adiumenta</span> 
     </span>
     <span class='ocr_line' id='line_1_40' title="bbox 144 2730 1708 2793; baseline 0.01 -25"><span class='ocrx_word' id='word_1_341' title='bbox 144 2730 365 2783; x_wconf 85' lang='lat' dir='ltr'>recipiant.</span> <span class='ocrx_word' id='word_1_342' title='bbox 384 2734 464 2774; x_wconf 89' lang='lat' dir='ltr'>Sed</span> <span class='ocrx_word' id='word_1_343' title='bbox 480 2735 521 2774; x_wconf 91' lang='lat' dir='ltr'>id</span> <span class='ocrx_word' id='word_1_344' title='bbox 537 2736 675 2776; x_wconf 90' lang='lat' dir='ltr'>locum</span> <span class='ocrx_word' id='word_1_345' title='bbox 692 2750 776 2777; x_wconf 91' lang='lat' dir='ltr'>non</span> <span class='ocrx_word' id='word_1_346' title='bbox 795 2738 979 2788; x_wconf 88' lang='lat' dir='ltr'>haberet,</span> <span class='ocrx_word' id='word_1_347' title='bbox 1010 2739 1044 2778; x_wconf 92' lang='lat' dir='ltr'>si</span> <span class='ocrx_word' id='word_1_348' title='bbox 1061 2740 1213 2780; x_wconf 92' lang='lat' dir='ltr'>bonum</span> <span class='ocrx_word' id='word_1_349' title='bbox 1231 2756 1450 2784; x_wconf 86' lang='lat' dir='ltr'>commune</span> <span class='ocrx_word' id='word_1_350' title='bbox 1480 2750 1708 2793; x_wconf 88' lang='lat' dir='ltr'>externum,</span> 
     </span>
    </p>
   </div>
   <div class='ocr_carea' id='block_1_3' title="bbox 186 2873 1699 2925">
    <p class='ocr_par' dir='ltr' id='par_1_8' title="bbox 186 2873 1699 2925">
     <span class='ocr_line' id='line_1_41' title="bbox 186 2873 1699 2925; baseline 0.007 -21"><span class='ocrx_word' id='word_1_351' title='bbox 186 2873 236 2914; x_wconf 91' lang='lat'>(1)</span> <span class='ocrx_word' id='word_1_352' title='bbox 261 2874 397 2906; x_wconf 87' lang='lat' dir='ltr'>Confer.</span> <span class='ocrx_word' id='word_1_353' title='bbox 421 2876 637 2915; x_wconf 77' lang='lat' dir='ltr'>TAPARELLI,</span> <span class='ocrx_word' id='word_1_354' title='bbox 655 2877 795 2920; x_wconf 79' lang='lat' dir='ltr'>Sa99io</span> <span class='ocrx_word' id='word_1_355' title='bbox 820 2879 860 2912; x_wconf 79' lang='lat' dir='ltr'>di</span> <span class='ocrx_word' id='word_1_356' title='bbox 873 2880 1013 2913; x_wconf 74' lang='lat' dir='ltr'>Diritto</span> <span class='ocrx_word' id='word_1_357' title='bbox 1030 2882 1218 2917; x_wconf 73' lang='lat' dir='ltr'>naturale.</span> <span class='ocrx_word' id='word_1_358' title='bbox 1231 2885 1255 2915; x_wconf 82' lang='lat' dir='ltr'>t.</span> <span class='ocrx_word' id='word_1_359' title='bbox 1279 2884 1303 2922; x_wconf 88' lang='grc' dir='ltr'>Ι,</span> <span class='ocrx_word' id='word_1_360' title='bbox 1320 2894 1350 2925; x_wconf 90' lang='lat' dir='ltr'>p.</span> <span class='ocrx_word' id='word_1_361' title='bbox 1373 2885 1412 2923; x_wconf 87' lang='grc' dir='ltr'>ΙΙ,</span> <span class='ocrx_word' id='word_1_362' title='bbox 1428 2885 1578 2917; x_wconf 81' lang='lat' dir='ltr'>Dissert.</span> <span class='ocrx_word' id='word_1_363' title='bbox 1595 2885 1612 2916; x_wconf 76' lang='lat'><strong>2</strong></span> <span class='ocrx_word' id='word_1_364' title='bbox 1629 2895 1656 2916; x_wconf 94' lang='lat' dir='ltr'>c.</span> <span class='ocrx_word' id='word_1_365' title='bbox 1674 2885 1699 2916; x_wconf 79' lang='lat'>2.</span> 
     </span>
    </p>
   </div>
  </div>
 </body>
</html>
