1970 3203
559 262 696 289 CAPUT
722 261 744 286 1.
775 261 828 287 DE
857 259 1089 287 soeii-:TATE
1118 258 1357 285 DOMi-:sricA
1666 244 1743 284 207

178 353 256 379 sua
284 338 494 378 antecedit
523 337 634 376 aliud
654 368 664 384 ,
694 337 979 388 independens
1007 336 1058 375 ab
1093 333 1162 374 illo
1193 340 1268 373 est.
1307 333 1498 371 Iamvero
1529 330 1749 371 matrimo-

180 404 292 444 nium
321 404 375 442 ad
394 404 528 456 ipsam
559 402 895 442 constitutionem
916 400 1096 441 familiae
1122 400 1313 452 pertinet;
1344 398 1492 450 quippe
1523 397 1631 450 quod
1653 397 1750 436 fun—

180 469 418 508 damentum
448 474 510 507 est
530 473 570 507 et
589 479 761 520 germen
785 466 1000 507 societatis
1017 465 1285 511 domesticae,
1308 477 1414 516 quae
1435 463 1571 503 stabili
1594 463 1747 503 unione

180 531 322 571 nititur
350 531 483 570 virum
515 531 621 570 inter
650 537 688 569 et
719 530 944 570 mulierem.

230 598 417 650 Itemque
432 631 444 644 ,
467 597 647 636 societas
668 596 802 635 civilis
823 594 1018 635 sabaudit
1037 606 1260 645 personam
1283 607 1291 640 ;
1324 600 1445 644 atque
1466 592 1558 631 ideo
1580 605 1630 631 ea
1661 591 1753 631 iura

175 667 350 713 tangere
367 663 519 714 nequit,
532 674 638 713 quae
659 660 1000 713 personalitatem
1014 658 1147 710 ipsam
1165 657 1392 695 humanam
1411 656 1632 707 attingunt.
1648 656 1752 694 Iam-

180 738 294 772 vero,
324 733 367 764 ut
396 739 523 778 supra
546 725 816 771 ostendimus,
850 720 1158 762 matrimonium
1188 720 1241 759 ad
1268 719 1400 771 ipsam
1431 718 1747 771 integrationem

177 799 217 831 et
247 793 597 844 complementum
628 790 938 844 personalitatis
966 789 1178 828 humanae
1208 784 1393 824 refertur.
1418 785 1527 835 Ergo
1563 783 1604 822 in
1633 796 1679 823 se
1712 789 1753 823 et

176 856 315 908 quoad
345 856 408 895 sui
439 856 778 895 constitutionem
808 854 1005 907 potestati
1036 853 1146 893 civili
1173 866 1258 892 non
1289 849 1444 890 subest.
1475 850 1605 887 Immo
1638 853 1754 886 tanta

179 928 243 960 est
272 921 360 962 eius
388 921 709 973 independentia
730 935 755 960 a
784 921 932 973 quavis
955 920 1203 960 auctoritate
1233 931 1347 958 mere
1368 918 1564 961 humana;
1596 921 1638 953 ut
1662 913 1754 964 ipsa

180 990 357 1036 paterna
385 992 582 1037 potestas,
615 998 721 1037 quae
751 998 854 1024 sane
885 984 1065 1023 anterior
1099 990 1161 1023 est
1191 990 1232 1022 et
1262 981 1438 1020 divinior
1468 985 1673 1031 potestate
1702 976 1754 1015 ci-

177 1048 262 1096 vili,
292 1061 338 1088 se
367 1061 452 1088 non
483 1049 602 1088 aliter
630 1049 673 1087 in
702 1048 1010 1088 matrimonium
1043 1048 1235 1099 ingerere
1266 1045 1419 1097 possit,
1457 1043 1538 1083 nisi
1568 1043 1659 1082 sola
1688 1041 1752 1080 di-

175 1111 362 1151 rectione
383 1120 422 1152 et
438 1112 624 1152 consilio.
649 1113 770 1153 Unde
792 1111 984 1151 Ecclesia
1005 1111 1092 1159 Dei,
1113 1111 1154 1149 in
1179 1110 1364 1150 Concilio
1383 1107 1627 1147 Tridentino
1650 1117 1744 1144 con-

173 1185 352 1230 gregata
380 1178 551 1218 firmiter
580 1178 735 1218 obstitit
767 1178 929 1217 Galliae
959 1176 1203 1224 oratoribus,
1227 1175 1295 1228 qui
1325 1173 1492 1213 nomine
1514 1171 1645 1223 Regis
1677 1170 1746 1208 in—

174 1243 432 1284 stantissime
452 1245 718 1294 postulabant
739 1253 783 1284 ut
803 1245 910 1283 inter
936 1243 1208 1290 conditiones,
1240 1242 1292 1281 ad
1313 1240 1569 1279 validitatem
1600 1236 1748 1277 matri—

177 1309 304 1348 monii
332 1310 568 1362 requisstas,
599 1323 837 1350 consensus
867 1316 1084 1362 parentum
1114 1308 1435 1361 adstipularetur
1463 1307 1536 1356 (1).

230 1375 430 1427 Denique,
462 1376 643 1416 societas
674 1376 807 1416 civilis
839 1376 1033 1416 subaudit
1062 1375 1305 1427 religionem
1328 1405 1336 1420 ,
1374 1384 1479 1425 quae
1512 1367 1749 1410 essentialis

177 1440 336 1479 homini
366 1448 440 1488 est,
471 1441 512 1480 in
533 1448 731 1492 quantum
753 1450 815 1482 est
844 1442 984 1481 homo.
1014 1442 1101 1480 Iam
1133 1453 1232 1480 vero
1257 1436 1565 1478 matrimonium
1595 1447 1663 1474 res
1685 1439 1752 1473 est

179 1505 377 1558 religiosa
396 1515 435 1545 et
459 1519 593 1555 sacra;
610 1514 810 1558 quatenus
831 1506 884 1546 ad
900 1506 1126 1546 relationes
1149 1505 1338 1557 pertinet,
1355 1515 1461 1555 quae
1482 1502 1588 1540 inter
1611 1500 1747 1538 Deum

181 1577 222 1610 et
243 1571 454 1610 hominem
478 1571 749 1611 intercedunt.
772 1571 935 1611 Etenim
961 1584 1034 1623 per
1062 1569 1302 1622 coniugium
1328 1569 1452 1608 homo
1485 1564 1750 1606 constituitur

179 1635 256 1675 Dei
272 1635 460 1675 minister
475 1642 515 1674 et
535 1636 857 1676 instrumentum
874 1637 914 1675 in
934 1636 1206 1688 productione
1227 1633 1394 1673 alterius
1416 1630 1612 1671 hominis.
1632 1629 1750 1668 Haec

181 1705 319 1739 autem
350 1699 566 1751 productio
597 1700 735 1740 divina
765 1706 828 1740 est
857 1707 943 1739 tum
973 1700 1133 1739 ratione
1162 1699 1252 1746 sui,
1284 1697 1380 1750 quia
1417 1694 1592 1748 exquirit
1621 1693 1752 1731 inter-

178 1770 348 1805 ventum
376 1764 658 1805 immediatum
680 1773 719 1806 et
739 1766 992 1818 peculiarem
1021 1765 1109 1812 Dei,
1139 1770 1305 1816 propter
1336 1763 1520 1802 animam
1552 1758 1756 1812 spiritua—

180 1831 259 1870 lem
290 1843 396 1883 quae
426 1831 617 1870 conditur
647 1844 668 1870 e
699 1831 857 1880 nihilo;
886 1837 971 1870 tum
1001 1830 1160 1869 ratione
1190 1829 1299 1876 finis,
1330 1828 1425 1880 quia
1452 1825 1669 1866 ordinatur
1698 1823 1754 1862 ad

181 1895 470 1934 exsistentiam
488 1903 527 1935 et
543 1896 835 1935 educationem
857 1895 1174 1948 impartiendam
1191 1892 1403 1933 adoratori
1424 1898 1463 1930 et
1478 1887 1757 1942 glorificatori

181 1961 364 2012 supremi
396 1961 584 2000 Numinis
601 1975 609 2009 ;
639 1968 725 2001 tum
754 1962 914 2001 ratione
945 1961 1107 2009 obiecti,
1137 1960 1233 2012 quia
1268 1959 1474 1998 viventem
1506 1954 1581 1995 Dei
1611 1952 1755 2005 imagi-

181 2036 278 2063 nem
306 2023 442 2076 gignit
471 2032 639 2076 propter
669 2038 913 2076 expressam
944 2024 1253 2064 similitudinem
1284 2021 1546 2067 Divinitatis,
1579 2031 1685 2071 quae
1714 2017 1756 2056 in

182 2089 352 2130 homine
379 2090 586 2142 insculpta
618 2098 692 2130 est.
726 2092 835 2131 Hinc
868 2091 977 2140 apud
1017 2103 1163 2130 omnes
1192 2094 1340 2141 gentes
1381 2088 1471 2127 sive
1501 2086 1636 2126 cultas
1667 2084 1755 2124 sive

183 2154 407 2204 barbaras,
439 2156 748 2195 matrimonium
778 2156 886 2196 inter
914 2155 1135 2208 religiosas
1165 2154 1414 2194 cerimonias
1444 2165 1610 2205 semper
1639 2151 1758 2190 cele-

182 2220 347 2260 bratum
377 2227 440 2261 est
467 2227 508 2261 et
541 2221 805 2261 sacerdotum
834 2221 1080 2261 interventu.

239 2284 363 2323 Prob.
393 2285 446 2323 II.
463 2285 682 2325 Hactenus
698 2285 1009 2326 matrimonium
1031 2285 1391 2325 consideravimus
1418 2284 1459 2323 in
1481 2282 1624 2322 ordine
1645 2293 1758 2320 mere

189 2347 379 2396 naturali;
401 2348 497 2399 quid
519 2361 618 2389 vero
641 2349 861 2389 dicendum
883 2349 973 2398 erit,
995 2349 1041 2397 si,
1064 2356 1108 2388 ut
1129 2348 1392 2389 Christianos
1414 2347 1558 2394 decet,
1586 2344 1694 2385 idem
1716 2343 1759 2383 in

267 2476 317 2516 (1)
344 2476 566 2509 Sacrosanta
578 2478 749 2518 Synodus
766 2478 979 2516 Tridentina,
998 2479 1160 2519 quamvis
1179 2477 1446 2520 reprehenderit
1462 2487 1503 2509 ac
1519 2476 1669 2509 vetuerit
1687 2486 1760 2508 ma-

183 2531 349 2563 trimonia
372 2530 445 2563 sine
469 2540 648 2563 consensu
670 2535 859 2573 parentum
876 2536 1075 2570 contracta,
1100 2536 1219 2565 tamen
1235 2543 1277 2565 ea
1300 2531 1418 2564 valida
1441 2540 1526 2563 esse
1544 2531 1676 2568 sanxit,
1691 2531 1761 2563 hoc

184 2582 344 2620 decret03
371 2582 562 2614 «Tametsi
586 2583 817 2616 dubitandum
840 2593 909 2617 non
933 2583 1003 2622 sit,
1027 2583 1248 2616 clandestina
1271 2582 1515 2621 matrimonia,
1538 2583 1651 2615 libero
1676 2591 1758 2614 con-

185 2644 295 2668 sensu
317 2636 600 2669 contrahentium
616 2637 723 2674 facta,
738 2640 819 2670 rata
842 2640 877 2669 et
892 2647 979 2670 vera
1001 2646 1084 2670 esse
1101 2636 1335 2674 matrimonia,
1358 2636 1513 2677 quandiu
1535 2636 1700 2669 Ecclesia
1718 2646 1760 2667 ea

182 2688 285 2721 irrita
305 2699 375 2721 non
397 2689 492 2727 fecit,
514 2690 662 2731 proinde
685 2690 759 2722 iure
784 2691 971 2723 damnandi
994 2693 1093 2729 sunt,
1115 2693 1153 2723 ut
1178 2700 1242 2723 eos
1267 2693 1393 2722 sancta
1415 2691 1585 2731 Synodus
1610 2690 1758 2721 anathe-

186 2745 280 2774 mate
304 2743 456 2775 damnat.
480 2744 539 2783 qui
561 2753 603 2776 ea
625 2753 711 2776 vera
733 2747 768 2776 et
790 2747 872 2776 rata
895 2753 978 2776 esse
1005 2746 1148 2785 negant,
1167 2744 1301 2786 quique
1316 2744 1430 2785 salso
1455 2745 1662 2787 affirmant
1678 2753 1759 2774 ma-

187 2796 378 2835 trimonia,
399 2807 424 2829 α
437 2797 540 2840 filiis
553 2798 739 2839 familias
763 2798 843 2831 sine
867 2808 1050 2831 consensu
1060 2801 1264 2841 parentam
1281 2803 1495 2837 eontracta,
1522 2798 1634 2831 irrita
1667 2807 1757 2835 esse,

188 2851 223 2880 et
240 2852 419 2889 parentes
442 2859 487 2882 ea
511 2854 602 2882 rata
625 2854 660 2882 et
683 2850 796 2883 irrita
809 2851 951 2892 jacere
968 2861 1096 2894 posse;
1119 2851 1363 2885 nihilominus
1379 2857 1517 2885 sancta
1541 2853 1611 2885 Dei
1633 2852 1757 2884 Eccle-

188 2900 248 2932 sia
271 2909 321 2932 ew
344 2900 562 2934 iustissimis
586 2903 715 2936 causis
740 2903 807 2935 illa
824 2913 966 2946 semper
989 2903 1180 2937 detestata
1204 2909 1260 2937 est
1275 2909 1387 2947 atque
1399 2905 1590 2948 prohibuit
1606 2917 1621 2935 »
1649 2904 1756 2936 Cone.

202 2953 298 2985 Trid.
323 2954 419 2986 Sess.
444 2955 573 2992 XXIV,
599 2957 652 2988 De
676 2958 844 2998 Reform.
865 2958 1028 2990 Matrim.
1053 2968 1081 2990 c.
1106 2960 1131 2990 1.
