1970 3203
652 236 787 263 CAPUT
816 238 851 263 11.
882 237 934 264 DE
965 237 1192 265 SOC1ETATE
1221 239 1342 266 ClVlLI
1411 227 1413 229 ’
1701 231 1779 271 275

210 315 388 356 tionibus
409 314 462 355 sit
488 313 706 362 obnoxius,
727 315 867 368 nequit
884 315 1122 356 discernere
1143 323 1183 357 et
1205 317 1375 358 definire
1396 319 1460 359 vel
1482 319 1606 360 etiam
1633 333 1776 362 amare

205 380 352 428 media,
384 393 489 432 quae
520 380 796 431 congruentia
825 381 917 429 sint,
940 387 979 421 et
1000 381 1087 421 eius
1109 382 1276 422 utilitati
1305 383 1364 423 sic
1395 383 1574 434 faveant,
1596 393 1640 426 ut
1660 387 1778 427 altio-

203 440 317 483 ribus
337 442 457 483 bonis
474 456 557 482 non
580 443 779 484 officiant.
801 445 937 490 Quare
959 445 1057 484 licet
1077 445 1142 485 ius
1164 448 1410 498 postulandi,
1432 455 1502 489 aut
1522 451 1769 503 suffragium

204 506 382 558 eligendi
415 519 498 554 eos,
530 506 598 559 qui
628 519 703 547 suo
735 507 902 548 nomine
933 509 1048 560 leges
1078 509 1207 549 ferant
1240 511 1293 561 (si
1321 511 1456 552 forma
1484 513 1699 566 regiminis
1729 515 1770 555 id

201 573 399 626 patiatur)
417 574 567 624 populo
585 573 758 613 concedi
775 574 918 625 possit,
944 580 1084 614 tamen
1104 575 1166 614 ius
1187 577 1455 617 examinandi
1470 579 1604 631 legeS‚
1619 592 1772 633 easque

203 639 370 679 tandem
400 638 616 678 sanciendi
645 638 781 690 inepte
812 646 850 679 et
879 639 1120 692 insipienter
1148 640 1404 682 tribueretur.
1436 644 1482 682 Id
1512 644 1621 684 enim
1642 646 1774 685 multi-

204 703 354 755 plicem
385 702 677 756 cognitionem,
699 703 837 742 iudicii
858 704 1137 744 maturitatem
1156 706 1435 745 constantiam
1457 708 1583 747 animi
1601 715 1640 748 et
1661 721 1773 748 amo-

204 783 291 809 rem
322 769 485 808 virtutis
515 782 599 808 non
629 770 845 821 vulgarem
877 769 1085 821 exquirit,
1118 783 1224 822 quae
1265 772 1430 811 nonnisi
1460 772 1502 811 in
1532 775 1704 814 cultiore
1733 781 1774 815 et

206 832 509 885 praestantiore
539 832 753 873 societatis
784 841 901 885 parte
934 834 1207 874 communiter
1236 835 1508 887 reperiuntur.

255 897 319 936 82.
349 897 394 936 In
425 908 504 946 quo
534 898 701 948 proprie
732 897 951 938 consistat.
985 898 1039 936 Ut
1069 905 1268 950 quantum
1298 900 1401 938 satis
1432 906 1505 948 est,
1538 900 1773 941 distinctam

202 961 414 1001 notionem
445 962 663 1014 potestatis
680 963 941 1015 legislativae
964 964 1249 1013 exhibeamus,
1272 965 1352 1004 tria
1371 966 1579 1006 illustrare
1602 974 1772 1020 oportet;

202 1025 414 1074 ambitum,
436 1025 478 1064 in
500 1039 579 1077 quo
602 1027 817 1078 spatiatum
839 1027 970 1075 dotes,
994 1028 1140 1080 quibus
1161 1029 1250 1069 eius
1270 1031 1457 1079 effectus,
1478 1044 1626 1083 nempe
1642 1033 1772 1084 leges,

208 1091 348 1131 ornari
378 1091 539 1139 debent,
574 1091 768 1138 subsidia,
791 1105 896 1143 quae
918 1094 1205 1144 comparanda
1225 1100 1331 1143 sunt,
1354 1100 1396 1133 ut
1416 1095 1491 1134 rite
1513 1103 1770 1136 exerceatur.

205 1157 255 1195 Et
284 1157 337 1196 ad
367 1157 543 1205 primum
574 1156 681 1208 quod
711 1156 869 1205 attinet,
902 1156 1103 1196 eiusmodi
1135 1158 1335 1206 ambitus,
1370 1159 1435 1212 qui
1465 1160 1616 1200 limites
1645 1161 1771 1201 etiam

204 1220 452 1273 suppeditat,
484 1220 630 1272 quibus
660 1220 889 1260 auctoritas
920 1220 1167 1268 continetur,
1199 1235 1251 1261 ex
1281 1223 1362 1261 fine
1394 1222 1680 1264 diiudicandus
1709 1233 1772 1265 est

204 1284 433 1332 societatis,
457 1285 509 1323 ad
529 1298 649 1336 quem
672 1284 900 1324 auctoritas
921 1297 997 1323 suo
1021 1285 1221 1324 exercitio
1238 1286 1377 1325 socios
1394 1286 1601 1328 adducere
1617 1289 1770 1328 nititur.

209 1350 340 1388 Porro
371 1349 438 1387 hic
468 1349 563 1388 finis
593 1349 696 1389 situs
726 1357 791 1389 est
819 1349 860 1387 in
891 1355 1062 1388 externo
1093 1349 1319 1389 mediorum
1355 1356 1568 1403 apparatu,
1603 1352 1671 1404 qui
1701 1366 1770 1392 or-

203 1413 297 1452 dine
317 1413 465 1452 morali
484 1413 737 1460 informetur,
759 1420 800 1453 et
819 1413 860 1451 in
882 1412 1018 1452 debita
1043 1413 1303 1452 ordinatione
1325 1415 1592 1466 procuranda
1612 1422 1774 1456 mutua-

204 1492 295 1518 rum
325 1479 570 1518 relationum
594 1479 758 1518 civium.
789 1478 898 1517 Hinc
929 1478 1063 1518 elucet
1093 1484 1338 1530 potestatem
1372 1479 1651 1531 legislativam
1686 1494 1770 1521 non

202 1556 331 1595 usque
354 1557 402 1583 eo
425 1544 589 1596 porrigi,
612 1550 655 1583 ut
676 1543 1010 1583 constitutionem
1031 1542 1166 1594 ipsam
1187 1544 1540 1584 fundamentalem
1556 1546 1642 1586 suis
1664 1546 1770 1587 acti-

201 1610 279 1649 bus
309 1610 495 1662 attingat,
528 1611 601 1650 sed
632 1624 734 1662 opus
755 1616 818 1650 est
837 1616 879 1649 ut
896 1610 1138 1650 societatem
1159 1610 1201 1648 in
1223 1610 1389 1662 propria
1408 1611 1541 1651 forma
1560 1612 1642 1651 iam
1674 1620 1770 1654 ante

202 1674 467 1713 constitutam
490 1674 722 1714 subaudiat.
747 1674 920 1725 Concipi
938 1674 1046 1714 enim
1068 1673 1208 1725 nequit
1228 1674 1474 1714 exercitium
1496 1675 1768 1725 auctoritatis;

202 1739 282 1778 nisi
304 1739 532 1778 auctoritas
562 1738 603 1777 in
635 1738 908 1778 determinato
940 1737 1126 1777 subiecto
1165 1737 1374 1786 resideat,
1407 1745 1527 1790 atque
1557 1739 1614 1778 ita
1644 1745 1688 1779 ut
1715 1741 1768 1780 ad

204 1804 459 1856 operandum
481 1804 592 1842 omni
622 1817 675 1843 ex
706 1811 822 1856 parte
852 1803 1106 1855 expediatur.
1136 1804 1182 1842 Id
1211 1809 1362 1853 autem,
1389 1810 1433 1844 ut
1454 1804 1624 1857 quisque
1645 1806 1767 1854 videt,

206 1871 403 1923 importat
432 1877 475 1910 ut
506 1873 716 1910 stractura
745 1870 929 1917 socialis,
951 1870 1100 1909 saltem
1120 1869 1257 1921 quoad
1278 1883 1440 1921 organa
1461 1870 1666 1922 capitalia,
1687 1872 1770 1911 iam

201 1940 299 1974 ante
329 1934 555 1973 constituta
584 1934 647 1982 sit,
678 1947 782 1986 quae
813 1934 989 1973 formam
1021 1934 1154 1985 ipsam
1185 1933 1437 1984 reipublicae
1468 1940 1637 1986 spectet.

253 2000 315 2040 83.
345 1999 489 2040 Differt
520 2011 543 2038 a
572 2000 662 2039 iure
693 1999 980 2039 constitutivo.
1014 1998 1152 2044 Quare
1182 1996 1247 2036 ius
1277 1997 1539 2036 constituens
1567 1998 1620 2037 ad
1650 2003 1770 2050 pote-

204 2071 354 2103 statem
384 2063 662 2116 legislativam
692 2076 775 2102 non
804 2062 993 2114 pertinet,
1025 2061 1150 2100 immo
1180 2073 1277 2112 pars
1306 2060 1568 2100 auctoritatis
1597 2061 1767 2102 minime

201 2128 455 2168 censendum
487 2135 548 2167 est
577 2129 652 2179 (1).
683 2128 790 2168 Nam
812 2140 907 2166 cum
928 2124 1269 2166 constitutionem
1289 2124 1424 2176 ipsam
1445 2124 1598 2177 politici
1622 2126 1765 2166 Status

201 2192 406 2244 respiciat„
437 2191 489 2231 acl
519 2191 686 2231 easdem
707 2204 861 2230 causas
882 2191 1069 2242 pertinet,
1092 2203 1117 2228 a
1138 2188 1286 2241 quibus
1308 2189 1554 2229 exsistentia
1574 2195 1613 2229 et
1634 2189 1768 2229 forma

200 2255 293 2306 ipsa
321 2255 571 2306 reipublicae
602 2254 909 2295 determinatur.
943 2254 1152 2293 Societate
1182 2259 1322 2292 autem
1350 2253 1434 2292 iam
1466 2253 1704 2301 constituta,
1727 2253 1768 2292 in

203 2327 287 2361 toto
318 2334 489 2373 corpore
520 2321 665 2361 sociali
694 2320 861 2368 residet,
894 2332 976 2359 non
1007 2333 1106 2359 vero
1136 2318 1178 2357 in
1208 2332 1292 2358 una
1321 2324 1480 2358 tantum
1520 2318 1609 2358 eius
1638 2324 1767 2371 parte,

205 2391 425 2437 utcumque
455 2386 680 2438 praecipua
710 2386 775 2425 vel
804 2384 979 2425 formali.
1009 2385 1271 2436 Quapropter
1300 2397 1433 2435 neque
1477 2383 1765 2432 auctoritatis,

203 2461 338 2500 neque
368 2448 639 2489 multitudinis
669 2462 859 2489 seorsum
889 2455 1088 2500 acceptae
1118 2447 1284 2499 propria
1312 2454 1400 2495 est,
1442 2449 1521 2486 sed
1550 2448 1764 2501 utriusque

200 2515 333 2566 partis
363 2514 485 2553 simul
516 2514 825 2553 consentientis.
856 2515 921 2553 Ex
952 2526 1030 2565 quo
1061 2513 1245 2564 sequitur
1274 2518 1316 2550 ut
1344 2512 1576 2554 immutatio
1606 2514 1767 2554 consti-

200 2577 375 2617 tutionis
405 2578 728 2617 fundamentalis
758 2576 1022 2629 reipublicae,
1042 2583 1115 2616 aut
1135 2589 1420 2629 quaecumque
1450 2576 1637 2625 variatio,
1663 2591 1768 2629 quae

202 2643 474 2683 accidentalis
504 2655 587 2682 non
609 2643 660 2682 sit
680 2642 754 2682 sed
776 2643 828 2682 ad
847 2642 981 2694 ipsam
1003 2641 1232 2681 essentiam
1255 2646 1294 2682 et
1314 2641 1568 2693 primitivam
1591 2642 1768 2682 formam

242 2773 291 2813 (1)
315 2774 374 2805 Ius
400 2783 464 2806 seu
486 2776 655 2815 potestas
680 2773 911 2806 constituens
935 2773 1150 2815 appellatur,
1172 2772 1327 2805 facultas
1350 2772 1412 2806 illa
1434 2773 1689 2815 rempublicam
1713 2784 1768 2806 or-

203 2826 352 2864 dinandi,
376 2837 468 2867 quae
490 2828 642 2861 formam
664 2828 780 2870 ipsam
802 2827 985 2860 societatis
1010 2826 1161 2867 attingit,
1184 2826 1333 2867 eiusque
1357 2827 1518 2859 diversas
1539 2829 1662 2868 partes
1687 2837 1768 2860 con-

204 2880 328 2918 stituit,
344 2883 378 2913 et
394 2891 528 2922 organa
546 2884 643 2915 creat
658 2881 942 2918 fundamentalia,
967 2880 1095 2921 quibus
1115 2879 1340 2913 auctoritatis
1367 2881 1566 2913 functiones
1591 2881 1766 2913 stabiliter

203 2933 404 2974 affiguntur.
427 2934 598 2972 Breviter,
619 2934 701 2966 talis
726 2937 792 2971 est,
815 2936 853 2965 ut
874 2933 989 2974 ipsam
1012 2931 1226 2973 reipublicae
1248 2934 1412 2965 naturam
1426 2931 1603 2972 respiciat.
