1970 3203
331 217 468 244 CAPUT
495 217 532 242 11.
562 216 615 242 DE
645 216 874 244 SOCIETATE
904 217 1135 252 RELIGIOSA,
1167 217 1349 244 NIMIRUM
1377 217 1574 245 ECCLESJA
1656 205 1733 246 305

173 292 353 332 fallaciis
383 304 429 331 se
458 291 572 330 tueri.
605 292 666 330 En
696 291 801 331 ratio
832 305 906 331 cur
937 291 986 331 de
1016 291 1215 331 societate
1235 290 1442 343 religiosa,
1472 304 1579 344 quae
1608 291 1733 331 etiam

174 356 369 396 Ecclesia
384 362 659 407 nuncupatur,
678 356 829 408 aliquid
847 357 1027 396 delibare
1044 357 1226 396 animum
1249 357 1535 409 induxi3quod
1551 358 1736 398 facturus

177 434 266 460 sum
300 420 430 460 tribus
459 420 657 468 articulis,
689 420 836 472 quibus
867 421 955 460 eius
984 428 1188 469 naturam,
1209 421 1301 460 iura
1329 428 1369 461 et
1396 422 1620 462 relationes
1643 435 1737 462 cum

167 487 289 526 Statu
320 484 488 538 politico
517 485 792 538 investigabo.

807 616 1053 654 ARTlcULUS
1085 615 1114 653 I.

357 746 423 785 De
454 748 612 784 natura
642 745 870 793 Ecclesiae,
902 746 1075 797 eiusque
1105 746 1257 785 sociali
1285 748 1546 798 orgyanismo.

221 873 309 912 116.
340 874 466 913 Homo
485 873 538 913 ad
553 872 799 914 societatem
816 872 1055 923 religiosam
1071 873 1323 913 naturaliter
1337 873 1576 914 inclinatur.
1591 875 1738 920 Quem-

175 939 398 978 admodum
427 939 552 977 homo
574 938 625 976 ad
646 938 888 978 societatem
912 938 1184 977 domesticam
1202 944 1241 977 et
1264 938 1441 987 civilem,
1463 939 1524 978 sic
1546 939 1668 979 etiam
1686 940 1739 979 ad

167 1005 412 1044 societatem
441 1003 682 1055 religiosam
704 1003 940 1050 ineundam,
959 1003 1086 1043 tendit
1108 1003 1147 1042 vi
1163 1010 1351 1044 naturae.
1374 1003 1604 1055 Propensio
1626 1004 1736 1043 enim

167 1067 220 1106 ad
249 1067 404 1106 cultum
449 1067 536 1105 Deo
581 1065 887 1115 exhibendum,
919 1080 1044 1119 seque
1074 1066 1116 1105 in
1145 1067 1383 1107 felicitatem
1426 1066 1588 1107 futurae
1626 1068 1737 1107 vitae

164 1132 505 1185 promovendum,
535 1144 618 1170 non
647 1132 785 1170 minus
815 1131 1056 1171 instinctiva
1086 1139 1126 1171 et
1155 1133 1372 1173 rationalis
1402 1139 1475 1182 est,
1507 1147 1632 1186 quam
1661 1148 1734 1174 ce-

166 1204 279 1237 terae
308 1196 619 1249 propensiones.
651 1197 782 1235 Immo
826 1196 950 1236 etiam
984 1197 1197 1236 actuosius
1232 1204 1376 1250 urget,
1416 1206 1583 1250 propter
1611 1213 1736 1252 prae-

168 1263 350 1302 stantius
381 1262 533 1301 bonum
563 1261 672 1313 quod
699 1260 881 1312 respicit,
911 1268 950 1300 et
977 1261 1101 1300 altius
1121 1262 1303 1301 officium
1337 1263 1445 1314 quod
1474 1264 1660 1304 includit.
1681 1266 1738 1305 At

168 1340 266 1367 vero
297 1327 394 1366 huic
427 1326 693 1378 propensioni
725 1327 828 1366 satis
858 1338 1064 1378 superque
1094 1325 1264 1378 obsequi
1302 1327 1427 1366 homo
1458 1329 1627 1380 nequit,
1657 1329 1738 1368 nisi

168 1393 342 1432 aliorum
373 1391 585 1431 consortio
616 1391 859 1431 societatem
880 1391 1005 1438 ineat,
1037 1404 1142 1443 quae
1159 1392 1212 1430 ad
1236 1392 1360 1431 finem
1381 1391 1496 1430 illum
1526 1394 1738 1433 communi

168 1459 263 1498 nisu
293 1458 630 1509 consequendum
651 1457 816 1496 facilius
838 1456 1057 1497 conducat.
1080 1457 1125 1495 Id
1147 1457 1414 1496 manifestum
1437 1458 1627 1507 efficitur,
1650 1459 1740 1500 sive

169 1521 374 1561 naturalis
403 1520 634 1560 animorum
665 1533 924 1568 consensus,
956 1520 1044 1560 sive
1081 1520 1312 1572 indigentia
1350 1522 1516 1574 propria
1544 1522 1737 1572 hominis,

170 1586 260 1626 sive
288 1585 464 1626 rationis
494 1586 797 1638 praescriptum
828 1585 1125 1626 consideretur.

183 1685 185 1688 ,
221 1653 274 1692 Et
303 1653 356 1691 ad
385 1653 562 1705 primum
583 1653 691 1704 quod
708 1652 864 1700 attinet,
877 1653 1001 1692 homo
1024 1652 1084 1691 sic
1108 1652 1390 1694 conformatus
1411 1660 1485 1702 est,
1506 1660 1551 1694 ut
1583 1655 1739 1707 proprii

169 1719 347 1757 affectus
377 1717 517 1758 socios
546 1718 739 1769 postulet,
770 1731 897 1770 seque
919 1719 1094 1758 affectus
1124 1718 1299 1757 aliorum
1322 1719 1566 1772 participem
1597 1721 1736 1761 saciat:

166 1781 289 1833 idque
321 1780 399 1820 etsi
427 1780 469 1819 in
499 1781 623 1820 rebus
653 1780 826 1820 minoris
856 1781 1067 1827 momenti,
1100 1795 1207 1833 quae
1236 1796 1382 1834 parum
1412 1783 1454 1821 in
1475 1793 1652 1823 naturae
1674 1784 1741 1823 in-

170 1846 394 1885 clinatione
426 1845 661 1894 fundantur,
691 1846 814 1886 facile
844 1846 1016 1893 omittit;
1049 1847 1216 1886 difficile
1246 1854 1386 1887 tamen
1426 1854 1466 1887 et
1509 1849 1628 1901 quasi
1658 1849 1738 1888 im—

168 1911 370 1964 possibile
400 1918 462 1952 est
492 1917 536 1950 ut
566 1912 731 1951 deserat
771 1911 814 1951 in
842 1912 919 1960 iis,
950 1925 1055 1964 quae
1086 1926 1138 1952 ex
1172 1912 1311 1952 vivido
1354 1913 1532 1965 quodam
1562 1922 1738 1954 naturae

165 1980 323 2029 impetu
352 1983 620 2016 enascuntur.
652 1977 811 2016 Natura
837 1977 946 2016 enim
968 1991 1071 2029 quae
1094 1986 1191 2017 tunc
1225 1984 1430 2029 operatur,
1452 1992 1547 2018 cum
1586 1980 1732 2019 eadem

167 2041 221 2080 sit
249 2041 291 2079 in
321 2040 526 2086 omnibus,
543 2039 603 2080 sic
620 2040 920 2092 propensiones
942 2040 1034 2079 illas
1051 2041 1325 2081 individuales
1341 2041 1486 2093 gignit,
1508 2048 1551 2081 ut
1575 2055 1735 2082 earum-

169 2107 264 2146 dem
294 2106 590 2158 cognationem
618 2105 770 2157 iugiter
800 2106 1031 2158 exprimere
1066 2111 1104 2144 et
1132 2106 1343 2146 iunctione
1373 2115 1520 2146 mutua
1558 2109 1610 2147 ad
1644 2109 1740 2148 uni-

174 2178 302 2212 tatem
333 2171 507 2224 originis
538 2171 802 2211 conformare
831 2172 996 2211 nitatur.

225 2236 292 2275 Ad
321 2235 550 2275 secundum
572 2248 670 2275 vero
691 2235 800 2287 quod
830 2243 1004 2287 spectat,
1025 2236 1060 2275 si
1075 2235 1243 2283 iunctio,
1265 2242 1307 2276 ut
1323 2237 1401 2277 sert
1417 2238 1598 2285 effatum,
1616 2238 1741 2278 robur

172 2301 390 2349 efformat;
420 2300 682 2340 imbecillitas
703 2301 878 2352 privata,
895 2307 938 2340 ut
954 2301 994 2340 in
1012 2302 1161 2341 ceteris
1184 2301 1412 2343 activitatis
1433 2303 1656 2351 ordinibus,
1679 2304 1741 2343 sic

170 2364 294 2404 etiam
313 2365 355 2404 in
373 2365 649 2416 explicatione
669 2365 858 2418 principii
871 2365 1148 2418 religiosinon
1170 2366 1289 2405 aliter
1307 2367 1569 2406 corroborari
1590 2374 1739 2419 potest,

167 2428 249 2467 nisi
281 2441 489 2468 concursu
522 2429 700 2480 plurium
717 2444 727 2478 3
757 2443 811 2469 ex
841 2443 921 2482 quo
951 2430 1189 2469 adiumenta
1219 2430 1466 2478 deriventur,
1497 2430 1549 2469 ad
1578 2439 1738 2482 partem

166 2498 253 2531 tum
284 2492 599 2543 speculativam,
630 2499 716 2532 turn
745 2493 976 2545 practicam
1007 2493 1267 2544 pertinentia.

221 2558 408 2610 Denique
427 2558 604 2610 idipsum
625 2558 782 2598 eruitur
801 2572 823 2598 e
843 2559 1100 2611 praescripto
1122 2559 1307 2608 rationis,
1325 2572 1431 2612 quae
1459 2559 1615 2599 cultum
1637 2573 1738 2612 erga

170 2626 314 2674 Deum,
337 2625 474 2677 quoad
491 2624 582 2663 fieri
602 2630 751 2676 potest,
767 2625 994 2676 perfectum
1020 2625 1132 2664 iubet
1151 2638 1201 2664 ac
1219 2625 1356 2673 talem,
1376 2635 1421 2666 ut
1439 2638 1523 2665 non
1543 2626 1666 2665 modo
1688 2626 1740 2665 ab

172 2691 412 2731 hominibus
429 2690 728 2743 singularibus,
746 2690 813 2743 qui
830 2703 1018 2730 seorsum
1029 2691 1191 2743 accepti
1208 2690 1396 2731 imbelles
1413 2698 1507 2731 sunt
1524 2698 1562 2731 et
1580 2691 1736 2739 labiles,

172 2758 247 2797 sed
265 2758 452 2797 maxime
473 2758 524 2797 ab
544 2757 634 2809 ipso
654 2757 838 2796 humano
855 2769 1023 2809 genere,
1044 2757 1152 2809 quod
1174 2762 1285 2797 certe
1309 2757 1484 2797 validius
1501 2764 1563 2796 est
1593 2765 1632 2796 et
1652 2769 1740 2808 per.

175 2834 365 2869 manens,
395 2821 655 2860 exhibeatur.
685 2821 740 2860 At
768 2833 867 2860 vero
896 2820 938 2859 id
961 2820 1071 2859 effici
1099 2821 1251 2873 nequit,
1281 2820 1361 2861 nisi
1390 2819 1525 2860 studia
1545 2824 1585 2858 et
1613 2832 1741 2870 opera

178 2887 435 2938 singulorum
463 2891 658 2937 respectu
684 2886 808 2925 huius
837 2885 933 2925 finis
963 2886 1218 2938 copulentur,
1249 2892 1290 2926 et
1319 2897 1438 2937 opem
1460 2882 1644 2923 vicissim
1661 2882 1740 2922 sibi

257 2967 493 3000 lezr-tATORE
507 2984 548 2989 —
563 2965 698 2998 Etlziea
723 2969 756 2998 et
780 2966 844 2998 Ius
867 2968 1031 2997 natm-cce
1659 2962 1699 2994 ΞΟ
