1970 3203
213 247 291 288 278
585 259 650 285 ms
680 258 882 285 NATURAE
903 267 918 273 ·
943 258 1050 284 PARS
1079 258 1116 283 11.
1149 258 1215 285 lus
1246 258 1416 286 soclALE

217 348 293 375 seu
324 333 527 374 eiusmodi
558 338 602 372 ut
632 346 778 373 omnes
807 346 939 385 aeque
969 333 1126 385 ligent;
1157 333 1279 373 m'odo
1311 335 1426 374 nulla
1456 334 1563 374 adsit
1592 334 1709 383 ratio,
1740 348 1792 374 ex

215 398 305 450 ipso
324 397 435 436 bono
458 397 668 437 communi
690 403 761 436 aut
782 410 836 437 ex
857 398 1004 437 altiore
1020 397 1110 437 iure
1131 397 1359 450 desumpta,
1381 411 1488 451 quae
1509 412 1534 438 a
1560 400 1652 451 lege
1674 412 1796 439 com-

214 463 396 503 muniter
426 463 512 503 lata
542 463 768 505 nonnullos
798 469 871 505 aut
899 469 1064 504 coetum
1096 463 1275 516 aliquem
1306 464 1496 516 excipere
1527 465 1794 518 persuadeat.

215 528 261 567 Id
293 534 432 568 autem
462 528 531 568 ubi
561 541 645 568 non
674 537 836 581 urgeat,
868 542 1014 569 omnes
1045 529 1214 569 omnino
1243 530 1312 569 lex
1342 530 1602 583 adstringere
1634 531 1764 572 debet.

271 596 407 647 Atque
435 594 504 634 hic
535 595 677 648 quaeri
709 600 846 648 potest
876 610 929 635 an
959 595 1095 648 ipsum
1118 594 1402 648 legislatorem
1422 596 1490 635 lex
1519 597 1597 637 sibi
1628 597 1791 646 subdat,

216 660 275 700 ita
304 668 348 700 ut
377 661 413 701 is
444 662 568 702 etiam
590 662 672 714 legi
700 662 995 715 obtemperare
1014 668 1217 703 teneatur.
1248 662 1323 702 Cui
1350 663 1583 715 quaestioni
1614 677 1794 716 respon-

215 728 395 768 dendum
427 736 490 769 est
519 729 781 778 affirmative;
804 742 886 769 non
910 729 1074 782 quidem
1104 728 1240 781 quoad
1270 728 1353 768 vim
1387 729 1622 769 coactivam
1653 731 1796 781 (nemo

216 792 326 833 enim
358 792 471 845 cogit
501 792 717 845 seipsum),
741 793 814 833 sed
836 794 974 845 quoad
1005 792 1087 831 vim
1120 792 1375 832 directivam.
1408 792 1511 831 Cum
1543 793 1653 832 enim
1673 793 1791 846 ipsae

215 857 342 898 etiam
374 856 575 906 actiones,
598 871 703 910 quas
722 857 941 910 legislator
972 863 1139 897 exercet
1158 870 1243 896 non
1272 863 1395 909 prout
1415 857 1510 897 talis
1542 864 1617 906 est,
1639 871 1790 911 nempe

213 930 257 963 ut
291 922 399 975 legis
420 923 622 971 conditor,
644 923 718 963 sed
738 930 860 976 prout
880 924 1042 976 privata
1072 928 1233 963 tantum
1254 936 1436 976 persona
1458 929 1532 972 est,
1565 925 1617 963 ad
1639 924 1794 964 bonum

216 1001 439 1029 commune
468 988 713 1029 referendae
744 990 849 1039 sint3
881 989 1028 1030 iisdem
1059 989 1218 1030 normis
1246 994 1447 1042 regantur
1477 996 1658 1042 oportet,
1688 1004 1795 1043 quae

213 1053 445 1105 generatim
476 1067 549 1106 pro
581 1054 775 1094 omnibus
805 1054 968 1095 civibus
998 1054 1285 1107 praescriptae
1315 1060 1422 1094 sunt.
1446 1055 1719 1095 Potissimum
1754 1056 1795 1095 id

218 1118 357 1158 locum
386 1118 514 1158 habet
542 1131 637 1157 cum
667 1118 807 1170 agitur
838 1119 887 1159 de
919 1119 1204 1159 contractibus
1235 1118 1411 1171 aliisque
1441 1118 1579 1168 rebus,
1610 1133 1716 1172 quae
1743 1120 1795 1159 ad

214 1187 379 1223 ceteros
408 1183 652 1223 relationem
685 1183 840 1224 habent
869 1186 942 1236 (1).

270 1248 455 1295 Quarto,
486 1248 538 1286 ad
569 1248 706 1300 legum
737 1248 937 1288 iustitiam
968 1248 1190 1301 requiritur
1220 1248 1453 1301 aequalitas
1476 1281 1484 1296 ,
1514 1262 1598 1288 non
1629 1249 1793 1301 quidem

215 1311 457 1360 materialis,
475 1313 549 1352 sed
569 1312 759 1352 iuridica:
783 1319 988 1365 quatenus
1019 1327 1169 1365 nempe
1191 1314 1332 1353 omnia
1362 1314 1464 1362 iura,
1497 1314 1797 1366 cuiuscumque

215 1377 310 1424 sint,
334 1376 423 1416 sine
453 1377 537 1416 ulla
558 1377 805 1430 exceptione
837 1378 999 1417 sanciat
1031 1386 1070 1418 et
1091 1384 1266 1427 tueatur,
1299 1379 1490 1430 quamvis
1511 1378 1678 1418 diversa
1703 1391 1797 1418 esse

218 1441 394 1493 possint,
415 1454 465 1480 ac
496 1441 670 1492 proinde
691 1448 734 1481 ut
764 1442 931 1481 diversa
952 1442 1123 1482 tractari
1155 1447 1194 1481 et
1214 1444 1414 1483 custodiri
1446 1443 1625 1495 esigant.
1648 1443 1695 1482 In
1716 1443 1797 1482 hoc

217 1507 299 1546 sita
329 1513 391 1548 est
422 1508 657 1560 aequalitas
688 1508 840 1548 civium
872 1516 969 1550 ante
990 1511 1139 1562 legem.

275 1572 367 1611 Hae
398 1573 651 1625 praecipuae
673 1581 769 1614 sunt
801 1575 940 1627 legum
962 1574 1251 1627 proprietates
1283 1587 1391 1627 quae
1420 1575 1540 1627 quasi
1571 1574 1798 1614 essentiam

218 1638 459 1677 earumdem
490 1639 714 1690 attingunt.
746 1641 923 1681 Praeter
951 1641 1031 1680 has
1061 1641 1169 1680 aliae
1198 1640 1323 1681 etiam
1355 1640 1630 1692 requiruntur:
1671 1639 1796 1679 nimi-

220 1714 312 1740 rum
343 1710 387 1741 ut
419 1702 500 1742 sint
530 1703 689 1751 clarae,
720 1710 926 1756 quatenus
958 1705 1010 1744 ab
1041 1705 1234 1744 omnibus
1266 1704 1440 1756 intelligi
1462 1704 1623 1755 possint
1652 1704 1793 1744 necin

217 1763 370 1804 salsam
401 1765 785 1817 interpretationem
816 1769 946 1816 trahi;
978 1769 1161 1822 itemque
1190 1774 1234 1808 ut
1264 1769 1345 1808 sint
1372 1782 1572 1821 paucae,
1605 1782 1658 1808 ne
1687 1769 1797 1807 mul-

225 1828 397 1868 titudine
427 1838 467 1870 et
496 1832 679 1882 pondere
708 1833 822 1873 cives
853 1835 1101 1886 opprimant;
1133 1841 1176 1876 ut
1205 1835 1289 1876 sint
1319 1839 1572 1884 constantes,
1604 1836 1665 1876 sic
1688 1836 1797 1876 enim

222 1896 471 1948 antiquitate
500 1899 593 1950 ipsa
621 1902 938 1942 venerationem
969 1900 1047 1940 sibi
1070 1902 1316 1950 conciliant;
1346 1906 1390 1940 ut
1415 1901 1497 1940 sint
1526 1901 1723 1955 scriptae,
1745 1915 1798 1941 ne

219 1962 435 2004 fraudibus
456 1972 495 2004 et
517 1966 687 2007 arbitrio
709 1968 1029 2020 magistratuum
1059 1969 1176 2007 detur
1204 1969 1342 2017 locus,
1374 1973 1415 2006 ut
1446 1968 1527 2006 sint
1557 1968 1800 2007 convenien-

223 2029 294 2075 tes,
325 2041 400 2068 seu
421 2029 580 2071 viribus
598 2036 637 2070 et
654 2031 880 2072 conditioni
910 2033 1156 2085 populorum
1174 2032 1532 2072 accommodatae.
1553 2031 1669 2077 Quae
1686 2031 1796 2071 enim

221 2093 338 2146 leges
359 2095 512 2135 rudiori
535 2097 686 2149 populo
709 2105 957 2151 competunt,
989 2099 1070 2138 hae
1087 2098 1257 2138 minime
1277 2104 1534 2151 opportunae
1552 2104 1648 2137 sunt
1668 2098 1796 2149 genti,

221 2170 327 2209 quae
348 2159 496 2199 maiori
516 2161 771 2212 perfectione
792 2163 975 2214 gaudeat
996 2164 1069 2214 (2).

273 2223 335 2263 86.
357 2225 573 2266 Praesidia
594 2228 891 2278 conquirenda.
913 2228 1211 2280 Quaecumque
1233 2228 1288 2268 sit
1308 2227 1442 2267 forma
1460 2227 1688 2278 regiminis,
1711 2227 1800 2266 sive

219 2288 494 2328 monarchica
511 2289 600 2329 sive
616 2291 898 2342 polyarchica,
923 2298 1111 2343 potestas
1133 2292 1371 2344 legislativa
1395 2292 1543 2331 mediis
1564 2291 1726 2331 idoneis
1742 2292 1800 2331 in-

222 2353 323 2392 strui
346 2355 479 2402 debet,
501 2360 544 2394 ut
566 2354 642 2394 rite
665 2368 742 2395 suo
760 2370 932 2397 munere
952 2357 1234 2410 perfungatur.
1259 2358 1311 2397 Et
1334 2357 1376 2396 in
1399 2357 1542 2409 primis
1565 2370 1659 2396 cum
1681 2358 1799 2409 leges

222 2420 545 2460 necessitatibus
563 2422 806 2473 populorum
824 2424 1077 2475 respondere
1096 2424 1286 2471 debeant,
1298 2423 1518 2475 requiritur
1536 2436 1639 2463 sane
1656 2428 1699 2462 ut
1717 2423 1799 2462 hae

219 2486 451 2538 legislatori
468 2487 746 2527 innotescant.
780 2488 1041 2541 Quapropter
1057 2489 1129 2528 tali
1150 2489 1394 2541 organismo
1415 2488 1653 2541 legislativa
1674 2493 1793 2540 pote—

223 2559 324 2602 stas,
345 2556 480 2606 quoad
502 2555 759 2604 exercitium,
781 2555 1027 2596 instruenda
1047 2563 1124 2604 est,
1146 2561 1189 2595 ut
1211 2569 1355 2596 earum
1378 2555 1675 2596 necessitatum
1698 2555 1800 2594 noti-

222 2618 321 2657 tiam
344 2620 514 2667 claram,
537 2620 776 2661 distinctam
793 2626 832 2660 et
853 2621 943 2660 sine
959 2620 1153 2660 falsitatis
1173 2620 1431 2660 admixtione
1449 2631 1696 2670 comparare
1717 2618 1796 2658 sibi

220 2683 363 2734 possit.
382 2683 585 2729 Quoniam
603 2697 702 2724 vero
719 2684 910 2737 proprias
932 2684 1186 2737 indigentias
1201 2697 1323 2724 nemo
1340 2682 1488 2722 melius
1503 2682 1652 2729 noscit,
1671 2695 1795 2734 quam

222 2749 290 2801 qui
318 2749 486 2802 patitur,
516 2755 663 2801 patens
692 2752 842 2803 populo
875 2750 941 2789 via
972 2763 1067 2790 esse
1098 2750 1229 2798 debet,
1261 2749 1313 2789 ad
1342 2761 1415 2789 eas
1445 2747 1675 2799 legislatori
1705 2761 1801 2787 ma—

266 2909 314 2948 (1)
340 2906 431 2938 Vide
455 2908 487 2939 S.
513 2906 687 2943 ΤιιΟΜΑΜ,
711 2906 865 2938 Summa
890 2906 937 2938 tlt.
962 2908 1000 2938 1.·
1024 2906 1078 2937 22²⁶
1115 2914 1146 2946 q.
1171 2903 1296 2942 XCVI,
1319 2913 1347 2935 a.
1374 2904 1401 2935 5.

272 2963 322 3003 (2)
348 2961 437 2994 Vids
461 2961 495 2993 S.
518 2960 692 2997 TnoMAM,
717 2959 870 2991 Summa
896 2959 942 2991 tlt.
967 2960 1006 2991 1.·
1029 2960 1074 2991 ΞΜ
1096 2967 1125 2998 q.
1152 2957 1276 2995 XCVI,
1299 2967 1327 2988 a.
1352 2957 1381 2994 2,
1405 2959 1439 2988 et
1463 2957 1492 2988 3.
