1970 3203
241 191 293 231 96
947 206 1166 236 ETH1cA
1219 191 1224 196 ’

243 288 283 322 et
311 282 571 323 inclinationi
610 288 786 324 naturae
825 290 1136 325 consentaneus
1170 298 1264 327 esse
1296 287 1427 328 debet.
1464 289 1657 329 Iamvero
1699 303 1823 331 nemo

239 364 323 390 non
355 350 465 391 videt
492 349 680 389 ordinem
701 350 911 402 postulare
932 356 976 390 ut
995 350 1059 398 iis,
1082 351 1148 404 qui
1170 352 1274 393 bene
1295 359 1437 405 agunt,
1459 354 1567 396 bene
1588 356 1652 404 sit;
1672 362 1820 397 contra

238 415 370 467 turpis
399 415 508 455 actio
540 414 731 454 scelestis
761 415 1023 454 malevertat:
1054 422 1176 468 atque
1207 416 1264 456 ita
1294 416 1472 458 felicitas
1501 432 1597 459 cum
1621 421 1712 459 sola
1734 420 1823 459 vir-

237 485 323 519 tute
352 479 519 518 tandem
549 477 779 530 aliquando,
802 480 1029 531 copuletur.
1062 482 1117 519 At
1145 480 1186 520 id
1217 494 1296 533 quo
1325 488 1448 534 pacto
1475 484 1607 531 fieret,
1628 484 1663 523 si
1687 484 1822 526 virtus

239 546 545 586 irremunerata
577 550 778 593 maneret,
800 545 1004 598 flagitium
1035 547 1148 587 nullo
1171 547 1373 599 supplicio
1394 548 1644 600 plecteretur
1663 550 1681 589 ⁶3
1703 551 1825 591 Prae-

235 611 377 651 sertim
399 609 520 662 quia,
551 615 595 648 ut
623 610 748 662 paulo
776 616 873 649 ante
902 610 1058 650 dictum
1089 616 1171 659 est,
1203 624 1285 650 non
1316 626 1413 652 raro
1444 614 1699 666 pro-virtute
1732 627 1825 654 ser-

239 675 378 714 vanda
405 674 601 727 maximis
630 673 764 721 bonis,
792 674 978 713 animum
1008 675 1278 715 vehementer
1306 676 1583 718 allicientibus
1601 711 1609 726 ‚
1640 679 1813 730 spoliari

238 753 288 779 ac
319 744 494 779 mortem
524 739 659 792 ipsam
689 745 883 791 oppetere
914 746 1088 791 oportet3
1121 745 1266 779 contra
1299 740 1589 781 scelestissimi
1625 742 1817 783 homines

236 817 365 857 saepe
405 803 598 844 omnibus
638 802 798 843 deliciis
828 802 1020 842 diffluunt
1054 816 1105 842 ac
1135 804 1431 855 turpitudinem
1462 804 1550 845 vitii
1579 818 1663 845 non
1694 807 1817 847 modo

237 884 384 924 parum
417 878 579 918 curant,
610 869 683 909 sed
712 868 838 908 etiam
870 868 1010 909 decori
1040 870 1118 910 sibi
1150 869 1345 910 tribuunt.

287 939 351 979 97.
383 938 639 978 PRoposiTio
675 937 733 976 23.
773 936 949 976 Sanctio
972 936 1077 989 legis
1108 938 1330 977 naturalis
1346 938 1553 990 suturam
1587 939 1716 978 vitam
1749 953 1819 979 re-

234 1002 397 1056 spicere
425 1001 551 1041 debet.

287 1066 411 1106 Prob.
431 1065 669 1106 Praemium
691 1064 831 1105 virtuti
851 1065 1137 1119 adaequatum
1158 1065 1283 1106 bonis
1304 1066 1597 1119 praesentibus
1614 1067 1818 1108 contineri

231 1144 316 1172 non
347 1137 494 1183 potest.
527 1133 633 1171 Nam
663 1131 771 1171 haec
800 1130 944 1171 omnia
973 1138 1014 1169 et
1045 1130 1175 1169 vitam
1197 1130 1332 1182 ipsam
1354 1130 1546 1170 amittere
1567 1131 1700 1183 parati
1722 1145 1818 1173 esse

232 1196 459 1244 debemus,
497 1208 572 1248 pro
611 1194 775 1236 virtutis
814 1194 1103 1235 incolumitate
1146 1195 1368 1234 servanda.
1405 1194 1645 1234 Praemium
1677 1200 1817 1234 autem

230 1263 408 1304 alicuius
438 1262 498 1302 rei
528 1262 669 1314 nequit
698 1275 792 1302 esse
821 1262 874 1310 id,
906 1262 1014 1314 quod
1044 1261 1161 1302 iuxta
1192 1261 1379 1300 ordinem
1410 1260 1584 1301 rationis
1615 1273 1814 1312 spernen-

231 1330 328 1369 dum
359 1337 435 1377 est,
465 1336 509 1370 ut
537 1328 649 1367 illam
681 1336 883 1368 tueamur.
917 1329 967 1367 Et
997 1340 1114 1376 sane,
1149 1326 1310 1366 virtutis
1333 1326 1581 1367 exercitium
1599 1326 1641 1365 in
1664 1326 1816 1366 bonum

231 1402 270 1436 et
309 1393 547 1433 felicitatem
588 1392 763 1433 subiecti
790 1391 1024 1431 redundare
1055 1391 1190 1432 debet.
1230 1392 1342 1443 Ergo
1386 1390 1643 1445 praemium,
1675 1391 1856 1431 virtuti··

228 1461 421 1509 debitum,
452 1461 534 1500 tale
565 1460 617 1501 sit
645 1473 822 1500 necesse
852 1466 927 1506 est,
957 1465 1001 1498 ut
1031 1458 1174 1498 omnia
1204 1458 1315 1498 bona
1344 1457 1467 1497 huius
1497 1456 1608 1497 vitae
1629 1463 1811 1509 superet;

227 1528 429 1581 siquidem
460 1527 624 1566 virtutis
654 1526 846 1567 custodia
875 1525 1100 1578 aliquando
1134 1525 1284 1564 horum
1314 1524 1499 1564 omnium
1520 1523 1724 1565 iacturam
1745 1538 1814 1564 re·-

225 1592 372 1645 poscit.

280 1660 396 1698 Idem
425 1658 580 1711 pariter
610 1657 772 1698 dicatur
802 1655 852 1695 de
881 1667 1028 1706 poena;
1060 1666 1179 1706 quae,
1212 1653 1291 1693 nisi
1319 1653 1444 1692 huius
1473 1652 1587 1692 vitae
1607 1651 1809 1692 ambitum

227 1726 476 1773 excederet,
517 1722 766 1775 congruenti
796 1720 1062 1774 proportione
1094 1725 1266 1759 careret.
1301 1720 1408 1758 Nam
1429 1732 1557 1771 saepe
1588 1718 1641 1758 ad
1671 1719 1813 1758 scelus

224 1790 473 1842 patrandum
495 1789 620 1828 homo
643 1785 810 1839 magnis
831 1783 952 1824 bonis
972 1783 1149 1824 terrenis
1171 1783 1363 1832 allicitur-3
1385 1791 1425 1823 et
1444 1789 1592 1822 contra
1610 1783 1809 1824 omnibus

225 1857 337 1896 vitae
367 1852 599 1895 commodis
629 1858 671 1892 et
699 1850 777 1903 ipsi
817 1850 1091 1889 exsistentiae
1130 1848 1368 1888 valedicere
1397 1848 1645 1901 quandoque
1677 1848 1808 1896 debet,

224 1934 276 1960 ne
307 1918 465 1970 flagitio
496 1915 815 1957 contaminetur.

275 1984 339 2025 98.
372 1984 627 2021 Paoposmo
650 1979 705 2020 3²³¹.
727 1979 982 2020 Praemium
1004 1978 1123 2017 bonis
1150 1980 1346 2030 etpoencz
1371 1977 1513 2030 impiis
1536 1976 1811 2017 retribuenda

224 2049 419 2092 consistit
443 2049 718 2101 potissimum
750 2047 793 2086 in
824 2045 1048 2098 adeptione
1080 2045 1141 2083 vel
1172 2045 1406 2084 amissione
1438 2043 1717 2096 ultimifinis.

276 2113 400 2153 Prob.
434 2112 564 2151 Bonis
594 2111 801 2163 operibus,
832 2124 858 2150 a
888 2110 981 2162 lege
1010 2108 1151 2156 iussis,
1183 2108 1310 2148 homo
1341 2108 1383 2147 in
1415 2109 1484 2148 via
1512 2121 1557 2148 se
1577 2108 1805 2158 constituit,

224 2194 329 2235 quae
369 2179 422 2218 ad
461 2179 587 2218 finem
632 2185 751 2218 recta
780 2176 926 2229 pergit.
959 2178 1065 2216 Nam
1097 2176 1305 2216 honestae
1335 2175 1524 2215 actiones
1554 2181 1651 2214 sunt
1682 2176 1807 2215 veluti

220 2260 385 2302 passus,
415 2245 564 2298 quibus
594 2245 645 2283 ad
676 2244 801 2283 finem
831 2243 958 2282 homo
988 2241 1210 2294 graditur3
1241 2247 1388 2281 contra
1417 2241 1558 2294 pravis
1589 2241 1752 2281 actibus
1782 2257 1807 2282 a

217 2315 301 2352 fine
330 2309 511 2350 deflectit
539 2322 590 2348 ac
621 2308 731 2347 viam
763 2309 885 2359 plane
916 2306 1153 2358 oppositam
1188 2306 1353 2346 incedit.
1377 2307 1501 2358 Ergo,
1525 2319 1620 2345 cum
1643 2313 1806 2360 tempus

219 2375 354 2415 itineri
385 2373 636 2414 destinatum
672 2371 852 2418 desierit,
884 2371 1182 2411 necessarium
1213 2370 1383 2410 omnino
1414 2370 1490 2411 erit
1521 2376 1565 2410 ut
1592 2370 1660 2423 qui
1693 2372 1804 2411 viam

220 2439 464 2487 cucurrerit,
495 2450 602 2490 quae
632 2436 687 2476 ad
717 2437 842 2476 finem
873 2434 1064 2481 ducebat,
1095 2435 1223 2474 finem
1257 2440 1518 2487 assequatur;
1549 2448 1613 2482 ac,
1646 2435 1678 2475 si
1701 2435 1804 2475 forte

222 2506 303 2546 levi
334 2505 513 2558 quadam
544 2503 802 2556 negligentia
831 2508 1018 2542 moratus
1050 2502 1114 2549 sit,
1147 2514 1239 2540 eam
1271 2501 1411 2553 expiet
1439 2507 1563 2554 atque
1593 2502 1646 2541 ad
1680 2503 1803 2541 finem

220 2572 389 2614 tandem
420 2570 644 2624 aliquando
674 2568 904 2622 perveniat.
937 2567 1135 2608 Vicissim
1156 2601 1164 2616 ,
1197 2568 1404 2607 consimili
1433 2568 1594 2608 ratione
1624 2581 1800 2608 necesse

218 2642 281 2678 est
310 2643 355 2677 ut
383 2634 464 2688 qui,
490 2636 573 2674 fine
603 2639 852 2687 contempto,
883 2633 993 2671 viam
1016 2632 1190 2672 omnino
1212 2632 1465 2671 contrariam
1488 2631 1638 2677 inierit,
1661 2630 1696 2670 is
1718 2632 1802 2671 fine

215 2705 413 2757 privetur.
445 2703 670 2754 Repugnat
701 2701 809 2740 enim
841 2708 884 2740 ut
913 2699 993 2748 via,
1027 2701 1079 2739 ad
1109 2700 1235 2739 finem
1268 2699 1445 2747 ducens,
1481 2710 1565 2737 non
1602 2697 1737 2746 ducat;
1761 2705 1802 2738 et

214 2782 290 2822 per
318 2766 510 2807 semitam
541 2766 614 2804 fini
643 2765 898 2805 contrariam
930 2764 1027 2804 finis
1056 2763 1302 2815 attingatur.
1329 2764 1440 2814 Ergo
1475 2774 1652 2801 necesse
1675 2767 1737 2801 est
1757 2770 1801 2801 ut

217 2834 366 2873 saltem
395 2829 558 2882 adeptio
589 2830 654 2869 vel
683 2829 856 2869 amissio
881 2829 977 2869 finis
1007 2827 1137 2867 ultimi
1170 2826 1404 2866 custodiam
1434 2826 1498 2865 vel
1530 2825 1796 2865 violationem

215 2897 324 2950 legis
346 2894 559 2935 ,naturalis
588 2903 800 2946 sequatur,
832 2893 1002 2944 eiusque
1032 2891 1084 2931 sit
1105 2890 1231 2930 veluti
1260 2889 1423 2930 interna
1444 2888 1648 2941 quaedam
1672 2894 1712 2928 et
1730 2901 1799 2928 na-
