<?xml version="1.0" encoding="UTF-8"?>
<!DOCTYPE html PUBLIC "-//W3C//DTD XHTML 1.0 Transitional//EN"
    "http://www.w3.org/TR/xhtml1/DTD/xhtml1-transitional.dtd">
<html xmlns="http://www.w3.org/1999/xhtml" xml:lang="en" lang="en">
 <head>
  <title>
</title>
<meta http-equiv="Content-Type" content="text/html;charset=utf-8" />
  <meta name='ocr-system' content='tesseract 3.04.00' />
  <meta name='ocr-capabilities' content='ocr_page ocr_carea ocr_par ocr_line ocrx_word'/>
</head>
<body>
  <div class='ocr_page' id='page_1' title='image "./institutioneseth00libe_0317.png"; bbox 0 0 1970 3203; ppageno 0'>
   <div class='ocr_carea' id='block_1_1' title="bbox 298 218 1719 267">
    <p class='ocr_par' dir='ltr' id='par_1_1' title="bbox 298 218 1719 267">
     <span class='ocr_line' id='line_1_1' title="bbox 298 218 1719 267; baseline -0.004 -5"><span class='ocrx_word' id='word_1_1' title='bbox 298 235 434 263; x_wconf 81' lang='lat' dir='ltr'><strong>CAPUT</strong></span> <span class='ocrx_word' id='word_1_2' title='bbox 462 235 498 260; x_wconf 85' lang='lat'>11.</span> <span class='ocrx_word' id='word_1_3' title='bbox 529 234 582 261; x_wconf 82' lang='lat' dir='ltr'>DE</span> <span class='ocrx_word' id='word_1_4' title='bbox 611 234 843 261; x_wconf 67' lang='lat' dir='ltr'>sociETATE</span> <span class='ocrx_word' id='word_1_5' title='bbox 872 231 1102 267; x_wconf 73' lang='lat' dir='ltr'>REleoSA,</span> <span class='ocrx_word' id='word_1_6' title='bbox 1132 232 1315 259; x_wconf 79' lang='lat' dir='ltr'><strong>NIMIRUM</strong></span> <span class='ocrx_word' id='word_1_7' title='bbox 1343 231 1539 259; x_wconf 77' lang='lat' dir='ltr'>ECCLEstA</span> <span class='ocrx_word' id='word_1_8' title='bbox 1641 218 1719 256; x_wconf 84' lang='lat'>313</span> 
     </span>
    </p>
   </div>
   <div class='ocr_carea' id='block_1_2' title="bbox 144 307 1727 1522">
    <p class='ocr_par' dir='ltr' id='par_1_2' title="bbox 144 307 1722 490">
     <span class='ocr_line' id='line_1_2' title="bbox 201 307 1719 358; baseline -0.005 -7"><span class='ocrx_word' id='word_1_9' title='bbox 201 311 328 351; x_wconf 69' lang='lat' dir='ltr'>Ohiic.</span> <span class='ocrx_word' id='word_1_10' title='bbox 359 312 411 349; x_wconf 87' lang='grc' dir='ltr'>ΙΙ.</span> <span class='ocrx_word' id='word_1_11' title='bbox 443 310 486 349; x_wconf 85' lang='lat' dir='ltr'>Si</span> <span class='ocrx_word' id='word_1_12' title='bbox 514 310 573 350; x_wconf 86' lang='lat' dir='ltr'>ita</span> <span class='ocrx_word' id='word_1_13' title='bbox 602 317 724 358; x_wconf 81' lang='lat' dir='ltr'>esset,</span> <span class='ocrx_word' id='word_1_14' title='bbox 754 316 851 349; x_wconf 89' lang='lat' dir='ltr'>tunc</span> <span class='ocrx_word' id='word_1_15' title='bbox 881 309 1105 348; x_wconf 74' lang='lat' dir='ltr'>haberetur</span> <span class='ocrx_word' id='word_1_16' title='bbox 1134 308 1281 347; x_wconf 71' lang='lat' dir='ltr'>Status</span> <span class='ocrx_word' id='word_1_17' title='bbox 1310 307 1351 346; x_wconf 88' lang='lat' dir='ltr'>in</span> <span class='ocrx_word' id='word_1_18' title='bbox 1381 307 1506 346; x_wconf 71' lang='lat' dir='ltr'>Statu</span> <span class='ocrx_word' id='word_1_19' title='bbox 1528 320 1544 352; x_wconf 86' lang='lat'>,·</span> <span class='ocrx_word' id='word_1_20' title='bbox 1566 319 1618 345; x_wconf 80' lang='lat' dir='ltr'>ex</span> <span class='ocrx_word' id='word_1_21' title='bbox 1638 317 1719 357; x_wconf 88' lang='lat' dir='ltr'>quo</span> 
     </span>
     <span class='ocr_line' id='line_1_3' title="bbox 144 370 1722 429; baseline -0.004 -13"><span class='ocrx_word' id='word_1_22' title='bbox 144 382 368 429; x_wconf 80' lang='lat' dir='ltr'>perpetuae</span> <span class='ocrx_word' id='word_1_23' title='bbox 398 375 728 427; x_wconf 75' lang='lat' dir='ltr'>perturbationes</span> <span class='ocrx_word' id='word_1_24' title='bbox 757 381 796 415; x_wconf 92' lang='lat' dir='ltr'>et</span> <span class='ocrx_word' id='word_1_25' title='bbox 832 374 960 413; x_wconf 87' lang='lat' dir='ltr'>mutui</span> <span class='ocrx_word' id='word_1_26' title='bbox 993 373 1211 413; x_wconf 88' lang='lat' dir='ltr'>conflictus</span> <span class='ocrx_word' id='word_1_27' title='bbox 1241 372 1455 413; x_wconf 70' lang='lat' dir='ltr'>orirentur.</span> <span class='ocrx_word' id='word_1_28' title='bbox 1488 373 1600 423; x_wconf 81' lang='lat' dir='ltr'>Ergo</span> <span class='ocrx_word' id='word_1_29' title='bbox 1651 370 1722 410; x_wconf 91' lang='lat' dir='ltr'>di-</span> 
     </span>
     <span class='ocr_line' id='line_1_4' title="bbox 154 438 1198 490; baseline -0.004 -9"><span class='ocrx_word' id='word_1_30' title='bbox 154 443 328 482; x_wconf 90' lang='lat' dir='ltr'>cendum</span> <span class='ocrx_word' id='word_1_31' title='bbox 361 449 435 489; x_wconf 90' lang='lat' dir='ltr'>est,</span> <span class='ocrx_word' id='word_1_32' title='bbox 467 440 701 480; x_wconf 81' lang='lat' dir='ltr'>Ecclesiam</span> <span class='ocrx_word' id='word_1_33' title='bbox 731 454 815 480; x_wconf 89' lang='lat' dir='ltr'>non</span> <span class='ocrx_word' id='word_1_34' title='bbox 848 452 941 480; x_wconf 90' lang='lat' dir='ltr'>esse</span> <span class='ocrx_word' id='word_1_35' title='bbox 970 438 1198 490; x_wconf 89' lang='lat' dir='ltr'>imperium.</span> 
     </span>
    </p>

    <p class='ocr_par' dir='ltr' id='par_1_3' title="bbox 202 504 905 556">
     <span class='ocr_line' id='line_1_5' title="bbox 202 504 905 556; baseline -0.001 -13"><span class='ocrx_word' id='word_1_36' title='bbox 202 506 252 543; x_wconf 88' lang='lat' dir='ltr'>R.</span> <span class='ocrx_word' id='word_1_37' title='bbox 282 505 406 556; x_wconf 70' lang='lat' dir='ltr'>Negyo</span> <span class='ocrx_word' id='word_1_38' title='bbox 428 518 617 556; x_wconf 73' lang='lat' dir='ltr'>prorsus</span> <span class='ocrx_word' id='word_1_39' title='bbox 646 504 905 543; x_wconf 77' lang='lat' dir='ltr'>antecedens.</span> 
     </span>
    </p>

    <p class='ocr_par' dir='ltr' id='par_1_4' title="bbox 149 564 1727 1522">
     <span class='ocr_line' id='line_1_6' title="bbox 203 564 1720 618; baseline -0.003 -11"><span class='ocrx_word' id='word_1_40' title='bbox 203 568 247 607; x_wconf 79' lang='lat' dir='ltr'>Si</span> <span class='ocrx_word' id='word_1_41' title='bbox 277 581 420 608; x_wconf 85' lang='lat' dir='ltr'>verum</span> <span class='ocrx_word' id='word_1_42' title='bbox 437 574 548 608; x_wconf 90' lang='lat' dir='ltr'>esset</span> <span class='ocrx_word' id='word_1_43' title='bbox 564 568 829 615; x_wconf 81' lang='lat' dir='ltr'>antecedens,</span> <span class='ocrx_word' id='word_1_44' title='bbox 846 566 982 618; x_wconf 86' lang='lat' dir='ltr'>potius</span> <span class='ocrx_word' id='word_1_45' title='bbox 999 571 1240 617; x_wconf 76' lang='lat' dir='ltr'>sequeretur</span> <span class='ocrx_word' id='word_1_46' title='bbox 1265 564 1503 616; x_wconf 77' lang='lat' dir='ltr'>negandum</span> <span class='ocrx_word' id='word_1_47' title='bbox 1521 577 1614 604; x_wconf 90' lang='lat' dir='ltr'>esse</span> <span class='ocrx_word' id='word_1_48' title='bbox 1634 564 1720 602; x_wconf 89' lang='lat' dir='ltr'>im-</span> 
     </span>
     <span class='ocr_line' id='line_1_7' title="bbox 149 626 1721 685; baseline -0.004 -14"><span class='ocrx_word' id='word_1_49' title='bbox 149 633 311 685; x_wconf 89' lang='lat' dir='ltr'>perium</span> <span class='ocrx_word' id='word_1_50' title='bbox 343 630 477 679; x_wconf 79' lang='lat' dir='ltr'>civile,</span> <span class='ocrx_word' id='word_1_51' title='bbox 508 644 631 684; x_wconf 90' lang='lat' dir='ltr'>quam</span> <span class='ocrx_word' id='word_1_52' title='bbox 660 630 878 682; x_wconf 87' lang='lat' dir='ltr'>imperium</span> <span class='ocrx_word' id='word_1_53' title='bbox 899 628 1129 676; x_wconf 86' lang='lat' dir='ltr'>Ecclesiae;</span> <span class='ocrx_word' id='word_1_54' title='bbox 1153 627 1355 679; x_wconf 78' lang='lat' dir='ltr'>siquidem</span> <span class='ocrx_word' id='word_1_55' title='bbox 1378 626 1555 666; x_wconf 77' lang='lat' dir='ltr'>validius</span> <span class='ocrx_word' id='word_1_56' title='bbox 1576 632 1639 666; x_wconf 90' lang='lat' dir='ltr'>est</span> <span class='ocrx_word' id='word_1_57' title='bbox 1655 627 1721 666; x_wconf 91' lang='lat' dir='ltr'>ius</span> 
     </span>
     <span class='ocr_line' id='line_1_8' title="bbox 153 689 1722 746; baseline -0.004 -12"><span class='ocrx_word' id='word_1_58' title='bbox 153 695 363 735; x_wconf 87' lang='lat' dir='ltr'>felicitatis</span> <span class='ocrx_word' id='word_1_59' title='bbox 383 695 595 742; x_wconf 84' lang='lat' dir='ltr'>aeternae,</span> <span class='ocrx_word' id='word_1_60' title='bbox 612 707 718 746; x_wconf 91' lang='lat' dir='ltr'>quae</span> <span class='ocrx_word' id='word_1_61' title='bbox 740 700 801 733; x_wconf 91' lang='lat' dir='ltr'>est</span> <span class='ocrx_word' id='word_1_62' title='bbox 818 692 913 731; x_wconf 87' lang='lat' dir='ltr'>finis</span> <span class='ocrx_word' id='word_1_63' title='bbox 926 690 1154 737; x_wconf 80' lang='lat' dir='ltr'>Ecclesiae,</span> <span class='ocrx_word' id='word_1_64' title='bbox 1168 703 1291 742; x_wconf 83' lang='lat' dir='ltr'>quam</span> <span class='ocrx_word' id='word_1_65' title='bbox 1313 691 1377 729; x_wconf 90' lang='lat' dir='ltr'>ius</span> <span class='ocrx_word' id='word_1_66' title='bbox 1398 689 1606 729; x_wconf 85' lang='lat' dir='ltr'>felicitatis</span> <span class='ocrx_word' id='word_1_67' title='bbox 1623 696 1722 729; x_wconf 88' lang='lat' dir='ltr'>tem-</span> 
     </span>
     <span class='ocr_line' id='line_1_9' title="bbox 150 753 1714 810; baseline -0.003 -14"><span class='ocrx_word' id='word_1_68' title='bbox 150 758 322 810; x_wconf 85' lang='lat' dir='ltr'>poralis,</span> <span class='ocrx_word' id='word_1_69' title='bbox 353 771 459 810; x_wconf 86' lang='lat' dir='ltr'>quae</span> <span class='ocrx_word' id='word_1_70' title='bbox 488 764 550 797; x_wconf 88' lang='lat' dir='ltr'>est</span> <span class='ocrx_word' id='word_1_71' title='bbox 578 757 675 797; x_wconf 87' lang='lat' dir='ltr'>finis</span> <span class='ocrx_word' id='word_1_72' title='bbox 701 755 914 796; x_wconf 89' lang='lat' dir='ltr'>societatis</span> <span class='ocrx_word' id='word_1_73' title='bbox 944 754 1148 807; x_wconf 84' lang='lat' dir='ltr'>politicae.</span> <span class='ocrx_word' id='word_1_74' title='bbox 1185 753 1266 793; x_wconf 83' lang='lat' dir='ltr'>Sed</span> <span class='ocrx_word' id='word_1_75' title='bbox 1290 755 1395 792; x_wconf 90' lang='lat' dir='ltr'>bono</span> <span class='ocrx_word' id='word_1_76' title='bbox 1417 753 1500 792; x_wconf 85' lang='lat' dir='ltr'>sato</span> <span class='ocrx_word' id='word_1_77' title='bbox 1523 761 1714 793; x_wconf 89' lang='lat' dir='ltr'>neutrum</span> 
     </span>
     <span class='ocr_line' id='line_1_10' title="bbox 150 818 1722 871; baseline -0.004 -9"><span class='ocrx_word' id='word_1_78' title='bbox 150 823 386 862; x_wconf 86' lang='lat' dir='ltr'>faciendum</span> <span class='ocrx_word' id='word_1_79' title='bbox 408 828 482 871; x_wconf 90' lang='lat' dir='ltr'>est,</span> <span class='ocrx_word' id='word_1_80' title='bbox 504 836 599 862; x_wconf 89' lang='lat' dir='ltr'>cum</span> <span class='ocrx_word' id='word_1_81' title='bbox 619 822 872 862; x_wconf 85' lang='lat' dir='ltr'>antecedens</span> <span class='ocrx_word' id='word_1_82' title='bbox 891 820 991 859; x_wconf 84' lang='lat' dir='ltr'>illud</span> <span class='ocrx_word' id='word_1_83' title='bbox 1012 819 1064 858; x_wconf 88' lang='lat' dir='ltr'>sit</span> <span class='ocrx_word' id='word_1_84' title='bbox 1079 819 1201 871; x_wconf 88' lang='lat' dir='ltr'>plane</span> <span class='ocrx_word' id='word_1_85' title='bbox 1217 818 1380 858; x_wconf 86' lang='lat' dir='ltr'>falsum.</span> <span class='ocrx_word' id='word_1_86' title='bbox 1404 820 1510 858; x_wconf 87' lang='lat' dir='ltr'>Nam</span> <span class='ocrx_word' id='word_1_87' title='bbox 1534 824 1631 857; x_wconf 86' lang='lat' dir='ltr'>tunc</span> <span class='ocrx_word' id='word_1_88' title='bbox 1648 819 1722 857; x_wconf 90' lang='lat' dir='ltr'>ha-</span> 
     </span>
     <span class='ocr_line' id='line_1_11' title="bbox 150 884 1714 938; baseline -0.004 -10"><span class='ocrx_word' id='word_1_89' title='bbox 150 889 269 929; x_wconf 86' lang='lat' dir='ltr'>betur</span> <span class='ocrx_word' id='word_1_90' title='bbox 292 889 441 928; x_wconf 74' lang='lat' dir='ltr'>Status</span> <span class='ocrx_word' id='word_1_91' title='bbox 457 889 498 927; x_wconf 90' lang='lat' dir='ltr'>in</span> <span class='ocrx_word' id='word_1_92' title='bbox 518 889 644 928; x_wconf 71' lang='lat' dir='ltr'>Statu</span> <span class='ocrx_word' id='word_1_93' title='bbox 662 893 703 928; x_wconf 87' lang='lat' dir='ltr'>et</span> <span class='ocrx_word' id='word_1_94' title='bbox 718 887 864 927; x_wconf 89' lang='lat' dir='ltr'>iurium</span> <span class='ocrx_word' id='word_1_95' title='bbox 882 899 1035 938; x_wconf 80' lang='lat' dir='ltr'>pugna,</span> <span class='ocrx_word' id='word_1_96' title='bbox 1052 898 1145 924; x_wconf 90' lang='lat' dir='ltr'>cum</span> <span class='ocrx_word' id='word_1_97' title='bbox 1163 885 1267 923; x_wconf 90' lang='lat' dir='ltr'>duae</span> <span class='ocrx_word' id='word_1_98' title='bbox 1284 890 1510 936; x_wconf 84' lang='lat' dir='ltr'>potestates</span> <span class='ocrx_word' id='word_1_99' title='bbox 1528 884 1714 923; x_wconf 88' lang='lat' dir='ltr'>eiusdem</span> 
     </span>
     <span class='ocr_line' id='line_1_12' title="bbox 152 949 1727 1006; baseline -0.004 -12"><span class='ocrx_word' id='word_1_100' title='bbox 152 955 308 994; x_wconf 88' lang='lat' dir='ltr'>ordinis</span> <span class='ocrx_word' id='word_1_101' title='bbox 326 968 565 1006; x_wconf 89' lang='lat' dir='ltr'>supremum</span> <span class='ocrx_word' id='word_1_102' title='bbox 595 953 810 1005; x_wconf 88' lang='lat' dir='ltr'>imperium</span> <span class='ocrx_word' id='word_1_103' title='bbox 841 953 919 992; x_wconf 90' lang='lat' dir='ltr'>sibi</span> <span class='ocrx_word' id='word_1_104' title='bbox 940 951 1137 998; x_wconf 86' lang='lat' dir='ltr'>tribuunt,</span> <span class='ocrx_word' id='word_1_105' title='bbox 1154 958 1195 991; x_wconf 87' lang='lat' dir='ltr'>et</span> <span class='ocrx_word' id='word_1_106' title='bbox 1214 950 1359 989; x_wconf 91' lang='lat' dir='ltr'>eadem</span> <span class='ocrx_word' id='word_1_107' title='bbox 1377 949 1546 1001; x_wconf 83' lang='lat' dir='ltr'>negotia</span> <span class='ocrx_word' id='word_1_108' title='bbox 1563 949 1639 988; x_wconf 89' lang='lat' dir='ltr'>sub</span> <span class='ocrx_word' id='word_1_109' title='bbox 1658 961 1727 988; x_wconf 90' lang='lat' dir='ltr'>eo-</span> 
     </span>
     <span class='ocr_line' id='line_1_13' title="bbox 153 1012 1725 1069; baseline -0.004 -13"><span class='ocrx_word' id='word_1_110' title='bbox 153 1018 246 1058; x_wconf 89' lang='lat' dir='ltr'>dem</span> <span class='ocrx_word' id='word_1_111' title='bbox 262 1024 455 1069; x_wconf 87' lang='lat' dir='ltr'>respectu</span> <span class='ocrx_word' id='word_1_112' title='bbox 470 1018 762 1057; x_wconf 87' lang='lat' dir='ltr'>administrare</span> <span class='ocrx_word' id='word_1_113' title='bbox 779 1015 1044 1057; x_wconf 84' lang='lat' dir='ltr'>contendunt.</span> <span class='ocrx_word' id='word_1_114' title='bbox 1065 1016 1157 1053; x_wconf 92' lang='lat' dir='ltr'>Non</span> <span class='ocrx_word' id='word_1_115' title='bbox 1175 1020 1312 1053; x_wconf 88' lang='lat' dir='ltr'>autem</span> <span class='ocrx_word' id='word_1_116' title='bbox 1329 1013 1386 1052; x_wconf 90' lang='lat' dir='ltr'>ita</span> <span class='ocrx_word' id='word_1_117' title='bbox 1403 1020 1478 1059; x_wconf 84' lang='lat' dir='ltr'>est,</span> <span class='ocrx_word' id='word_1_118' title='bbox 1502 1026 1596 1051; x_wconf 89' lang='lat' dir='ltr'>cum</span> <span class='ocrx_word' id='word_1_119' title='bbox 1614 1012 1725 1050; x_wconf 89' lang='lat' dir='ltr'>alte-</span> 
     </span>
     <span class='ocr_line' id='line_1_14' title="bbox 153 1075 1715 1133; baseline -0.005 -12"><span class='ocrx_word' id='word_1_120' title='bbox 153 1096 200 1121; x_wconf 91' lang='lat' dir='ltr'>ra</span> <span class='ocrx_word' id='word_1_121' title='bbox 217 1095 354 1121; x_wconf 89' lang='lat' dir='ltr'>rerum</span> <span class='ocrx_word' id='word_1_122' title='bbox 371 1081 671 1133; x_wconf 86' lang='lat' dir='ltr'>temporalium,</span> <span class='ocrx_word' id='word_1_123' title='bbox 688 1082 820 1121; x_wconf 87' lang='lat' dir='ltr'>altera</span> <span class='ocrx_word' id='word_1_124' title='bbox 836 1079 1109 1131; x_wconf 86' lang='lat' dir='ltr'>spiritualium</span> <span class='ocrx_word' id='word_1_125' title='bbox 1130 1078 1330 1117; x_wconf 90' lang='lat' dir='ltr'>ambitum</span> <span class='ocrx_word' id='word_1_126' title='bbox 1346 1077 1424 1116; x_wconf 84' lang='lat' dir='ltr'>sibi</span> <span class='ocrx_word' id='word_1_127' title='bbox 1455 1076 1650 1123; x_wconf 76' lang='lat' dir='ltr'>vindicat,</span> <span class='ocrx_word' id='word_1_128' title='bbox 1674 1075 1715 1114; x_wconf 89' lang='lat' dir='ltr'>in</span> 
     </span>
     <span class='ocr_line' id='line_1_15' title="bbox 155 1142 1718 1198; baseline -0.003 -13"><span class='ocrx_word' id='word_1_129' title='bbox 155 1147 295 1188; x_wconf 75' lang='lat' dir='ltr'>mixtis</span> <span class='ocrx_word' id='word_1_130' title='bbox 325 1161 423 1187; x_wconf 78' lang='lat' dir='ltr'>vero</span> <span class='ocrx_word' id='word_1_131' title='bbox 454 1147 590 1187; x_wconf 87' lang='lat' dir='ltr'>debito</span> <span class='ocrx_word' id='word_1_132' title='bbox 620 1147 763 1186; x_wconf 89' lang='lat' dir='ltr'>ordine</span> <span class='ocrx_word' id='word_1_133' title='bbox 793 1146 1078 1198; x_wconf 85' lang='lat' dir='ltr'>disponuntur,</span> <span class='ocrx_word' id='word_1_134' title='bbox 1099 1157 1173 1196; x_wconf 91' lang='lat' dir='ltr'>pro</span> <span class='ocrx_word' id='word_1_135' title='bbox 1202 1144 1450 1183; x_wconf 83' lang='lat' dir='ltr'>relationum</span> <span class='ocrx_word' id='word_1_136' title='bbox 1480 1142 1718 1182; x_wconf 87' lang='lat' dir='ltr'>diversitate</span> 
     </span>
     <span class='ocr_line' id='line_1_16' title="bbox 154 1206 1721 1262; baseline -0.003 -12"><span class='ocrx_word' id='word_1_137' title='bbox 154 1218 193 1250; x_wconf 91' lang='lat' dir='ltr'>et</span> <span class='ocrx_word' id='word_1_138' title='bbox 213 1211 330 1250; x_wconf 80' lang='lat' dir='ltr'>iuxta</span> <span class='ocrx_word' id='word_1_139' title='bbox 352 1210 683 1262; x_wconf 89' lang='lat' dir='ltr'>dependentiam,</span> <span class='ocrx_word' id='word_1_140' title='bbox 703 1223 809 1262; x_wconf 84' lang='lat' dir='ltr'>quae</span> <span class='ocrx_word' id='word_1_141' title='bbox 825 1222 879 1248; x_wconf 83' lang='lat' dir='ltr'>ex</span> <span class='ocrx_word' id='word_1_142' title='bbox 895 1209 1037 1248; x_wconf 87' lang='lat' dir='ltr'>finium</span> <span class='ocrx_word' id='word_1_143' title='bbox 1058 1214 1209 1246; x_wconf 87' lang='lat' dir='ltr'>natura</span> <span class='ocrx_word' id='word_1_144' title='bbox 1227 1208 1401 1246; x_wconf 87' lang='lat' dir='ltr'>resultat</span> <span class='ocrx_word' id='word_1_145' title='bbox 1423 1214 1460 1246; x_wconf 91' lang='lat' dir='ltr'>et</span> <span class='ocrx_word' id='word_1_146' title='bbox 1481 1206 1582 1245; x_wconf 87' lang='lat' dir='ltr'>iuris</span> <span class='ocrx_word' id='word_1_147' title='bbox 1606 1217 1721 1257; x_wconf 89' lang='lat' dir='ltr'>prae-</span> 
     </span>
     <span class='ocr_line' id='line_1_17' title="bbox 156 1271 1727 1325; baseline -0.003 -12"><span class='ocrx_word' id='word_1_148' title='bbox 156 1274 348 1313; x_wconf 85' lang='lat' dir='ltr'>valentia.</span> <span class='ocrx_word' id='word_1_149' title='bbox 371 1274 488 1320; x_wconf 84' lang='lat' dir='ltr'>Quod</span> <span class='ocrx_word' id='word_1_150' title='bbox 508 1274 543 1313; x_wconf 92' lang='lat' dir='ltr'>si</span> <span class='ocrx_word' id='word_1_151' title='bbox 564 1274 833 1313; x_wconf 87' lang='lat' dir='ltr'>nihilominus</span> <span class='ocrx_word' id='word_1_152' title='bbox 854 1273 1101 1325; x_wconf 85' lang='lat' dir='ltr'>quandoque</span> <span class='ocrx_word' id='word_1_153' title='bbox 1123 1272 1342 1311; x_wconf 86' lang='lat' dir='ltr'>conflictus</span> <span class='ocrx_word' id='word_1_154' title='bbox 1374 1277 1413 1310; x_wconf 92' lang='lat' dir='ltr'>et</span> <span class='ocrx_word' id='word_1_155' title='bbox 1444 1271 1727 1322; x_wconf 88' lang='lat' dir='ltr'>perturbatio-</span> 
     </span>
     <span class='ocr_line' id='line_1_18' title="bbox 155 1337 1725 1389; baseline -0.001 -13"><span class='ocrx_word' id='word_1_156' title='bbox 155 1351 232 1379; x_wconf 88' lang='lat' dir='ltr'>nes</span> <span class='ocrx_word' id='word_1_157' title='bbox 263 1339 459 1388; x_wconf 86' lang='lat' dir='ltr'>oriuntur,</span> <span class='ocrx_word' id='word_1_158' title='bbox 482 1340 522 1379; x_wconf 90' lang='lat' dir='ltr'>id</span> <span class='ocrx_word' id='word_1_159' title='bbox 551 1340 761 1379; x_wconf 87' lang='lat' dir='ltr'>humanae</span> <span class='ocrx_word' id='word_1_160' title='bbox 791 1338 1016 1379; x_wconf 73' lang='lat' dir='ltr'>voluntatis</span> <span class='ocrx_word' id='word_1_161' title='bbox 1039 1337 1137 1377; x_wconf 73' lang='lat' dir='ltr'>vitio</span> <span class='ocrx_word' id='word_1_162' title='bbox 1167 1337 1411 1377; x_wconf 73' lang='lat' dir='ltr'>vertendum</span> <span class='ocrx_word' id='word_1_163' title='bbox 1442 1344 1516 1385; x_wconf 86' lang='lat' dir='ltr'>est,</span> <span class='ocrx_word' id='word_1_164' title='bbox 1547 1350 1653 1389; x_wconf 91' lang='lat' dir='ltr'>quae</span> <span class='ocrx_word' id='word_1_165' title='bbox 1682 1343 1725 1375; x_wconf 92' lang='lat' dir='ltr'>ut</span> 
     </span>
     <span class='ocr_line' id='line_1_19' title="bbox 157 1402 1722 1457; baseline -0.003 -13"><span class='ocrx_word' id='word_1_166' title='bbox 157 1405 371 1457; x_wconf 87' lang='lat' dir='ltr'>cupiditati</span> <span class='ocrx_word' id='word_1_167' title='bbox 387 1405 688 1453; x_wconf 82' lang='lat' dir='ltr'>obsecundet,a</span> <span class='ocrx_word' id='word_1_168' title='bbox 705 1405 846 1444; x_wconf 75' lang='lat' dir='ltr'>divina</span> <span class='ocrx_word' id='word_1_169' title='bbox 862 1403 1123 1443; x_wconf 89' lang='lat' dir='ltr'>ordinatione</span> <span class='ocrx_word' id='word_1_170' title='bbox 1140 1416 1184 1443; x_wconf 91' lang='lat' dir='ltr'>se</span> <span class='ocrx_word' id='word_1_171' title='bbox 1201 1402 1418 1442; x_wconf 84' lang='lat' dir='ltr'>subtrahit.</span> <span class='ocrx_word' id='word_1_172' title='bbox 1433 1405 1486 1442; x_wconf 86' lang='lat' dir='ltr'>At</span> <span class='ocrx_word' id='word_1_173' title='bbox 1503 1415 1722 1454; x_wconf 82' lang='lat' dir='ltr'>perperam</span> 
     </span>
     <span class='ocr_line' id='line_1_20' title="bbox 158 1469 1650 1522; baseline -0.003 -10"><span class='ocrx_word' id='word_1_174' title='bbox 158 1486 210 1512; x_wconf 82' lang='lat' dir='ltr'>ex</span> <span class='ocrx_word' id='word_1_175' title='bbox 232 1473 366 1512; x_wconf 88' lang='lat' dir='ltr'>abusu</span> <span class='ocrx_word' id='word_1_176' title='bbox 386 1473 568 1512; x_wconf 90' lang='lat' dir='ltr'>humano</span> <span class='ocrx_word' id='word_1_177' title='bbox 591 1472 643 1511; x_wconf 89' lang='lat' dir='ltr'>ad</span> <span class='ocrx_word' id='word_1_178' title='bbox 664 1472 880 1512; x_wconf 72' lang='lat' dir='ltr'>veritatem</span> <span class='ocrx_word' id='word_1_179' title='bbox 900 1470 1169 1509; x_wconf 87' lang='lat' dir='ltr'>inficiandam</span> <span class='ocrx_word' id='word_1_180' title='bbox 1199 1476 1492 1522; x_wconf 79' lang='lat' dir='ltr'>argumentum</span> <span class='ocrx_word' id='word_1_181' title='bbox 1522 1469 1650 1508; x_wconf 89' lang='lat' dir='ltr'>fieret.</span> 
     </span>
    </p>
   </div>
   <div class='ocr_carea' id='block_1_3' title="bbox 692 1601 1212 1772">
    <p class='ocr_par' dir='ltr' id='par_1_5' title="bbox 692 1601 1212 1772">
     <span class='ocr_line' id='line_1_21' title="bbox 784 1601 1109 1641; baseline -0.003 0"><span class='ocrx_word' id='word_1_182' title='bbox 784 1604 1028 1641; x_wconf 68' lang='lat' dir='ltr'>AnricULus</span> <span class='ocrx_word' id='word_1_183' title='bbox 1057 1601 1109 1640; x_wconf 90' lang='lat' dir='ltr'>II.</span> 
     </span>
     <span class='ocr_line' id='line_1_22' title="bbox 692 1731 1212 1772; baseline -0.004 -1"><span class='ocrx_word' id='word_1_184' title='bbox 692 1733 758 1771; x_wconf 82' lang='lat' dir='ltr'>De</span> <span class='ocrx_word' id='word_1_185' title='bbox 789 1732 955 1772; x_wconf 74' lang='lat' dir='ltr'>iuribus</span> <span class='ocrx_word' id='word_1_186' title='bbox 985 1731 1212 1770; x_wconf 76' lang='lat' dir='ltr'>Ecclesiae.</span> 
     </span>
    </p>
   </div>
   <div class='ocr_carea' id='block_1_4' title="bbox 162 1858 1742 2955">
    <p class='ocr_par' dir='ltr' id='par_1_6' title="bbox 162 1858 1740 2631">
     <span class='ocr_line' id='line_1_23' title="bbox 216 1858 1733 1904; baseline -0.003 -2"><span class='ocrx_word' id='word_1_187' title='bbox 216 1865 303 1902; x_wconf 68' lang='lat'>124.</span> <span class='ocrx_word' id='word_1_188' title='bbox 334 1864 431 1903; x_wconf 88' lang='lat' dir='ltr'>Iura</span> <span class='ocrx_word' id='word_1_189' title='bbox 458 1864 672 1904; x_wconf 86' lang='lat' dir='ltr'>Ecclesiae</span> <span class='ocrx_word' id='word_1_190' title='bbox 703 1868 802 1904; x_wconf 84' lang='lat' dir='ltr'>sunt</span> <span class='ocrx_word' id='word_1_191' title='bbox 830 1864 924 1903; x_wconf 86' lang='lat' dir='ltr'>iura</span> <span class='ocrx_word' id='word_1_192' title='bbox 964 1862 1130 1902; x_wconf 81' lang='lat' dir='ltr'>Christi.</span> <span class='ocrx_word' id='word_1_193' title='bbox 1171 1861 1227 1900; x_wconf 88' lang='lat' dir='ltr'>Ut</span> <span class='ocrx_word' id='word_1_194' title='bbox 1262 1860 1386 1898; x_wconf 91' lang='lat' dir='ltr'>homo</span> <span class='ocrx_word' id='word_1_195' title='bbox 1426 1858 1662 1898; x_wconf 70' lang='lat' dir='ltr'>individuus</span> <span class='ocrx_word' id='word_1_196' title='bbox 1693 1864 1733 1898; x_wconf 86' lang='lat' dir='ltr'>et</span> 
     </span>
     <span class='ocr_line' id='line_1_24' title="bbox 167 1925 1733 1981; baseline -0.003 -13"><span class='ocrx_word' id='word_1_197' title='bbox 167 1942 352 1981; x_wconf 90' lang='lat' dir='ltr'>quaeque</span> <span class='ocrx_word' id='word_1_198' title='bbox 382 1929 563 1969; x_wconf 86' lang='lat' dir='ltr'>societas</span> <span class='ocrx_word' id='word_1_199' title='bbox 592 1929 759 1980; x_wconf 86' lang='lat' dir='ltr'>propria</span> <span class='ocrx_word' id='word_1_200' title='bbox 787 1928 972 1981; x_wconf 84' lang='lat' dir='ltr'>possidet</span> <span class='ocrx_word' id='word_1_201' title='bbox 1000 1927 1116 1974; x_wconf 86' lang='lat' dir='ltr'>iura,</span> <span class='ocrx_word' id='word_1_202' title='bbox 1148 1940 1200 1966; x_wconf 78' lang='lat' dir='ltr'>ex</span> <span class='ocrx_word' id='word_1_203' title='bbox 1228 1926 1319 1978; x_wconf 89' lang='lat' dir='ltr'>ipsa</span> <span class='ocrx_word' id='word_1_204' title='bbox 1359 1925 1447 1964; x_wconf 91' lang='lat' dir='ltr'>eius</span> <span class='ocrx_word' id='word_1_205' title='bbox 1478 1933 1628 1965; x_wconf 87' lang='lat' dir='ltr'>natura</span> <span class='ocrx_word' id='word_1_206' title='bbox 1668 1925 1733 1964; x_wconf 90' lang='lat' dir='ltr'>di—</span> 
     </span>
     <span class='ocr_line' id='line_1_25' title="bbox 162 1990 1730 2046; baseline -0.003 -13"><span class='ocrx_word' id='word_1_207' title='bbox 162 1994 392 2042; x_wconf 85' lang='lat' dir='ltr'>manantia,</span> <span class='ocrx_word' id='word_1_208' title='bbox 424 1994 572 2046; x_wconf 89' lang='lat' dir='ltr'>quibus</span> <span class='ocrx_word' id='word_1_209' title='bbox 602 1994 774 2046; x_wconf 87' lang='lat' dir='ltr'>proinde</span> <span class='ocrx_word' id='word_1_210' title='bbox 806 1993 975 2046; x_wconf 88' lang='lat' dir='ltr'>spoliari</span> <span class='ocrx_word' id='word_1_211' title='bbox 997 1993 1160 2044; x_wconf 86' lang='lat' dir='ltr'>nequit;</span> <span class='ocrx_word' id='word_1_212' title='bbox 1191 1992 1251 2031; x_wconf 87' lang='lat' dir='ltr'>sic</span> <span class='ocrx_word' id='word_1_213' title='bbox 1273 1991 1396 2031; x_wconf 86' lang='lat' dir='ltr'>etiam</span> <span class='ocrx_word' id='word_1_214' title='bbox 1427 1990 1620 2030; x_wconf 89' lang='lat' dir='ltr'>Ecclesia</span> <span class='ocrx_word' id='word_1_215' title='bbox 1641 1990 1730 2030; x_wconf 92' lang='lat' dir='ltr'>suis</span> 
     </span>
     <span class='ocr_line' id='line_1_26' title="bbox 169 2056 1728 2112; baseline -0.004 -11"><span class='ocrx_word' id='word_1_216' title='bbox 169 2062 326 2101; x_wconf 91' lang='lat' dir='ltr'>iuribus</span> <span class='ocrx_word' id='word_1_217' title='bbox 357 2068 528 2100; x_wconf 89' lang='lat' dir='ltr'>ornatur</span> <span class='ocrx_word' id='word_1_218' title='bbox 557 2060 860 2107; x_wconf 85' lang='lat' dir='ltr'>essentialibus,</span> <span class='ocrx_word' id='word_1_219' title='bbox 892 2072 998 2112; x_wconf 89' lang='lat' dir='ltr'>quae</span> <span class='ocrx_word' id='word_1_220' title='bbox 1028 2059 1079 2097; x_wconf 91' lang='lat' dir='ltr'>ab</span> <span class='ocrx_word' id='word_1_221' title='bbox 1108 2058 1200 2109; x_wconf 88' lang='lat' dir='ltr'>ipsa</span> <span class='ocrx_word' id='word_1_222' title='bbox 1230 2056 1389 2096; x_wconf 87' lang='lat' dir='ltr'>detrahi</span> <span class='ocrx_word' id='word_1_223' title='bbox 1419 2057 1534 2095; x_wconf 85' lang='lat' dir='ltr'>nulla</span> <span class='ocrx_word' id='word_1_224' title='bbox 1564 2056 1728 2096; x_wconf 87' lang='lat' dir='ltr'>ratione</span> 
     </span>
     <span class='ocr_line' id='line_1_27' title="bbox 164 2121 1738 2180; baseline -0.004 -13"><span class='ocrx_word' id='word_1_225' title='bbox 164 2134 350 2180; x_wconf 82' lang='lat' dir='ltr'>possunt.</span> <span class='ocrx_word' id='word_1_226' title='bbox 382 2129 513 2166; x_wconf 89' lang='lat' dir='ltr'>Immo</span> <span class='ocrx_word' id='word_1_227' title='bbox 532 2159 541 2174; x_wconf 89' lang='lat'>,</span> <span class='ocrx_word' id='word_1_228' title='bbox 567 2125 602 2165; x_wconf 92' lang='lat' dir='ltr'>si</span> <span class='ocrx_word' id='word_1_229' title='bbox 630 2139 698 2165; x_wconf 88' lang='lat' dir='ltr'>res</span> <span class='ocrx_word' id='word_1_230' title='bbox 729 2133 925 2165; x_wconf 85' lang='lat' dir='ltr'>accurate</span> <span class='ocrx_word' id='word_1_231' title='bbox 968 2124 1281 2168; x_wconf 86' lang='lat' dir='ltr'>consideretur,</span> <span class='ocrx_word' id='word_1_232' title='bbox 1323 2135 1415 2161; x_wconf 87' lang='lat' dir='ltr'>cum</span> <span class='ocrx_word' id='word_1_233' title='bbox 1457 2122 1653 2162; x_wconf 86' lang='lat' dir='ltr'>Ecclesia</span> <span class='ocrx_word' id='word_1_234' title='bbox 1683 2121 1738 2161; x_wconf 88' lang='lat' dir='ltr'>sit</span> 
     </span>
     <span class='ocr_line' id='line_1_28' title="bbox 175 2185 1731 2243; baseline -0.004 -14"><span class='ocrx_word' id='word_1_235' title='bbox 175 2191 405 2243; x_wconf 84' lang='lat' dir='ltr'>proprietas</span> <span class='ocrx_word' id='word_1_236' title='bbox 435 2189 602 2237; x_wconf 85' lang='lat' dir='ltr'>Christi,</span> <span class='ocrx_word' id='word_1_237' title='bbox 633 2189 700 2242; x_wconf 91' lang='lat' dir='ltr'>qui</span> <span class='ocrx_word' id='word_1_238' title='bbox 731 2189 915 2229; x_wconf 87' lang='lat' dir='ltr'>eiusdem</span> <span class='ocrx_word' id='word_1_239' title='bbox 948 2195 1072 2240; x_wconf 89' lang='lat' dir='ltr'>caput</span> <span class='ocrx_word' id='word_1_240' title='bbox 1100 2193 1165 2227; x_wconf 85' lang='lat' dir='ltr'>est</span> <span class='ocrx_word' id='word_1_241' title='bbox 1192 2193 1233 2226; x_wconf 89' lang='lat' dir='ltr'>et</span> <span class='ocrx_word' id='word_1_242' title='bbox 1260 2199 1346 2234; x_wconf 73' lang='lat' dir='ltr'>rex,</span> <span class='ocrx_word' id='word_1_243' title='bbox 1381 2185 1540 2225; x_wconf 62' lang='lat' dir='ltr'>vicaria</span> <span class='ocrx_word' id='word_1_244' title='bbox 1571 2191 1731 2224; x_wconf 88' lang='lat' dir='ltr'>tantum</span> 
     </span>
     <span class='ocr_line' id='line_1_29' title="bbox 169 2248 1737 2307; baseline -0.004 -13"><span class='ocrx_word' id='word_1_245' title='bbox 169 2260 372 2307; x_wconf 86' lang='lat' dir='ltr'>potestate</span> <span class='ocrx_word' id='word_1_246' title='bbox 403 2268 428 2293; x_wconf 91' lang='lat' dir='ltr'>a</span> <span class='ocrx_word' id='word_1_247' title='bbox 458 2266 652 2305; x_wconf 87' lang='lat' dir='ltr'>supremo</span> <span class='ocrx_word' id='word_1_248' title='bbox 683 2253 886 2292; x_wconf 88' lang='lat' dir='ltr'>Pontifice</span> <span class='ocrx_word' id='word_1_249' title='bbox 916 2258 1280 2303; x_wconf 87' lang='lat' dir='ltr'>repraesentatus;</span> <span class='ocrx_word' id='word_1_250' title='bbox 1302 2249 1394 2289; x_wconf 88' lang='lat' dir='ltr'>iura</span> <span class='ocrx_word' id='word_1_251' title='bbox 1415 2248 1631 2288; x_wconf 86' lang='lat' dir='ltr'>Ecclesiae</span> <span class='ocrx_word' id='word_1_252' title='bbox 1662 2262 1737 2288; x_wconf 92' lang='lat' dir='ltr'>ea-</span> 
     </span>
     <span class='ocr_line' id='line_1_30' title="bbox 172 2312 1740 2369; baseline -0.004 -12"><span class='ocrx_word' id='word_1_253' title='bbox 172 2319 264 2358; x_wconf 88' lang='lat' dir='ltr'>dem</span> <span class='ocrx_word' id='word_1_254' title='bbox 294 2325 391 2357; x_wconf 90' lang='lat' dir='ltr'>sunt</span> <span class='ocrx_word' id='word_1_255' title='bbox 422 2323 544 2369; x_wconf 86' lang='lat' dir='ltr'>atque</span> <span class='ocrx_word' id='word_1_256' title='bbox 586 2317 678 2355; x_wconf 90' lang='lat' dir='ltr'>iura</span> <span class='ocrx_word' id='word_1_257' title='bbox 711 2316 876 2356; x_wconf 85' lang='lat' dir='ltr'>Christi.</span> <span class='ocrx_word' id='word_1_258' title='bbox 909 2316 1048 2362; x_wconf 76' lang='lat' dir='ltr'>Quare</span> <span class='ocrx_word' id='word_1_259' title='bbox 1077 2328 1161 2354; x_wconf 89' lang='lat' dir='ltr'>non</span> <span class='ocrx_word' id='word_1_260' title='bbox 1189 2314 1323 2353; x_wconf 89' lang='lat' dir='ltr'>solum</span> <span class='ocrx_word' id='word_1_261' title='bbox 1353 2312 1609 2352; x_wconf 80' lang='lat' dir='ltr'>inviolabilia</span> <span class='ocrx_word' id='word_1_262' title='bbox 1639 2319 1740 2352; x_wconf 92' lang='lat' dir='ltr'>sunt</span> 
     </span>
     <span class='ocr_line' id='line_1_31' title="bbox 170 2375 1735 2431; baseline -0.004 -10"><span class='ocrx_word' id='word_1_263' title='bbox 170 2391 210 2421; x_wconf 90' lang='lat' dir='ltr'>et</span> <span class='ocrx_word' id='word_1_264' title='bbox 241 2394 389 2421; x_wconf 88' lang='lat' dir='ltr'>sacra:</span> <span class='ocrx_word' id='word_1_265' title='bbox 421 2393 563 2421; x_wconf 85' lang='lat' dir='ltr'>verum</span> <span class='ocrx_word' id='word_1_266' title='bbox 594 2381 719 2420; x_wconf 86' lang='lat' dir='ltr'>etiam</span> <span class='ocrx_word' id='word_1_267' title='bbox 750 2387 868 2420; x_wconf 86' lang='lat' dir='ltr'>tanta</span> <span class='ocrx_word' id='word_1_268' title='bbox 889 2379 1087 2431; x_wconf 84' lang='lat' dir='ltr'>dignitate</span> <span class='ocrx_word' id='word_1_269' title='bbox 1109 2378 1302 2426; x_wconf 86' lang='lat' dir='ltr'>eminent,</span> <span class='ocrx_word' id='word_1_270' title='bbox 1324 2383 1368 2416; x_wconf 90' lang='lat' dir='ltr'>ut</span> <span class='ocrx_word' id='word_1_271' title='bbox 1397 2376 1545 2416; x_wconf 88' lang='lat' dir='ltr'>merito</span> <span class='ocrx_word' id='word_1_272' title='bbox 1576 2389 1647 2427; x_wconf 89' lang='lat' dir='ltr'>pro</span> <span class='ocrx_word' id='word_1_273' title='bbox 1670 2375 1735 2414; x_wconf 90' lang='lat' dir='ltr'>di-</span> 
     </span>
     <span class='ocr_line' id='line_1_32' title="bbox 167 2440 1736 2498; baseline -0.004 -12"><span class='ocrx_word' id='word_1_274' title='bbox 167 2448 275 2487; x_wconf 72' lang='lat' dir='ltr'>vinis</span> <span class='ocrx_word' id='word_1_275' title='bbox 306 2447 549 2487; x_wconf 85' lang='lat' dir='ltr'>habeantur.</span> <span class='ocrx_word' id='word_1_276' title='bbox 584 2447 692 2486; x_wconf 92' lang='lat' dir='ltr'>Hinc</span> <span class='ocrx_word' id='word_1_277' title='bbox 724 2446 990 2498; x_wconf 89' lang='lat' dir='ltr'>consequitur</span> <span class='ocrx_word' id='word_1_278' title='bbox 1019 2452 1062 2483; x_wconf 88' lang='lat' dir='ltr'>ut</span> <span class='ocrx_word' id='word_1_279' title='bbox 1091 2443 1340 2496; x_wconf 88' lang='lat' dir='ltr'>quibuslibet</span> <span class='ocrx_word' id='word_1_280' title='bbox 1382 2442 1474 2481; x_wconf 90' lang='lat' dir='ltr'>aliis</span> <span class='ocrx_word' id='word_1_281' title='bbox 1503 2440 1663 2481; x_wconf 87' lang='lat' dir='ltr'>iuribus</span> <span class='ocrx_word' id='word_1_282' title='bbox 1693 2441 1736 2480; x_wconf 87' lang='lat' dir='ltr'>in</span> 
     </span>
     <span class='ocr_line' id='line_1_33' title="bbox 171 2507 1737 2564; baseline -0.004 -12"><span class='ocrx_word' id='word_1_283' title='bbox 171 2513 385 2553; x_wconf 88' lang='lat' dir='ltr'>collisione</span> <span class='ocrx_word' id='word_1_284' title='bbox 416 2512 711 2564; x_wconf 82' lang='lat' dir='ltr'>praevaleant,</span> <span class='ocrx_word' id='word_1_285' title='bbox 744 2525 794 2550; x_wconf 87' lang='lat' dir='ltr'>ac</span> <span class='ocrx_word' id='word_1_286' title='bbox 823 2511 931 2550; x_wconf 88' lang='lat' dir='ltr'>laedi</span> <span class='ocrx_word' id='word_1_287' title='bbox 974 2516 1044 2549; x_wconf 89' lang='lat' dir='ltr'>aut</span> <span class='ocrx_word' id='word_1_288' title='bbox 1084 2509 1315 2561; x_wconf 89' lang='lat' dir='ltr'>praepediri</span> <span class='ocrx_word' id='word_1_289' title='bbox 1353 2521 1442 2548; x_wconf 86' lang='lat' dir='ltr'>sme</span> <span class='ocrx_word' id='word_1_290' title='bbox 1473 2507 1737 2547; x_wconf 88' lang='lat' dir='ltr'>atrocissimo</span> 
     </span>
     <span class='ocr_line' id='line_1_34' title="bbox 177 2577 713 2631; baseline -0.006 -12"><span class='ocrx_word' id='word_1_291' title='bbox 177 2579 398 2631; x_wconf 82' lang='lat' dir='ltr'>sacrilegio</span> <span class='ocrx_word' id='word_1_292' title='bbox 429 2592 512 2618; x_wconf 93' lang='lat' dir='ltr'>non</span> <span class='ocrx_word' id='word_1_293' title='bbox 543 2577 713 2629; x_wconf 90' lang='lat' dir='ltr'>possint.</span> 
     </span>
    </p>

    <p class='ocr_par' dir='ltr' id='par_1_7' title="bbox 172 2638 1742 2955">
     <span class='ocr_line' id='line_1_35' title="bbox 232 2638 1742 2689; baseline -0.005 -5"><span class='ocrx_word' id='word_1_294' title='bbox 232 2646 336 2685; x_wconf 89' lang='lat' dir='ltr'>Cum</span> <span class='ocrx_word' id='word_1_295' title='bbox 367 2657 450 2684; x_wconf 88' lang='lat' dir='ltr'>non</span> <span class='ocrx_word' id='word_1_296' title='bbox 479 2644 544 2683; x_wconf 91' lang='lat' dir='ltr'>ius</span> <span class='ocrx_word' id='word_1_297' title='bbox 575 2643 837 2689; x_wconf 86' lang='lat' dir='ltr'>canonicum,</span> <span class='ocrx_word' id='word_1_298' title='bbox 868 2642 942 2682; x_wconf 88' lang='lat' dir='ltr'>sed</span> <span class='ocrx_word' id='word_1_299' title='bbox 957 2642 1022 2681; x_wconf 91' lang='lat' dir='ltr'>ius</span> <span class='ocrx_word' id='word_1_300' title='bbox 1042 2641 1232 2680; x_wconf 87' lang='lat' dir='ltr'>naturale</span> <span class='ocrx_word' id='word_1_301' title='bbox 1254 2646 1494 2687; x_wconf 88' lang='lat' dir='ltr'>tractemus,</span> <span class='ocrx_word' id='word_1_302' title='bbox 1524 2647 1563 2679; x_wconf 89' lang='lat' dir='ltr'>et</span> <span class='ocrx_word' id='word_1_303' title='bbox 1594 2639 1642 2677; x_wconf 88' lang='lat' dir='ltr'>de</span> <span class='ocrx_word' id='word_1_304' title='bbox 1663 2638 1742 2677; x_wconf 86' lang='lat' dir='ltr'>Ec-</span> 
     </span>
     <span class='ocr_line' id='line_1_36' title="bbox 177 2703 1739 2761; baseline -0.005 -12"><span class='ocrx_word' id='word_1_305' title='bbox 177 2710 305 2750; x_wconf 89' lang='lat' dir='ltr'>clesia</span> <span class='ocrx_word' id='word_1_306' title='bbox 334 2723 416 2749; x_wconf 89' lang='lat' dir='ltr'>non</span> <span class='ocrx_word' id='word_1_307' title='bbox 449 2723 500 2749; x_wconf 79' lang='lat' dir='ltr'>ex</span> <span class='ocrx_word' id='word_1_308' title='bbox 529 2708 730 2760; x_wconf 87' lang='lat' dir='ltr'>professo,</span> <span class='ocrx_word' id='word_1_309' title='bbox 759 2715 880 2761; x_wconf 91' lang='lat' dir='ltr'>prout</span> <span class='ocrx_word' id='word_1_310' title='bbox 909 2707 1084 2747; x_wconf 87' lang='lat' dir='ltr'>materia</span> <span class='ocrx_word' id='word_1_311' title='bbox 1112 2706 1366 2759; x_wconf 88' lang='lat' dir='ltr'>requireret,</span> <span class='ocrx_word' id='word_1_312' title='bbox 1395 2706 1471 2746; x_wconf 87' lang='lat' dir='ltr'>sed</span> <span class='ocrx_word' id='word_1_313' title='bbox 1499 2703 1739 2744; x_wconf 90' lang='lat' dir='ltr'>summatim</span> 
     </span>
     <span class='ocr_line' id='line_1_37' title="bbox 172 2770 1736 2826; baseline -0.004 -13"><span class='ocrx_word' id='word_1_314' title='bbox 172 2774 444 2822; x_wconf 84' lang='lat' dir='ltr'>disseramus,</span> <span class='ocrx_word' id='word_1_315' title='bbox 475 2780 674 2826; x_wconf 90' lang='lat' dir='ltr'>quantum</span> <span class='ocrx_word' id='word_1_316' title='bbox 704 2787 852 2826; x_wconf 90' lang='lat' dir='ltr'>nempe</span> <span class='ocrx_word' id='word_1_317' title='bbox 881 2773 1090 2825; x_wconf 86' lang='lat' dir='ltr'>generalis</span> <span class='ocrx_word' id='word_1_318' title='bbox 1120 2772 1258 2825; x_wconf 86' lang='lat' dir='ltr'>aliqua</span> <span class='ocrx_word' id='word_1_319' title='bbox 1287 2771 1401 2812; x_wconf 90' lang='lat' dir='ltr'>notio</span> <span class='ocrx_word' id='word_1_320' title='bbox 1441 2770 1621 2824; x_wconf 87' lang='lat' dir='ltr'>patitur;</span> <span class='ocrx_word' id='word_1_321' title='bbox 1652 2782 1736 2808; x_wconf 90' lang='lat' dir='ltr'>non</span> 
     </span>
     <span class='ocr_line' id='line_1_38' title="bbox 175 2836 1742 2889; baseline -0.001 -13"><span class='ocrx_word' id='word_1_322' title='bbox 175 2838 316 2877; x_wconf 89' lang='lat' dir='ltr'>omnia</span> <span class='ocrx_word' id='word_1_323' title='bbox 346 2839 564 2878; x_wconf 87' lang='lat' dir='ltr'>Ecclesiae</span> <span class='ocrx_word' id='word_1_324' title='bbox 594 2839 694 2886; x_wconf 88' lang='lat' dir='ltr'>iura,</span> <span class='ocrx_word' id='word_1_325' title='bbox 724 2838 796 2878; x_wconf 91' lang='lat' dir='ltr'>sed</span> <span class='ocrx_word' id='word_1_326' title='bbox 828 2844 989 2889; x_wconf 78' lang='lat' dir='ltr'>potiora</span> <span class='ocrx_word' id='word_1_327' title='bbox 1017 2843 1176 2876; x_wconf 88' lang='lat' dir='ltr'>tantum</span> <span class='ocrx_word' id='word_1_328' title='bbox 1199 2843 1238 2876; x_wconf 86' lang='lat' dir='ltr'>et</span> <span class='ocrx_word' id='word_1_329' title='bbox 1261 2836 1422 2889; x_wconf 90' lang='lat' dir='ltr'>quidem</span> <span class='ocrx_word' id='word_1_330' title='bbox 1452 2848 1536 2874; x_wconf 88' lang='lat' dir='ltr'>non</span> <span class='ocrx_word' id='word_1_331' title='bbox 1565 2839 1650 2873; x_wconf 84' lang='lat' dir='ltr'>tam</span> <span class='ocrx_word' id='word_1_332' title='bbox 1673 2847 1742 2874; x_wconf 82' lang='lat' dir='ltr'>ex-</span> 
     </span>
     <span class='ocr_line' id='line_1_39' title="bbox 173 2900 1457 2955; baseline -0.002 -15"><span class='ocrx_word' id='word_1_333' title='bbox 173 2901 396 2953; x_wconf 88' lang='lat' dir='ltr'>plicatione</span> <span class='ocrx_word' id='word_1_334' title='bbox 427 2917 550 2955; x_wconf 89' lang='lat' dir='ltr'>quam</span> <span class='ocrx_word' id='word_1_335' title='bbox 578 2902 717 2954; x_wconf 89' lang='lat' dir='ltr'>potius</span> <span class='ocrx_word' id='word_1_336' title='bbox 747 2915 862 2943; x_wconf 91' lang='lat' dir='ltr'>mera</span> <span class='ocrx_word' id='word_1_337' title='bbox 890 2900 1143 2941; x_wconf 89' lang='lat' dir='ltr'>indicatione</span> <span class='ocrx_word' id='word_1_338' title='bbox 1173 2900 1457 2941; x_wconf 86' lang='lat' dir='ltr'>delibabimus.</span> 
     </span>
    </p>
   </div>
  </div>
 </body>
</html>
