1970 3203
203 213 340 240 CAPUT
359 211 396 237 II.
419 211 471 237 DE
487 208 753 236 OPERATIONE
774 209 954 235 HUMANA
971 209 1112 235 PROUT
1133 208 1376 234 ORDINATUR
1397 210 1436 235 IN
1458 208 1586 235 FINEM
1642 196 1693 236 79

129 288 281 328 habeat
310 286 352 325 in
381 285 578 324 facultate
608 284 871 324 intellectiva.
904 284 1182 324 Nihilominus
1208 297 1304 323 cum
1340 283 1537 335 respiciat
1566 284 1693 324 recti-

129 353 310 392 tudinem
340 349 655 403 impertiendam
685 349 847 389 actibus
869 350 1095 389 moralibus
1125 356 1164 389 et
1194 358 1400 402 supponat
1431 351 1688 390 voluntatem

127 419 232 458 bene
261 417 495 457 ordinatam
517 415 632 455 circa
651 416 788 463 finem,
809 414 1028 466 participat
1051 415 1255 455 rationem
1272 415 1395 455 etiam
1420 415 1580 455 virtutis
1598 429 1691 455 mo-

126 484 238 522 ralis.
275 498 294 521 c<
322 483 385 522 Ad
414 481 687 534 prudentiam,
718 480 773 519 ait
805 481 844 519 S.
873 481 1067 528 Thomas,
1099 481 1273 532 pertinet
1302 480 1523 533 applicatio
1554 489 1694 521 rectae

126 545 299 586 rationis
328 545 380 584 ad
401 558 518 596 opus;
549 545 657 596 quod
677 557 760 583 non
782 544 828 583 fit
853 543 943 583 sine
964 544 1149 595 appetitu
1170 552 1296 584 recto.
1324 546 1374 584 Et
1395 545 1487 584 ideo
1510 546 1695 596 pruden-

127 611 184 651 tia
211 624 296 650 non
326 611 460 650 solum
481 610 606 649 habet
626 609 830 649 rationem
861 609 1030 656 virtutis,
1062 622 1185 661 quam
1216 609 1373 651 habent
1396 612 1502 651 aliae
1524 612 1698 652 virtutes

126 674 439 723 intellectuales;
461 673 534 713 sed
555 673 679 712 etiam
699 672 826 712 habet
842 672 1045 712 rationem
1069 673 1242 720 virtutis,
1260 688 1383 726 quam
1410 674 1567 715 habent
1588 675 1696 715 aliae

128 741 300 780 virtutes
330 740 524 786 morales,
554 739 703 791 quibus
732 738 856 778 etiam
887 745 1213 777 connumeratur
1243 741 1318 790 (1).
1344 755 1362 776 >›

180 806 241 846 83.
275 806 374 854 Quid
402 806 582 846 Iustitia.
615 804 777 845 Iustitia
797 803 1031 843 immediate
1052 804 1182 843 afficit
1204 807 1471 853 voluntatem,
1505 814 1545 847 et
1575 821 1600 846 a
1624 808 1695 846 Iu-

128 869 331 921 risperitis
353 868 558 909 definitur:
583 869 800 920 Perpetua.
821 872 861 906 et
880 871 1078 906 constans
1101 868 1297 909 voluntas
1320 869 1385 908 ias
1405 882 1529 907 sutem
1552 869 1703 921 cuique

130 935 358 975 tribuendi.
390 937 482 975 Hoc
504 948 629 974 sensu
659 933 862 986 accipitur
883 942 925 972 ut
945 933 1139 984 specialis
1159 935 1364 985 quaedam
1396 934 1537 983 virtus,
1567 936 1700 975 ratio-

129 1002 267 1041 nalem
298 1000 526 1053 appetitum
546 1000 754 1039 inclinans
775 999 828 1038 ad
849 999 1102 1051 praestanda
1129 1013 1191 1047 ea,
1222 1013 1328 1052 quae
1358 1000 1462 1040 ratio
1484 1001 1697 1052 praescri—

128 1067 186 1107 bit
215 1074 426 1119 tamquam
446 1066 564 1106 alteri
586 1065 734 1105 debita.
757 1067 862 1105 Nam
885 1064 919 1103 si
949 1065 1072 1105 latius
1100 1065 1206 1104 sumi
1236 1067 1357 1105 vellet
1379 1079 1452 1118 pro
1484 1066 1696 1106 constanti

128 1132 344 1170 voluntate
375 1129 527 1182 agendi
555 1129 673 1168 iuxta
703 1129 902 1175 ordinem,
932 1141 958 1167 a
986 1136 1103 1168 recta
1138 1129 1300 1169 ratione
1334 1130 1603 1181 propositum,
1636 1144 1702 1182 ge-

128 1194 315 1234 neralem
344 1193 553 1246 quandam
575 1193 784 1232 notionem
812 1191 974 1231 virtutis
995 1193 1174 1240 offerret,
1206 1193 1281 1232 sub
1303 1207 1385 1245 qua
1405 1193 1587 1245 reliquae
1612 1194 1699 1232 vir-

129 1263 239 1296 tutes
269 1257 462 1305 morales,
494 1265 703 1308 tamquam
733 1255 897 1307 species
927 1256 1003 1295 sub
1033 1269 1188 1307 genere
1217 1258 1540 1297 continerentur.

181 1320 275 1359 Alio
306 1320 429 1361 etiam
452 1333 581 1359 sensu
601 1320 744 1359 haberi
774 1320 879 1358 solet
900 1326 943 1358 ut
974 1319 1104 1359 virtus
1123 1321 1347 1372 generalis,
1372 1328 1576 1374 quatenus
1598 1335 1695 1370 non,

131 1391 174 1424 ut
203 1398 337 1437 genus
367 1385 542 1438 species,
572 1385 679 1425 alias
710 1385 879 1424 virtutes
901 1386 1213 1437 complectatur,
1244 1387 1318 1426 sed
1339 1387 1391 1426 ab
1421 1387 1471 1427 iis
1501 1387 1699 1427 distincta

132 1463 321 1499 manem,
353 1465 495 1491 earum
516 1457 636 1490 actus
665 1451 718 1489 ad
739 1450 891 1489 bonum
922 1463 1144 1490 commune
1174 1452 1344 1492 ordinet.
1369 1454 1505 1499 Quam
1526 1466 1614 1492 rem
1635 1453 1697 1492 sic

135 1516 315 1567 explicat
351 1517 392 1555 S.
413 1517 611 1556 Thomas:
644 1532 663 1553 «
687 1514 860 1561 Iustitia,
883 1514 992 1554 sicut
1013 1516 1165 1555 dictum
1195 1524 1269 1565 est,
1292 1518 1457 1557 ordinat
1483 1518 1695 1558 hominem

133 1581 174 1619 in
199 1582 511 1633 comparatione
533 1582 585 1620 ad
605 1582 742 1621 alium:
766 1580 874 1632 quod
894 1580 1060 1631 quidem
1079 1587 1212 1633 potest
1233 1595 1327 1622 esse
1352 1583 1581 1635 dupliciter.
1606 1585 1699 1623 Uno

134 1644 270 1692 modo,
302 1644 354 1683 ad
383 1645 509 1684 alium
538 1644 804 1697 singulariter
842 1643 1175 1694 consideratum;
1207 1646 1288 1685 alio
1322 1646 1457 1694 modo,
1490 1648 1542 1686 ad
1572 1647 1698 1685 alium

130 1708 173 1747 in
205 1708 426 1757 communi,
458 1710 687 1749 secundum
718 1710 876 1752 scilicet
912 1709 1021 1762 quod
1050 1709 1128 1757 ille,
1166 1709 1233 1761 qui
1266 1709 1395 1748 servit
1425 1709 1549 1748 alicui
1580 1723 1699 1748 com-

132 1773 335 1822 munitati,
369 1775 496 1813 servit
515 1775 707 1815 omnibus
727 1776 963 1816 hominibus
987 1775 1053 1827 qui
1082 1774 1157 1814 sub
1188 1775 1484 1814 communitate
1513 1776 1583 1814 illa
1605 1789 1698 1815 con-

130 1840 323 1879 tinentur.
347 1840 411 1878 Ad
440 1845 656 1893 utrumque
673 1854 773 1893 ergo
791 1855 834 1881 se
851 1848 987 1894 potest
1006 1840 1161 1880 habere
1181 1840 1337 1880 iustitia
1358 1841 1587 1880 secundum
1610 1855 1701 1893 pro-

131 1905 264 1956 priam
294 1904 511 1945 rationem.
543 1906 813 1946 Manifestum
835 1918 899 1946 est
917 1913 1055 1946 autem
1085 1905 1193 1957 quod
1223 1902 1367 1944 omnes
1393 1906 1461 1958 qui
1490 1906 1565 1945 sub
1589 1919 1701 1946 com-

133 1971 337 2011 munitate
367 1970 505 2022 aliqua
535 1971 808 2020 continentur,
827 1978 1123 2024 comparantur
1144 1971 1196 2009 ad
1216 1971 1555 2011 communitatem
1587 1972 1695 2012 sicut

135 2042 278 2087 partes
309 2035 362 2074 ad
391 2042 533 2075 totum.
554 2037 660 2077 Pars
682 2044 818 2077 autem
848 2038 888 2076 id
917 2037 1026 2090 quod
1055 2045 1129 2084 est,
1152 2036 1277 2075 totius
1299 2042 1372 2084 est;
1404 2037 1512 2076 unde
1544 2044 1582 2076 et
1603 2051 1698 2090 quo-

138 2101 238 2141 libet
267 2101 419 2141 bonum
440 2102 571 2154 partis
601 2110 664 2142 est
693 2103 919 2143 ordinabile
943 2104 985 2142 in
1016 2103 1167 2142 bonum
1191 2101 1327 2140 totius.
1360 2103 1601 2142 Secundum
1622 2103 1702 2142 hoc

137 2177 238 2217 ergo
270 2165 419 2204 bonum
449 2164 668 2206 cuiuslibet
698 2167 858 2206 virtutis
888 2167 977 2206 sive
1007 2165 1237 2205 ordinantis
1279 2165 1457 2217 aliquem
1488 2165 1700 2206 hominem

136 2231 189 2269 ad
219 2231 414 2283 seipsum,
445 2232 533 2271 sive
563 2232 794 2272 ordinantis
822 2232 958 2284 ipsum
988 2232 1040 2271 ad
1072 2231 1233 2283 aliquas
1259 2230 1365 2270 alias
1396 2244 1600 2282 personas
1623 2232 1704 2271 sin-

139 2294 323 2345 gulares,
354 2300 415 2335 est
444 2294 650 2335 reseribile
679 2296 732 2334 ad
753 2296 904 2335 bonum
935 2307 1167 2342 commune,
1199 2294 1251 2332 ad
1282 2295 1390 2346 quod
1412 2295 1628 2334 ordinatur
1648 2295 1705 2333 iu-

136 2355 261 2395 stitia.
295 2357 345 2395 Et
374 2358 602 2397 secundum
632 2360 712 2398 hoc
733 2366 851 2398 actus
882 2358 1066 2398 omnium
1090 2358 1285 2396 virtutum
1310 2368 1482 2409 possunt
1511 2359 1564 2398 ad
1593 2358 1706 2399 iusti-

134 2418 235 2457 tiam
265 2419 482 2470 pertinere,
505 2422 732 2461 secundum
753 2422 861 2473 quod
881 2421 1074 2460 ordinant
1102 2420 1310 2460 hominem
1333 2423 1385 2460 ad
1416 2421 1568 2461 bonum
1590 2436 1698 2463 com-

136 2497 274 2524 mune:
297 2491 335 2524 et
365 2492 563 2537 quantum
593 2487 646 2525 ad
666 2487 746 2526 hoc
770 2486 928 2526 iustitia
957 2486 1104 2525 dicitur
1126 2485 1254 2525 virtus
1283 2486 1506 2537 generalis.
1531 2488 1583 2527 Et
1603 2487 1700 2540 quia

139 2550 192 2588 ad
221 2550 356 2602 legem
384 2551 562 2603 pertinet
585 2551 775 2591 ordinare
794 2552 837 2590 in
864 2552 1017 2591 bonum
1040 2564 1271 2599 commune,
1293 2558 1336 2591 ut
1364 2565 1490 2603 supra
1510 2553 1698 2592 habitum

140 2622 216 2666 est,
248 2617 347 2657 hinc
377 2619 567 2670 estquod
595 2618 690 2657 talis
719 2618 884 2665 iustitia,
911 2616 1122 2668 praedicto
1152 2617 1274 2656 modo
1305 2618 1528 2669 generalis,
1552 2619 1702 2658 dicitur

141 2681 296 2722 iustitia
324 2683 482 2735 legalis,
514 2683 610 2735 quia
638 2683 699 2723 sic
730 2696 802 2734 per
831 2696 923 2722 eam
954 2683 1078 2721 homo
1108 2682 1336 2722 concordat
1371 2683 1465 2735 legi,
1497 2684 1704 2724 ordinanti

143 2753 263 2787 actus
291 2749 474 2788 omnium
504 2750 699 2789 virtutum
730 2749 771 2788 in
801 2749 954 2788 bonum
984 2760 1203 2787 commune
1224 2748 1299 2799 (2).
1323 2763 1342 2785 »

190 2852 240 2891 (1)
266 2853 419 2886 Summa
443 2855 489 2887 τΙι.
514 2855 554 2887 1.·
578 2857 605 2888 2.
632 2865 663 2895 q.
688 2855 827 2892 XLVII,
855 2865 875 2887 a
897 2855 923 2885 4.

161 2952 163 2955 .
191 2902 239 2947 (2)
265 2903 347 2937 Ibid.
372 2907 402 2938 2·
428 2908 455 2940 2.
479 2917 509 2948 q.
536 2909 656 2945 LVIII,
679 2919 709 2940 a.
733 2910 760 2940 5.
