1970 3203
622 207 767 235 cAPUT
797 207 835 233 11.
866 207 919 234 DE
950 206 1183 234 somETATE
1216 205 1335 232 Clvle
1656 190 1747 230 229·
1781 193 1784 195 ’

169 291 332 337 videre,
362 299 440 327 nec
469 298 548 324 sua
576 284 668 323 iura
696 283 800 323 satis
827 283 957 332 tueri,
987 296 1066 324 nec
1096 283 1271 323 aliorum
1301 280 1485 322 subsidio
1530 279 1731 320 stabiliter

168 356 224 395 uti
253 359 405 407 posset,
436 351 489 392 ad
519 363 564 391 se
597 355 721 402 atque
751 350 856 389 alios
884 348 1173 402 perficiendos.

217 420 290 461 40.>
311 421 566 459 PRopos1T1o
594 415 651 455 2³.
682 415 866 454 Factam
888 415 1089 454 naturale
1110 413 1484 467 etprimiyeniurm
1508 425 1534 452 a
1554 425 1637 464 qao
1659 423 1731 451 so-

164 487 294 526 cietas
323 484 459 525 civilis
491 485 535 523 in
563 484 756 522 concreto
777 482 987 533 orc'yz'nem
1015 479 1142 528 ducit,
1176 483 1235 519 est
1255 480 1346 533 ipsa
1364 478 1650 531 familiarum
1680 491 1728 517 ex

161 551 303 592 eodem
332 550 473 602 stipite
499 547 770 602 propagatio.

215 614 337 654 Prob.
370 615 463 653 Non
484 624 701 664 negamus,
719 623 905 658 causam,
927 622 1032 662 quae
1054 609 1245 661 politicae
1265 606 1566 648 consociationi
1588 612 1728 646 actum

161 678 368 730 impertiit,
397 675 629 729 generatim
650 687 744 714 esse
774 674 958 726 potuisse
987 672 1162 725 quodvis
1192 672 1361 719 factum,
1394 685 1447 711 ex
1475 684 1554 724 quo
1585 675 1730 710 mutua

163 741 380 782 hominum
401 746 441 780 et
461 740 709 780 familiarum
729 737 821 777 iura
851 742 890 776 et
910 736 1050 777 officia
1063 735 1123 776 ita
1140 736 1380 788 ligarentur,
1396 739 1441 773 ut
1462 733 1729 774 stabilitatem

163 821 214 848 ac
235 820 378 847 veram
398 806 598 845 unitatem
618 804 850 850 induerent,
871 802 924 841 ad
944 814 1166 841 commune
1185 801 1340 840 bonum
1362 799 1536 851 pacifice
1558 804 1596 838 et
1617 798 1733 837 ordi-

165 879 264 914 nate
284 871 624 925 comparandum.
655 868 868 909 Eiusmodi
897 867 1063 915 factum,
1094 880 1168 919 pro
1207 866 1409 905 varietate
1439 877 1726 917 personarum,

166 938 353 976 locorum
384 948 434 974 ac
455 940 698 986 temporum,
720 932 935 984 multiplex
956 944 1050 970 esse
1070 929 1212 981 potuit.
1233 928 1398 969 Alicubi
1419 927 1528 968 enim
1551 927 1731 967 sortasse

165 1001 239 1041 fuit
269 1013 503 1041 consensus
532 999 708 1052 plurium
730 997 992 1044 familiarum,
1020 996 1126 1036 inter
1155 1009 1201 1035 se
1235 995 1482 1048 aequalium,
1522 1006 1628 1046 quae
1660 993 1730 1032 vel

164 1080 305 1108 amore
323 1080 368 1107 se
388 1065 529 1106 tuendi
549 1070 696 1105 contra
714 1076 937 1115 pravorum
960 1062 1150 1114 impetus,
1172 1063 1238 1101 vel
1260 1060 1464 1101 desiderio
1494 1058 1730 1099 communis

166 1131 340 1172 subsidii
361 1131 563 1171 stabiliter
584 1128 806 1175 obtinendi,
829 1128 894 1167 vel
914 1127 997 1167 alia
1017 1127 1164 1179 quavis
1188 1127 1237 1166 de
1258 1139 1389 1166 causa
1409 1126 1451 1164 in
1472 1124 1730 1165 consortium

166 1198 277 1237 vitae
307 1196 442 1236 civilis
463 1195 661 1248 paulatim
682 1206 927 1234 convenere.
949 1192 1059 1231 Alibi
1090 1192 1187 1232 oriri
1205 1192 1332 1244 potuit
1361 1205 1414 1231 ex
1442 1190 1641 1231 violentia
1661 1204 1728 1242 po-

162 1263 292 1304 tentis
322 1263 551 1309 cuiusdam,
581 1260 649 1313 qui
678 1260 766 1299 iure
786 1260 852 1299 vel
868 1257 1018 1298 iniuria
1038 1257 1201 1297 vicinos
1217 1256 1392 1309 subegit,
1414 1262 1537 1309 atque
1558 1256 1611 1295 ad
1632 1269 1732 1295 con-

164 1328 321 1368 victum
333 1341 428 1367 cum
450 1327 537 1366 suis
553 1326 631 1366 sub
649 1325 814 1377 propria
830 1323 983 1363 ditione
999 1322 1235 1363 adstrinxit.
1253 1322 1362 1361 Oriri
1380 1322 1504 1362 etiam
1526 1321 1657 1373 potuit
1680 1334 1733 1360 ex

165 1393 347 1432 adventu
357 1390 708 1443 peregrinantium
719 1397 789 1428 aut
799 1390 1040 1428 colonorum
1052 1387 1411 1440 quorumdam‚qui
1422 1387 1464 1426 in
1478 1386 1731 1426 territorium

166 1456 558 1510 praeexsistentium
579 1456 809 1494 incolarum
829 1453 986 1505 recepti
1025 1459 1145 1501 sunt3
1180 1453 1245 1492 vel
1276 1452 1368 1492 aliis
1403 1453 1732 1505 quibuscumque

170 1520 343 1568 eventis,
360 1533 465 1572 quae
481 1519 588 1558 inter
605 1530 808 1570 personas
824 1517 888 1557 vel
905 1516 1083 1555 familias
1104 1517 1217 1556 fixae
1237 1516 1427 1556 societati
1445 1516 1730 1556 efformandae

166 1586 433 1626 occasionem
450 1585 696 1624 obtulerunt.
709 1583 863 1623 Verum
874 1583 980 1622 haec
993 1581 1158 1622 fortuita
1168 1588 1264 1621 sunt
1281 1588 1320 1622 et
1332 1582 1557 1630 mutabilia,
1576 1595 1735 1622 eorum-

165 1662 244 1702 que
276 1648 501 1700 peculiaris
530 1646 756 1699 indagatiO,
778 1659 852 1697 pro
872 1645 1132 1697 singularum
1152 1646 1553 1697 rerumpublicarum
1575 1645 1731 1684 nativi-

166 1718 249 1752 tate
281 1711 569 1758 describenda,
597 1723 681 1750 non
710 1710 763 1748 ad
792 1708 1097 1761 philosophiam
1128 1710 1202 1749 sed
1228 1710 1285 1748 'ad
1304 1709 1522 1749 historiam
1539 1709 1731 1761 pertinet.

218 1776 298 1816 Hic
328 1776 484 1816 factum
500 1775 752 1828 quaerimus,
782 1774 890 1827 quod
920 1787 992 1826 per
1021 1787 1066 1813 se
1088 1780 1128 1813 et
1148 1774 1389 1814 necessario
1421 1787 1446 1813 a
1476 1779 1626 1813 natura
1648 1774 1735 1825 pul-

162 1841 273 1888 lulet,
304 1844 498 1891 respectu
519 1839 698 1879 civitatis
713 1838 1016 1890 producendae,
1046 1839 1235 1890 quodque
1256 1845 1420 1878 ceterae
1442 1851 1597 1878 causae
1627 1838 1727 1877 sub-

164 1904 335 1944 audiant
363 1917 427 1952 ac,
459 1910 581 1955 prout
610 1908 796 1955 possunt,
826 1902 1048 1943 imitentur.
1089 1903 1181 1941 Hoc
1210 1901 1366 1941 factum
1405 1901 1514 1940 aliud
1544 1914 1627 1940 non
1657 1907 1732 1949 est,

166 1968 249 2007 nisi
279 1967 529 2007 familiarum
557 1966 812 2018 propagatio,
843 1979 973 2018 quae,
1005 1979 1057 2005 ex
1085 1965 1216 2017 primo
1246 1965 1382 2017 stipite
1412 1971 1527 2005 ortae
1545 1997 1553 2012 ,
1584 1965 1723 2017 priora

165 2032 332 2072 vincula
360 2033 650 2083 quadantenus
678 2030 923 2070 retinuerint
950 2031 1003 2069 ad
1032 2029 1308 2069 conferendas
1328 2036 1470 2068 mutuo
1499 2028 1620 2077 vires,
1653 2041 1726 2080 pro

163 2095 374 2136 communi
403 2094 600 2135 felicitate
631 2093 935 2146 consequenda.
967 2094 1018 2132 Et
1048 2106 1151 2133 sane
1181 2092 1337 2132 familia
1365 2093 1424 2134 ita
1453 2098 1516 2133 est
1546 2092 1728 2132 societas

163 2162 300 2214 quoad
330 2161 597 2201 domesticum
628 2173 802 2212 gyrum,
834 2166 878 2199 ut
916 2165 1056 2199 tamen
1093 2165 1285 2211 respectu
1329 2159 1510 2200 hominis
1540 2160 1729 2200 absolute

165 2228 408 2279 imperfecta
435 2227 488 2267 sit
517 2233 554 2266 et
585 2227 638 2266 ad
665 2227 785 2278 plene
816 2225 1156 2265 satisfaciendum
1177 2225 1371 2265 humanis
1387 2225 1628 2277 indigentiis
1648 2225 1730 2264 mi-

165 2291 274 2329 nime
304 2290 530 2330 sufficiens.
560 2291 616 2330 At
643 2289 928 2342 imperfectum
958 2303 1041 2329 non
1062 2288 1218 2329 idcirco
1240 2304 1266 2330 a
1284 2295 1434 2329 natura
1463 2288 1724 2341 progignitur

164 2363 207 2397 ut
236 2357 318 2396 tale
348 2362 613 2407 permaneat;
644 2357 717 2396 sed
747 2362 793 2395 ut
819 2356 861 2395 in
890 2355 1118 2408 perfectum
1148 2355 1353 2408 gradatim
1384 2361 1574 2394 mutetur.
1605 2356 1730 2408 Ergo,

164 2421 282 2460 iuxta
310 2425 485 2459 naturae
515 2420 701 2459 ordinem
723 2426 763 2459 et
791 2420 958 2459 insitam
978 2426 1154 2459 naturae
1177 2419 1272 2467 vim,
1295 2418 1451 2457 familia
1470 2420 1553 2458 huc
1582 2419 1724 2468 tendit,

162 2494 207 2526 ut
234 2484 278 2524 in
308 2484 551 2524 societatem
580 2484 808 2536 perfectam
837 2490 1115 2530 convertatur,
1146 2495 1252 2534 quae
1290 2482 1447 2522 homini
1474 2482 1656 2522 iuvando
1686 2489 1726 2523 et

163 2548 417 2602 perficiendo
448 2548 567 2599 plene
598 2553 801 2600 suppetat.
832 2549 950 2587 Haec
979 2552 1118 2586 autem
1149 2553 1212 2586 est
1233 2546 1393 2593 civitas,
1422 2547 1487 2587 vel
1517 2547 1728 2600 politicum

163 2627 330 2665 corpus,
361 2614 468 2667 quod
497 2612 664 2653 nonnisi
694 2625 747 2652 ex
776 2611 958 2663 perfecto
987 2611 1202 2650 hominum
1224 2610 1434 2650 consortio
1464 2610 1663 2662 exsurgit,
1683 2610 1726 2647 in

165 2690 385 2716 commune
414 2677 567 2716 bonurn
599 2674 936 2727 conspirantium.
966 2674 1032 2713 Ad
1061 2687 1150 2713 rem
1172 2674 1350 2714 Tullius:
1384 2676 1531 2715 «Cum
1561 2676 1641 2713 hoc
1679 2672 1732 2712 sit

163 2745 315 2778 natura
332 2752 553 2779 commune
570 2738 754 2778 omnium
773 2737 1058 2784 animantium,
1072 2743 1115 2776 ut
1129 2737 1313 2777 habeant
1329 2738 1538 2778 libidinem
1555 2750 1726 2789 procre-

168 2804 277 2852 andi,
297 2805 431 2856 prima
449 2804 632 2844 societas
651 2804 693 2843 in
714 2803 803 2857 ipso
826 2803 1019 2856 coniugio
1041 2811 1116 2850 est,
1132 2803 1324 2855 proxima
1338 2804 1381 2843 in
1396 2803 1536 2844 liberis
1554 2817 1563 2852 ;
1586 2802 1732 2843 deinde

169 2879 254 2906 una
282 2867 440 2915 domus,
474 2867 712 2907 communia
730 2867 883 2907 omnia.
914 2867 1014 2907 Inde
1031 2874 1170 2907 autem
1192 2873 1255 2907 est
1282 2867 1529 2920 principium
1559 2866 1673 2906 urbis
1694 2870 1737 2905 et
