1970 3203
173 223 252 261 2⁶20
548 238 612 264 ius
640 238 843 265 NATURAE
865 249 885 253 —
908 238 1014 265 PARS
1043 239 1080 264 11.
1111 239 1176 265 nis
1207 239 1378 266 SOClALE
1418 242 1419 245 ¹

174 313 296 364 nique
327 311 397 351 illa
426 318 614 364 potestas
658 320 824 365 praeest
864 314 988 354 etiam
1018 313 1208 367 religioni
1236 319 1276 354 et
1308 314 1638 368 interpretationi
1669 316 1747 356 do—

173 377 332 416 ctrinae
362 378 586 425 revelatae,
617 377 714 417 licet
743 379 796 417 ad
826 378 866 417 id
892 379 1188 431 praestandum
1230 378 1484 421 adminiculo
1515 380 1752 433 Episcopo-

173 456 262 480 rum
293 441 458 483 iuvetur
491 444 564 494 (1).

223 509 285 546 33.
318 509 509 560 Systema
540 510 773 551 Rousseau.
806 511 860 551 Ut
884 511 1054 551 Hobbes
1076 511 1116 550 in
1139 518 1280 552 mutuo
1301 512 1421 560 bello,
1444 512 1504 552 sic
1527 513 1750 553 Rousseau

171 578 325 612 statum
343 576 576 614 naturalem
593 576 772 616 hominis
787 577 829 616 in
846 577 932 616 vita
952 577 1146 629 solivaga
1167 584 1205 617 et
1222 577 1415 626 silvestri,
1433 584 1555 630 atque
1572 579 1627 619 ad
1643 591 1749 619 con-

172 637 368 677 ditionem
390 638 622 679 belluarum
643 642 827 681 maxime
848 642 1076 682 accedente
1101 643 1297 694 reposuit.
1334 643 1404 683 Ait
1425 643 1533 683 enim
1555 643 1748 684 homines

173 701 214 738 in
235 701 449 753 primaeva
469 704 642 756 origine,
664 706 741 745 etsi
763 705 1089 757 perfectioribus,
1111 720 1235 759 quam
1258 714 1400 748 cetera
1426 707 1654 748 animantia
1677 722 1752 748 or-

173 766 296 818 ganis
308 767 625 818 instruerentur;
636 770 717 810 illis
730 779 869 810 tamen
886 771 1009 824 longe
1024 771 1316 812 imbecilliores
1329 772 1555 813 exstitisse.
1567 775 1622 813 At
1637 774 1751 814 victu

173 843 368 883 asperam
391 833 517 871 vitam
540 834 753 882 ducentes,
776 835 867 875 sine
888 836 1010 875 tectis
1031 843 1071 875 et
1091 836 1179 875 sine
1210 837 1401 877 domibus
1418 869 1426 885 ,
1447 837 1555 878 inter
1575 851 1750 878 nemora

175 904 215 935 et
236 896 312 936 sub
332 899 540 950 specubus
561 899 802 940 habitantes
818 934 826 949 ,
857 901 1028 941 assidue
1050 915 1144 941 cum
1168 902 1315 942 belluis
1341 902 1594 952 conflixisse3
1625 909 1750 956 atque

175 964 326 1004 exinde
356 979 554 1018 magnum
574 967 700 1007 robur
722 974 762 1007 et
782 968 1042 1008 ferocitatem
1063 971 1235 1021 adeptos
1257 983 1361 1010 esse.
1388 970 1491 1009 Cum
1516 983 1614 1010 vero
1635 983 1749 1009 non-

172 1030 254 1069 nisi
284 1033 534 1073 animalibus
564 1035 877 1085 operationibus
909 1043 1217 1085 exercerentur,
1239 1036 1465 1076 bestiarum
1499 1037 1750 1077 industriam

172 1094 373 1137 imitando
396 1099 449 1137 ad
469 1112 610 1138 earum
631 1099 873 1139 instinctum
905 1100 1159 1152 pervenisse.
1192 1102 1238 1139 In
1260 1101 1340 1140 hoc
1367 1106 1476 1139 statu
1498 1100 1614 1148 nihil,
1647 1101 1758 1152 quod

172 1175 343 1202 sensum
365 1164 598 1211 excederet,
619 1165 776 1203 nullum
799 1166 953 1205 cultum
976 1179 1079 1217 erga
1097 1167 1240 1214 Deum,
1259 1167 1416 1204 nullum
1438 1165 1622 1205 officium
1649 1178 1753 1217 erga

173 1225 279 1265 alios
291 1226 495 1275 homines,
509 1228 659 1267 nullius
668 1229 872 1268 sermonis
885 1243 1019 1277 usum,
1032 1231 1187 1268 nullam
1198 1230 1362 1270 honesti
1376 1237 1447 1269 aut
1463 1229 1594 1281 turpis
1618 1229 1757 1269 ideam

175 1293 422 1332 habuerunt.
439 1294 532 1334 Hoc
554 1301 696 1334 tamen
717 1295 860 1335 bestiis
882 1295 1102 1342 distabant,
1125 1296 1233 1347 quod
1253 1295 1444 1336 libertate
1474 1295 1532 1334 uti
1558 1300 1756 1347 poterant

176 1366 215 1397 et
235 1359 411 1398 rationis
432 1367 648 1412 compotes
669 1361 791 1409 effici,
813 1361 921 1413 quod
941 1362 1109 1401 nonnisi
1131 1367 1224 1413 post
1244 1362 1374 1400 multa
1395 1362 1568 1401 saecula
1589 1360 1758 1401 interci-

175 1423 243 1462 dit.
268 1426 354 1464 Iam
378 1439 477 1465 vero
499 1426 702 1466 eiusmodi
724 1427 890 1467 vivendi
911 1428 1015 1466 ratio
1041 1428 1173 1467 Statui
1194 1427 1361 1480 politico
1392 1434 1431 1466 et
1451 1427 1599 1467 sociali
1623 1425 1755 1466 maxi-

172 1502 238 1528 me
259 1491 554 1542 anteponenda
575 1498 649 1539 est,
666 1498 807 1543 utpote
827 1505 935 1544 quae
956 1491 1138 1531 hominis
1155 1499 1331 1532 naturae
1354 1499 1394 1532 et
1412 1491 1592 1530 libertati
1609 1490 1750 1542 magis

175 1562 392 1608 congruat,
415 1557 467 1596 ab
489 1570 620 1609 eaque
643 1557 839 1609 deinceps
861 1557 1052 1597 homines
1073 1558 1277 1598 arbitratu
1297 1571 1373 1598 suo
1399 1562 1677 1604 recesserunt,
1701 1569 1755 1595 ac

173 1623 366 1674 pactione
386 1624 488 1663 inita
508 1624 616 1663 inter
636 1637 694 1672 se,
716 1638 822 1676 quae
844 1630 1088 1664 contractus
1109 1623 1278 1663 socialis
1299 1624 1531 1676 appellatur
1546 1657 1557 1671 ,
1588 1622 1753 1662 civilem

174 1688 418 1728 societatem
442 1690 726 1728 efformarunt.
750 1690 868 1728 Haec
889 1689 1052 1740 quidem
1076 1690 1299 1728 Rousseau
1319 1690 1393 1739 (2).

227 1752 296 1791 Sic
325 1759 480 1791 statum
512 1752 677 1791 civilem
708 1752 866 1792 homini
898 1765 1068 1804 prorsus
1099 1752 1370 1792 adventitium
1400 1751 1510 1800 facit,
1534 1757 1674 1802 utpote
1696 1750 1749 1790 ab

171 1818 260 1858 eius
290 1825 441 1858 natura
470 1819 639 1858 minime
669 1820 937 1871 pullulantem
957 1852 966 1868 ,
999 1819 1071 1859 sed
1101 1832 1215 1858 mere
1250 1818 1438 1871 genitum
1469 1831 1522 1858 ex
1557 1824 1681 1870 pacto
1712 1823 1753 1856 et

172 1882 303 1922 libera
324 1883 537 1922 voluntate
559 1883 781 1922 sociorum.
808 1884 1025 1930 Quomodo
1046 1889 1182 1922 autem
1207 1883 1358 1923 exinde
1378 1883 1587 1934 publicam
1609 1886 1749 1920 aucto-

172 1947 336 1986 ritatem
370 1946 560 1985 derivare
591 1954 776 1995 conetur,
807 1948 860 1996 id,
891 1948 1052 1999 aptiore
1082 1949 1187 1994 1000,
1228 1947 1399 1987 inferius
1429 1946 1752 1999 explicabimus.

730 2080 1199 2120 PROPOSITIONES.

218 2201 281 2238 34.
311 2201 570 2239 PRoposiTio
602 2199 658 2238 1³.
690 2200 894 2240 Hobbesz'i
920 2205 1105 2253 systema
1138 2201 1372 2240 absurdam
1401 2205 1472 2240 est.

226 2265 348 2305 Prob.
368 2266 552 2315 Hobbes,
572 2274 614 2306 ut
636 2267 828 2316 diximus,
851 2274 1003 2308 statum
1028 2269 1260 2307 naturalem
1282 2267 1463 2307 hominis
1484 2267 1525 2306 in
1548 2274 1749 2319 perpetuo

173 2331 278 2370 bello
300 2331 484 2382 reposuit
505 2331 687 2371 omnium
705 2332 746 2370 in
763 2345 921 2372 omnes.
942 2334 1133 2371 Iamvero
1151 2332 1185 2372 si
1201 2332 1259 2370 ita
1282 2338 1406 2378 esset,
1426 2332 1550 2371 homo
1569 2331 1608 2369 vi
1634 2338 1755 2369 natu—

169 2410 242 2436 rae
259 2398 380 2449 longe
399 2398 606 2437 inferioris
623 2398 874 2438 conditionis
895 2405 1019 2445 esset,
1041 2411 1163 2450 quam
1188 2398 1334 2437 bellua.
1358 2398 1477 2436 Haec
1503 2397 1614 2436 enim
1630 2429 1639 2445 ‚
1676 2395 1753 2435 etsi

171 2475 267 2500 cum
284 2462 376 2501 aliis
394 2463 491 2502 feris
504 2463 694 2502 diversae
706 2462 860 2514 speciei
874 2474 1001 2514 saepe
1014 2461 1339 2508 dimicet,tamen
1354 2475 1448 2500 cum
1464 2460 1528 2500 sui
1540 2458 1752 2499 similibus

169 2540 314 2578 pacem
329 2528 412 2566 alit.
431 2529 500 2567 Sic
519 2541 729 2580 nunquam
742 2528 856 2567 visus
875 2536 937 2567 est
953 2528 1017 2567 leo
1034 2528 1142 2566 leoni
1162 2541 1343 2580 pugnam
1356 2527 1523 2574 inferre,
1541 2532 1612 2565 aut
1628 2524 1749 2576 tigris

170 2593 358 2646 tigridem
373 2594 593 2634 lacessere.
607 2595 729 2634 Solus
738 2594 914 2642 homo,si
933 2594 1095 2646 superis
1108 2595 1300 2645 placet,vi
1312 2601 1487 2633 naturae
1500 2596 1746 2643 perpetuum

169 2660 319 2699 bellum
344 2668 488 2711 ageret
511 2673 603 2698 cum
626 2660 777 2700 ceteris
797 2660 1048 2699 hominibus.
1075 2661 1202 2705 At„ut
1223 2660 1410 2699 omittam
1435 2658 1623 2697 innatam
1646 2669 1751 2708 pro-

168 2726 423 2778 pensionem,
436 2738 558 2777 quam
577 2726 672 2765 boni
690 2739 837 2766 omnes
859 2726 1144 2778 experiuntur,
1159 2725 1337 2777 aquibus
1354 2723 1554 2763 iudicium
1572 2729 1751 2763 naturae

168 2791 275 2831 sumi
307 2792 438 2839 debet,
472 2796 584 2830 certe
616 2792 742 2843 pueri,
775 2792 814 2830 in
836 2792 984 2844 quibus
1006 2793 1188 2831 nondum
1212 2798 1363 2831 natura
1384 2791 1517 2830 abusu
1547 2789 1751 2829 libertatis

216 2898 265 2938 (1)
294 2899 327 2930 [n
351 2898 442 2931 libro
467 2899 520 2930 De
545 2897 638 2935 (five,
663 2908 739 2939 cap.
768 2899 778 2929 l
803 2901 837 2930 et
866 2900 896 2933 8:
923 2901 957 2930 et
981 2898 1011 2930 in
1040 2897 1255 2929 Leriarlran.

211 2950 265 2989 (9)
292 2950 473 2982 hiscam-s
498 2960 563 2981 sm·
586 2950 701 2989 l'oriss.
725 2954 758 2982 et
784 2950 942 2991 [csend.
968 2950 1011 2982 de
1037 2950 1154 2988 l'imiq.
1178 2949 1305 2991 pat-mi
1329 2949 1381 2981 los
1405 2949 1578 2981 hommes.
