1970 3203
208 195 286 235 300
584 207 649 234 1us
677 207 880 234 NATURAE
901 217 922 223 -
944 208 1051 235 PARS
1080 209 1118 235 11.
1148 209 1213 237 ms
1243 209 1414 237 SOCIALE

209 279 419 319 fundenda
439 292 522 318 non
543 285 607 320 est
627 293 721 320 cum
741 279 994 321 auctoritate
1015 280 1250 333 generatim
1269 280 1470 334 inspecta,
1495 281 1621 321 multo
1647 281 1786 322 minus

204 360 298 386 cum
328 347 574 387 auctoritate
605 347 759 387 divina.
800 348 923 388 Solus
954 348 1068 387 Deus
1099 353 1306 399 potestate
1335 349 1489 400 gaudet
1518 347 1713 388 absoluta
1742 353 1782 388 et

204 409 330 449 nullis
352 410 553 451 limitibus
574 412 903 464 circumscripta.
916 411 1120 451 Homines
1145 425 1255 461 vero,
1274 418 1497 466 utcumque
1520 413 1594 452 Dei
1616 412 1785 454 nomine

203 474 418 526 imperent,
451 475 618 515 nonnisi
649 476 770 516 valde
801 475 1065 517 terminatam
1098 482 1137 515 et
1167 476 1363 516 confiniis
1393 477 1638 517 adstrictam
1659 482 1780 529 pote-

203 545 353 577 statem
383 540 646 592 participant.
678 542 724 581 Id
754 541 1016 593 potissimum
1065 541 1114 580 de
1145 541 1392 581 auctoritate
1423 541 1535 581 civili
1565 542 1786 583 dicendum

203 611 277 652 est,
303 612 424 645 extra
445 620 568 660 quam
587 621 668 646 non
687 608 810 647 modo
823 607 1052 648 auctoritas
1067 607 1277 660 religiosa,
1290 621 1397 660 quae
1414 609 1541 660 longe
1561 610 1685 650 altior
1705 615 1780 658 est,

202 677 242 709 et
257 671 504 712 nobiliorem
527 675 653 713 finem
674 680 849 727 spectat,
873 675 947 714 sed
968 675 1094 714 etiam
1119 674 1351 714 auctoritas
1371 680 1547 727 paterna
1565 676 1779 728 reperitur,

202 739 324 778 cuius
342 739 459 791 origo
481 754 507 780 a
526 747 678 780 natura
700 749 763 781 est
780 748 819 781 et
839 742 902 781 ius
919 755 1100 781 sacrum.
1126 740 1299 793 Proprio
1317 740 1444 793 igitur
1464 741 1622 781 ambitu
1643 750 1783 782 exter-

200 815 350 842 narum
367 804 628 854 relationum,
647 819 754 857 quae
771 805 913 857 vigent
933 805 1040 845 inter
1062 804 1190 853 cives,
1214 804 1350 844 civilis
1370 804 1600 845 auctoritas
1621 818 1666 845 se
1687 818 1785 846 con-

203 870 349 919 tineat;
382 878 506 923 atque
537 871 631 911 illas
661 871 724 910 sic
755 871 928 919 ordinet,
959 871 1308 924 quemadmodum
1338 870 1507 923 publica
1536 872 1665 919 salus,
1698 885 1780 923 pax

200 934 447 982 communis,
478 935 614 975 honor
643 935 720 975 Dei
750 943 790 975 et
819 936 888 975 lex
919 936 1102 976 iustitiae
1132 948 1182 974 ac
1212 935 1448 976 honestatis
1476 936 1670 988 postulat.

253 999 341 1040 109.
365 1001 587 1052 Comparet
605 1001 746 1041 media
766 1001 818 1041 ad
837 1013 988 1041 munus
1008 1001 1092 1042 rite
1113 1001 1407 1042 exercendum.
1430 1002 1607 1040 Munere
1628 1007 1779 1048 autem,

199 1079 281 1116 quo
312 1065 526 1106 functurus
558 1073 634 1115 est,
665 1067 741 1106 rite
770 1067 994 1115 intellecto,
1017 1080 1240 1119 supremus
1260 1067 1515 1119 reipublicae
1537 1067 1775 1107 moderator
1810 1106 1814 1108 ,

197 1131 333 1170 media
350 1132 501 1172 idonea
522 1146 770 1185 comparare
787 1133 923 1182 debet,
945 1133 1094 1186 quibus
1111 1146 1264 1172 munus
1280 1132 1380 1172 illud
1397 1133 1781 1185 exsequatur.Hinc

195 1211 279 1237 non
302 1198 424 1238 modo
445 1199 640 1250 politicae
658 1199 860 1239 scientiae
882 1200 1122 1253 diligentem
1140 1213 1311 1251 operam
1333 1199 1505 1240 daturus
1531 1205 1605 1248 est,
1626 1205 1669 1238 ut
1689 1199 1784 1238 sub-

197 1264 305 1304 ditos
335 1271 431 1316 apte
461 1265 845 1318 convenienterque
875 1266 1079 1318 gubernet
1098 1266 1210 1314 3vsed
1241 1265 1366 1305 etiam
1399 1265 1542 1305 sedulo
1565 1265 1779 1307 incumbat

194 1337 368 1382 oportet7
399 1337 441 1370 ut
472 1344 635 1384 organa
665 1331 842 1371 socialia
869 1332 922 1371 ad
953 1332 1156 1383 triplicem
1188 1336 1452 1383 potestatem,
1475 1332 1525 1371 de
1546 1345 1628 1383 qua
1650 1345 1777 1383 supra

197 1394 355 1445 loquuti
386 1407 543 1443 sumus,
566 1395 641 1434 rite
673 1396 953 1435 exercendam
985 1396 1244 1435 instruantur
1265 1402 1305 1435 et
1323 1395 1475 1448 iugiter
1493 1395 1776 1447 perficiantur.

195 1460 358 1499 Exinde
389 1461 498 1500 enim
538 1461 826 1514 maximopere
855 1462 1006 1515 pendet
1035 1463 1145 1502 bona
1176 1461 1428 1514 reipublicae
1458 1462 1777 1503 administratio.

194 1526 247 1566 Et
277 1527 474 1578 quoniam
506 1533 718 1566 structura
746 1527 919 1567 socialis
941 1561 949 1576 ,
982 1535 1206 1580 utcumque
1235 1527 1431 1579 perfecta,
1463 1527 1564 1566 nihil
1596 1528 1778 1568 valitura

194 1596 268 1638 est,
301 1590 335 1629 si
365 1603 584 1642 personae,
616 1604 722 1643 quae
754 1597 909 1631 motum
940 1592 1199 1644 imprimunt,
1231 1592 1408 1632 scientia
1438 1599 1670 1644 opportuna
1706 1606 1771 1632 ca—

195 1662 326 1703 reant,
358 1656 423 1695 vel
455 1657 638 1709 nequitia
668 1658 893 1697 voluntatis
924 1659 1090 1698 actione
1112 1671 1189 1698 sua
1209 1659 1445 1706 abutantur3
1469 1658 1567 1697 hinc
1591 1658 1775 1710 Principi

193 1733 300 1760 onus
330 1721 530 1762 incumbit
573 1729 617 1761 ut
646 1735 827 1776 sagaces
857 1724 1121 1776 scientesque
1152 1723 1263 1763 viros
1301 1736 1352 1762 ac
1383 1736 1539 1775 magna
1569 1723 1777 1775 probitate

193 1786 330 1824 ornati
361 1786 540 1837 singulis
562 1788 805 1827 muneribus
826 1788 1135 1839 praeficiantur.
1161 1788 1301 1834 Quare
1322 1786 1446 1827 etiam
1469 1788 1671 1828 selectum
1690 1801 1780 1827 coe-

193 1855 278 1887 tum
308 1849 524 1888 hominum
556 1850 734 1890 scientia
764 1858 803 1891 et
835 1852 983 1891 virtute
1015 1851 1320 1903 praestantium
1350 1851 1519 1891 sociare
1540 1851 1617 1890 sibi
1640 1851 1772 1899 debet,

192 1912 260 1964 qui
282 1925 308 1950 a
339 1913 525 1952 consiliis
562 1913 599 1953 ei
621 1914 703 1954 sint
724 1921 764 1954 et
794 1928 969 1967 quorum
1001 1915 1307 1954 consultatione
1329 1921 1369 1955 et
1403 1929 1531 1968 opera
1566 1916 1606 1954 in
1636 1916 1773 1955 admi-

191 1978 409 2019 nistranda
425 1980 640 2032 republica
660 1981 836 2021 iuvetur.
860 1981 1045 2034 Denique
1067 1981 1293 2034 benignum
1315 1987 1353 2021 et
1373 1982 1540 2022 facilem
1562 1996 1606 2023 se
1627 1983 1766 2022 omni-

190 2042 267 2081 bus
298 2043 521 2095 praebeat,
555 2051 594 2083 et
628 2045 832 2097 singulari
865 2045 1126 2086 humanitate
1161 2046 1276 2086 cives
1310 2046 1378 2098 qui
1416 2046 1552 2098 ipsum
1591 2047 1766 2096 adeunt,

189 2107 382 2158 excipiat.

241 2173 330 2214 110.
369 2175 468 2214 Iura
511 2175 667 2215 civium
702 2180 857 2217 sancte
886 2181 1139 2217 revereatur
1168 2180 1212 2216 et
1241 2176 1450 2216 defendat.
1489 2176 1606 2222 Quae
1642 2190 1775 2229 nuper

185 2236 295 2276 dicta
324 2246 421 2277 sunt
450 2239 742 2279 auctoritatem
773 2240 1004 2292 respiciunt
1033 2246 1238 2292 quatenus
1268 2245 1366 2292 apta
1393 2239 1605 2279 reddenda
1636 2241 1776 2280 estad

184 2316 335 2343 munus
357 2317 478 2343 suum
494 2305 760 2357 implendum.
786 2307 932 2353 Quoad
954 2306 1118 2345 actuale
1141 2318 1240 2344 vero
1257 2305 1505 2345 exercitium
1527 2312 1565 2345 et
1582 2307 1776 2365 effectus²

182 2383 287 2421 quos
317 2371 357 2408 in
388 2370 541 2410 bonum
573 2372 831 2412 subditorum
862 2372 1116 2424 praestitura
1146 2380 1220 2420 est,
1252 2385 1375 2411 nemo
1405 2385 1489 2412 non
1520 2373 1631 2413 videt
1663 2381 1772 2413 tam-

181 2446 305 2485 quam
335 2434 655 2475 fundamentum
684 2437 869 2490 requiri,
901 2444 944 2476 ut
974 2436 1114 2476 omnia
1144 2449 1319 2487 prorsus
1348 2436 1440 2476 iura
1470 2437 1624 2476 civium
1644 2471 1654 2486 ,
1685 2438 1775 2478 sive

179 2501 389 2539 naturalia
420 2501 513 2549 sint,
546 2502 635 2543 sive
665 2503 884 2555 acquisita,
915 2510 1008 2542 rata
1038 2503 1286 2551 habeantur,
1317 2508 1441 2555 atque
1471 2503 1523 2542 ab
1552 2504 1665 2543 omni
1694 2517 1775 2557 ag-

178 2564 397 2615 gressione
429 2566 702 2606 vindicentur.
736 2567 782 2606 Id
811 2567 1019 2607 naturalis
1049 2567 1174 2606 veluti
1205 2567 1445 2607 constitutio
1466 2574 1532 2607 est
1551 2568 1777 2609 cuiuslibet

179 2630 394 2671 societatis
411 2638 450 2670 et
466 2633 535 2671 lex
553 2633 887 2682 fundamentalis,
901 2647 1024 2686 quam
1042 2633 1211 2685 papyris
1228 2633 1400 2674 inscribi
1421 2640 1492 2673 aut
1511 2634 1659 2674 tabulis
1677 2647 1771 2674 con-

178 2697 338 2749 signari
366 2710 449 2736 non
481 2704 654 2750 oportet,
677 2713 772 2740 cum
807 2700 847 2739 in
872 2700 964 2752 ipsa
985 2700 1145 2739 ratione
1175 2699 1368 2748 hominis,
1391 2699 1500 2740 notis
1521 2713 1604 2740 non
1625 2701 1773 2740 delen-

180 2763 255 2812 dis,
277 2764 486 2816 insculpta
507 2765 570 2804 sit.
596 2766 788 2806 Societas
810 2767 918 2806 enim
940 2766 981 2805 in
999 2766 1155 2806 bonum
1172 2779 1255 2805 non
1280 2766 1435 2805 veroin
1457 2767 1684 2818 perniciem
1706 2781 1777 2809 so-

181 2830 338 2869 ciorum
370 2830 605 2870 redundare
637 2832 767 2880 debet;
799 2846 877 2872 nec
908 2845 1012 2884 quae
1045 2845 1070 2870 a
1091 2838 1242 2870 natura
1264 2831 1507 2879 tribuuntur,
1529 2834 1580 2873 ab
1602 2833 1771 2873 homine

183 2893 290 2933 demi
313 2899 500 2945 possunt.
525 2894 617 2933 Hoc
638 2900 777 2933 tamen
801 2909 883 2935 non
907 2895 1094 2947 prohibet
1116 2894 1337 2946 quominus
1357 2895 1447 2934 iura
1467 2896 1669 2936 eiusmodi
1691 2897 1768 2936 sub
