1970 3203
211 192 287 233 128
328 204 393 231 1th
409 204 611 231 NATURAE
624 204 764 230 -PARS
780 203 802 229 1.
817 202 1163 229 msmmvmuALE
1175 213 1193 219 -
1205 203 1344 230 CAPUT
1359 204 1382 230 1.
1405 204 1457 231 DE
1477 205 1573 231 IURE
1591 205 1682 232 ETc.

205 294 291 321 non
321 293 511 333 semper,
544 280 616 321 sed
646 293 741 320 cum
784 279 955 319 occasio
992 286 1225 332 opportuna
1253 294 1299 321 se
1329 284 1449 324 offert
1479 288 1519 322 et
1547 296 1786 335 congruum

202 354 376 399 tempus.
397 347 547 395 Quare,
570 346 651 384 nisi
673 345 897 398 peculiaris
917 345 1121 398 quaedam
1143 346 1460 389 circumstantia
1481 355 1645 401 tempus
1665 349 1776 397 illud,

206 414 247 452 in
276 426 356 466 quo
385 412 619 453 necessitas
640 411 897 459 contradicit,
920 412 1111 452 absolute
1132 412 1402 464 determinet;
1435 415 1561 456 officii
1583 416 1780 468 implendi

200 477 401 529 obligatio
431 477 485 515 ad
516 476 804 516 exercendum
836 483 975 516 actum
1006 482 1106 515 tunc
1126 489 1209 516 non
1231 477 1371 529 adigit.
1405 479 1468 518 Ea
1487 479 1611 532 igitur
1642 480 1778 532 hypo—

200 544 320 591 thesi,
351 542 642 583 consentiente
671 542 844 590 ratione,
875 548 989 595 patet
1018 542 1088 582 via
1116 543 1169 582 ad
1199 550 1419 596 utrumque
1453 545 1777 594 conciliandum,

199 609 446 651 exercitium
473 608 668 648 nimirum
698 609 824 648 officii
855 609 1013 661 aptiore
1042 615 1231 661 tempore
1253 641 1262 657 ,
1298 615 1339 651 et
1368 609 1510 663 fugam
1540 612 1639 652 mali
1669 612 1779 665 quod

197 675 396 714 imminet.
428 675 559 713 Immo
590 673 810 725 aliquoties
840 673 894 712 ad
914 673 955 712 id
976 673 1101 713 homo
1132 679 1305 713 tenetur.
1329 674 1418 714 Etsi
1448 674 1557 715 enim
1578 689 1781 728 saepenu-

199 752 315 779 mero
345 738 555 778 laudabile
585 738 638 778 sit
667 738 806 777 officio
837 737 961 777 etiam
993 737 1174 789 positivo
1213 751 1295 777 non
1326 738 1497 786 deesse,
1529 739 1779 790 posthabitis

199 807 322 847 malis
352 805 680 858 quibuscumque
710 810 780 843 aut
810 803 935 843 etiam
965 809 1126 852 morte;
1155 809 1309 853 tamen,
1330 804 1411 843 nisi
1441 804 1585 857 gravis
1613 805 1718 844 ratio
1739 805 1780 843 id

201 871 463 926 persuadeat,
494 871 736 922 imprudens
765 876 806 909 et
836 870 1104 910 temerarium
1132 875 1198 909 est
1218 870 1279 910 sic
1301 869 1428 910 vitam
1459 877 1530 910 aut
1559 871 1641 910 alia
1670 871 1783 911 bona

199 937 460 990 profundere.
493 936 585 975 Hoc
615 941 766 982 autem,
795 939 840 973 ut
867 935 1040 986 quisque
1069 947 1143 986 per
1172 947 1218 974 se
1244 934 1370 975 facile
1399 934 1603 986 intelligit,
1628 936 1774 975 locum

198 1014 283 1040 non
312 1000 450 1048 habet,
481 998 823 1052 quotiescumque
844 999 1007 1038 ratione
1029 999 1441 1038 circumstantiarum
1463 999 1635 1039 omissio
1656 1005 1776 1039 actus

197 1066 364 1108 honesti
393 1066 645 1106 redundaret
665 1065 706 1103 in
734 1064 929 1105 iniuriam
951 1067 1041 1113 Dei,
1064 1071 1344 1117 contemptum
1376 1065 1601 1118 religionis,
1623 1066 1778 1118 ingens

196 1130 453 1186 reipublicae
484 1130 693 1178 damnum,
724 1129 962 1170 innocentis
992 1143 1185 1182 poenam,
1215 1137 1288 1170 aut
1313 1129 1484 1170 alterius
1515 1130 1621 1182 legis
1651 1142 1775 1181 nega-

194 1196 305 1240 tivae
316 1195 599 1236 violationem.
618 1197 739 1235 Tunc
755 1197 866 1236 enim
882 1197 1056 1236 omissio
1074 1211 1147 1249 per
1168 1210 1213 1237 se
1234 1197 1364 1249 turpis
1381 1202 1505 1244 esset,
1528 1210 1580 1235 ac
1602 1195 1775 1248 proinde

196 1262 399 1314 obligatio
431 1262 484 1301 ad
513 1275 605 1301 eam
637 1260 807 1301 omnino
837 1261 1079 1314 fugiendam
1109 1261 1403 1313 adstringeret.

250 1328 451 1381 Denique,
482 1328 516 1367 si
546 1327 730 1367 officium
762 1334 824 1367 est
853 1327 1143 1375 adventitium,
1169 1332 1208 1366 et
1238 1340 1291 1366 ex
1323 1327 1413 1379 lege
1443 1338 1557 1365 mere
1588 1326 1776 1364 humana

200 1399 272 1434 aut
301 1406 354 1432 ex
383 1397 601 1431 contractu
631 1391 768 1443 aliquo
795 1391 1038 1441 procedens;
1066 1390 1119 1430 ab
1149 1404 1198 1430 eo
1229 1390 1483 1443 praestando
1522 1389 1563 1428 vi
1593 1402 1777 1441 magnae

199 1458 467 1501 necessitatis
488 1457 614 1497 homo
631 1458 871 1510 plerumque
887 1462 1127 1496 excusatur.
1147 1458 1237 1496 Lex
1255 1456 1364 1497 enim
1382 1469 1454 1508 pro
1467 1455 1634 1507 publica
1650 1454 1777 1495 fertur

197 1525 387 1572 utilitate;
418 1537 526 1576 quae
557 1529 668 1563 certe
690 1523 866 1571 deesset,
888 1522 923 1562 si
942 1523 1050 1562 bono
1067 1522 1278 1562 communi
1295 1535 1378 1562 non
1396 1521 1673 1574 periclitante,
1695 1535 1774 1563 nec

198 1591 444 1633 detrimento
474 1589 612 1642 aliquo
633 1590 675 1628 in
697 1589 942 1629 societatem
965 1589 1248 1641 proveniente,
1270 1588 1423 1629 subditi
1444 1588 1504 1628 sic
1538 1589 1652 1628 circa
1671 1601 1773 1637 rem,

193 1662 346 1696 natura
375 1667 453 1694 sua
481 1653 799 1700 indifferentem,
831 1652 1128 1704 obligarentur,
1160 1659 1204 1693 ut
1233 1666 1307 1693 eas
1327 1653 1488 1706 exequi,
1520 1653 1646 1693 etiam
1677 1666 1772 1692 cum

191 1722 375 1776 periculo
407 1720 516 1760 vitae
532 1725 605 1759 aut
623 1719 766 1759 alteris
783 1718 1058 1771 praegrandis
1079 1718 1176 1758 boni
1194 1718 1369 1768 iactura,
1392 1719 1768 1773 adstringerentur.

190 1788 440 1827 Contractus
471 1796 583 1832 vero,
613 1797 707 1822 cum
728 1788 895 1835 propter
917 1783 1071 1821 bonum
1092 1782 1303 1835 utriusque
1324 1783 1453 1836 partis
1484 1783 1578 1822 iniri
1608 1784 1769 1832 soleat;

187 1853 330 1906 nequit
358 1855 517 1890 tantam
532 1849 688 1889 habere
710 1849 805 1896 vim,
828 1854 871 1887 ut
885 1862 984 1900 pars
1005 1849 1215 1897 alterutra,
1238 1862 1289 1889 ne
1310 1849 1444 1901 pactis
1476 1848 1593 1897 desit,
1612 1849 1762 1889 debeat

189 1922 366 1958 mortem
396 1921 600 1967 oppetere,
630 1919 702 1954 aut
730 1926 932 1966 magnum
953 1912 1064 1951 aliud
1084 1913 1239 1951 malum
1261 1912 1488 1954 incurrere.
1513 1912 1769 1952 Praesertim

189 1985 230 2024 id
259 1982 479 2023 dicendum
509 1986 592 2029 est,
624 1979 658 2020 si
689 1993 742 2020 ex
770 1992 855 2018 non
893 1978 1163 2018 observantia
1204 1979 1315 2031 pacti
1345 1979 1503 2018 nullum
1532 1978 1575 2018 in
1604 1983 1768 2031 partem

189 2051 363 2090 alteram
395 2047 685 2088 detrimentum
715 2045 928 2092 redundet,
959 2050 1032 2084 aut
1053 2045 1250 2084 damnum
1280 2044 1333 2084 sit
1353 2044 1456 2085 adeo
1488 2043 1696 2096 exiguum,
1723 2051 1769 2085 ut

190 2113 401 2156 contemni
431 2114 497 2152 vel
527 2113 649 2154 facile
677 2112 955 2164 redintegrari
993 2110 1134 2164 possit.
1168 2111 1392 2159 Attamen,
1422 2115 1467 2149 ut
1506 2114 1654 2161 patens
1685 2116 1763 2158 est,

190 2182 232 2222 id
261 2180 501 2233 neutiquam
531 2179 699 2228 valeret,
731 2178 766 2218 si
796 2177 935 2217 officio
966 2176 1334 2229 praetermittendo
1365 2177 1482 2216 salus
1512 2176 1679 2228 publica
1698 2177 1765 2216 vel

189 2247 397 2288 securitas
431 2245 610 2285 civitatis
654 2244 944 2285 detrimentum
975 2250 1170 2295 caperet;
1202 2243 1268 2282 vel
1312 2242 1346 2282 si
1376 2247 1618 2282 contractus
1648 2247 1762 2282 esset
1820 2259 1821 2264 ¹

192 2310 409 2358 eiusmodi,
439 2315 483 2350 ut
513 2309 661 2361 quovis
690 2308 872 2360 periculo
912 2307 1146 2347 servandus
1176 2312 1317 2355 esset,
1348 2306 1469 2359 idque
1497 2306 1538 2345 in
1569 2306 1764 2358 pactione

185 2377 279 2430 ipsa
307 2382 518 2428 tamquam
549 2374 728 2414 conditio
772 2372 1072 2413 rationabiliter
1102 2373 1266 2412 inclusa
1304 2372 1608 2414 subaudiretur.
1640 2375 1762 2413 Tunc

187 2442 297 2481 enim
327 2440 509 2480 officium
531 2439 713 2491 periculo
735 2438 856 2478 etiam
880 2437 1024 2476 mortis
1045 2437 1300 2477 reddendum
1322 2442 1458 2478 esset:
1487 2437 1584 2490 quia
1604 2437 1757 2476 bonum

185 2517 406 2544 commune
437 2503 771 2556 praeponderare
811 2502 931 2541 debet
974 2501 1082 2540 bono
1112 2501 1299 2553 privat03
1344 2501 1447 2542 fides
1493 2507 1632 2541 autem
1663 2501 1763 2541 data

183 2568 352 2608 omnino
384 2568 594 2607 servanda
624 2574 698 2616 est,
731 2566 947 2619 eidemque
967 2566 1092 2606 homo
1115 2565 1206 2606 sine
1228 2566 1387 2606 scelere
1418 2565 1564 2606 deesse
1594 2564 1748 2616 nequit.
