1970 3203
259 240 338 280 246
634 253 698 280 ius
728 252 930 279 NATURAE
954 261 971 269 -
1004 253 1112 280 PARS
1141 253 1178 279 11.
1209 253 1275 280 ius
1305 253 1477 281 soeiALE

259 329 371 368 tione
403 328 526 376 sacta,
557 328 649 368 illos
680 329 729 368 de
760 329 894 381 gradu
925 329 1075 378 dejicit,
1106 329 1232 370 utitur
1261 331 1347 370 iure
1378 344 1466 380 suo;
1498 344 1576 371 nec
1598 332 1764 372 rebellis
1784 345 1852 384 ap·

261 395 482 447 pellandus
513 401 604 443 est,
637 395 743 434 sicut
773 408 858 434 non
888 397 1121 448 appellatur
1150 396 1316 437 rebellis
1346 397 1565 450 princeps,
1597 397 1665 450 qui
1696 398 1852 437 officia—

260 464 323 502 les
353 459 516 512 aliquos
547 472 719 499 munere
750 459 943 500 destituit.
973 460 1091 499 Haec
1122 467 1186 499 est
1213 460 1514 513 irrefragabilis
1544 468 1721 501 naturae
1751 462 1821 501 lex
1842 495 1852 511 ,

262 528 409 563 contra
438 536 563 575 quam
585 523 667 562 vim
686 524 840 563 nullam
859 524 987 564 habet
1015 524 1189 576 quaevis
1219 524 1302 563 alia
1322 525 1491 577 politica
1509 525 1750 566 constitutio
1775 528 1853 577 (1).

264 588 334 629 Sic
364 589 554 641 legitima
583 590 763 631 efficitur
791 591 1032 643 perduellio;
1062 590 1188 630 immo
1218 591 1260 630 in
1290 591 1356 630 ius
1386 592 1653 641 convertitur,
1685 607 1764 646 quo
1796 594 1855 633 uti

260 666 334 705 pro
355 653 469 693 libito
489 660 625 705 potest
645 655 883 704 multitudo;
906 655 1059 707 singuli
1080 663 1221 696 autem
1238 655 1354 695 cives
1374 662 1567 709 respectu
1587 658 1711 697 huius
1733 671 1852 697 sum-

260 719 317 758 mi
346 719 592 772 imperantis
623 721 792 761 omnino
822 721 1121 774 personalitate
1151 722 1382 774 spoliantur
1412 724 1487 774 (2).

316 784 393 824 His
424 784 591 834 deliriis,
621 786 713 838 plus
742 786 891 834 minus,
913 799 1063 826 recens
1085 786 1386 826 Liberalismus
1406 786 1599 839 agitatum
1621 787 1689 840 qui
1709 800 1847 840 aeque

259 862 312 890 ac
344 851 577 898 Rousseau,
610 850 764 890 sontem
794 851 1053 890 auctoritatis
1084 850 1126 889 in
1157 851 1307 903 populo
1337 851 1535 899 collocat;
1566 858 1701 903 atque,
1724 851 1784 891 ita
1807 858 1852 891 ut

260 927 353 954 eam
386 916 562 968 populus
591 915 904 956 communicare
933 916 1028 955 aliis
1057 917 1195 968 quoad
1225 915 1470 955 exercitium
1500 916 1644 969 possit,
1676 918 1751 957 sed
1780 917 1855 956 ab-

265 981 406 1023 dicare
435 995 648 1034 nunquam
678 983 824 1034 possit.

768 1111 1239 1151 PROPOSITIONES.

315 1245 377 1282 55.
411 1244 667 1283 Paoposmo
699 1231 756 1282 1².
797 1243 983 1282 Theorz'a
1001 1242 1270 1290 Rowseavii,
1293 1241 1457 1282 civilem
1479 1241 1782 1282 auctoritatem
1803 1254 1856 1280 εκ

265 1310 494 1346 contracta
524 1307 737 1354 derivans,
769 1306 958 1346 absurda
989 1310 1060 1346 est.

316 1374 438 1413 Prob.
471 1374 500 1414 I.
532 1387 582 1413 ex
613 1373 817 1425 principio
848 1373 889 1412 in
920 1386 999 1425 quo
1031 1373 1237 1413 fundatur.
1270 1374 1363 1413 Hoc
1395 1372 1642 1425 principium
1673 1378 1736 1412 est
1766 1371 1854 1411 ina-

258 1437 512 1477 lienabilitas
541 1437 743 1478 libertatis
775 1439 1007 1487 humanae;
1038 1451 1121 1491 qua
1148 1438 1190 1477 in
1211 1451 1267 1486 re,
1290 1444 1333 1477 ut
1352 1450 1445 1477 mos
1465 1437 1749 1490 sophistarum
1772 1444 1851 1485 est,

257 1505 530 1557 ambiguitate
553 1504 669 1544 vocis
690 1505 884 1546 abutitur.
908 1507 1016 1545 Nam
1037 1506 1208 1546 libertas
1225 1505 1378 1557 duplici
1395 1518 1524 1545 sensu
1541 1505 1678 1557 accipi
1699 1510 1853 1557 potest:

257 1582 408 1621 nempe
436 1570 501 1609 vel
532 1576 737 1622 quatenus
768 1570 990 1622 opponitur
1019 1570 1209 1610 servituti
1240 1570 1404 1623 proprie
1434 1571 1581 1619 dictae,
1612 1572 1677 1610 vel
1700 1577 1849 1624 quate—

258 1647 339 1673 nus
369 1634 589 1686 opponitur
619 1634 866 1674 subiectioni
897 1634 1021 1683 civili,
1052 1648 1133 1688 qua
1161 1635 1287 1674 homo
1317 1634 1556 1674 auctoritati
1586 1634 1778 1686 publicae
1799 1635 1849 1674 fit

259 1698 479 1738 abnoxius.
513 1699 653 1738 Prima
683 1698 858 1738 alienari
901 1699 954 1738 ab
983 1699 1153 1738 homine
1182 1698 1353 1751 nequit,
1385 1698 1589 1751 siquidem
1618 1698 1742 1737 homo
1764 1730 1773 1746 ,
1806 1705 1850 1736 ut

259 1778 386 1817 saepe
417 1765 609 1813 diximus,
630 1765 670 1804 in
693 1765 960 1818 mancipium,
982 1766 1091 1817 quod
1108 1765 1165 1805 rei
1183 1778 1354 1817 prorsus
1370 1765 1637 1812 assimiletur,
1661 1766 1850 1804 converti

258 1842 470 1881 nunquam
492 1836 637 1881 potest,
656 1835 876 1881 propterea
895 1830 1004 1881 quod
1026 1829 1208 1882 dignitas
1229 1829 1465 1881 personalis
1481 1841 1531 1868 ex
1557 1828 1648 1868 eius
1665 1827 1851 1868 essentia

260 1893 458 1942 dimanat,
490 1907 584 1933 cum
616 1907 748 1946 eaque
768 1907 851 1934 non
874 1894 1037 1934 solubili
1058 1907 1168 1934 nexu
1190 1894 1464 1934 connectitur.
1488 1893 1683 1933 Secunda
1706 1906 1728 1933 e
1745 1906 1850 1933 con-

259 1961 388 2000 trario
408 1972 491 2000 non
513 1962 635 2001 modo
657 1967 792 2014 potest
813 1961 1000 2009 alienari,
1022 1962 1096 2001 sed
1113 1962 1165 2001 ad
1184 1975 1277 2001 eam
1298 1962 1567 2001 alienandam
1587 1966 1738 2000 natura
1758 1961 1852 2013 ipsa

305 2068 355 2108 (l)
382 2068 440 2100 Du
465 2071 639 2101 contrad
662 2068 794 2107 εοσίαἷ,
817 2069 836 2100 l.
862 2069 886 2107 Ι,
910 2079 928 2101 c
962 2070 991 2101 3.

299 2122 349 2161 (2)
375 2122 473 2153 Haec
485 2121 625 2153 theoria
639 2121 734 2154 aliud
757 2131 826 2154 non
844 2124 900 2153 est
919 2122 1125 2162 quidquam,
1139 2121 1205 2154 nisi
1228 2121 1552 2163 protestantismus
1570 2121 1683 2154 ordini
1701 2121 1848 2162 politico

253 2174 467 2216 applicatus.
493 2175 670 2207 Audiatur
693 2175 794 2208 Sthal
815 2201 822 2213 ‚
845 2176 951 2208 testis
975 2177 1042 2208 hac
1064 2176 1096 2208 in
1118 2186 1156 2208 re
1181 2175 1320 2208 minime
1338 2177 1534 2217 suspectus
1553 2185 1560 2206 z
1586 2186 1602 2203 «
1627 2176 1676 2207 La
1698 2175 1848 2207 rif'orma

253 2226 348 2258 della
372 2227 501 2259 Chiesa
524 2227 579 2259 nel
605 2227 729 2259 secolo
744 2227 990 2260 decimosesto
1008 2237 1163 2260 assunse
1181 2229 1226 2260 ad
1241 2237 1285 2260 uu
1296 2230 1419 2269 tempo
1436 2237 1569 2270 presso
1589 2227 1733 2269 ipopoli
1749 2227 1846 2260 latini

254 2290 272 2313 e
298 2280 391 2313 nella
412 2284 515 2322 parte
539 2280 727 2313 riformata
754 2291 800 2313 un
826 2285 1005 2314 carattere
1029 2282 1316 2314 assolutamente
1338 2281 1494 2323 politico.
1519 2281 1579 2313 Sin
1604 2283 1650 2314 da
1672 2281 1846 2323 principio

255 2332 284 2364 s’
303 2332 454 2374 insegno
478 2332 572 2366 nella
595 2333 839 2365 Costituzione
863 2333 958 2365 della
981 2334 1109 2366 Chiesa
1133 2336 1264 2373 questa
1287 2333 1462 2372 dottrina,
1487 2334 1552 2365 che
1577 2335 1663 2371 cioe,
1687 2333 1846 2366 secondo

255 2397 302 2419 un
326 2388 448 2420 ordine
472 2387 587 2420 divino
611 2388 828 2420 immutabile
859 2388 957 2427 (iure
981 2388 1125 2427 (livino)
1143 2414 1150 2426 ‚
1173 2388 1208 2420 la
1231 2397 1452 2420 comunanza
1475 2388 1665 2425 cristiana,
1690 2387 1846 2420 siccome

251 2438 288 2470 la
312 2450 532 2472 comunanza
555 2440 609 2472 de'
624 2440 723 2472 Santi
741 2466 748 2478 ‚
771 2440 888 2472 debba
910 2451 1017 2473 avere
1042 2441 1063 2472 il
1088 2443 1214 2482 potere
1239 2450 1411 2482 supremo
1440 2441 1533 2473 nelle
1557 2450 1644 2473 cose
1676 2440 1848 2473 ecclesia-

254 2494 376 2526 sticho.
401 2496 428 2527 E
453 2495 482 2527 si
506 2496 600 2527 ando
623 2495 759 2527 innanzi
783 2495 814 2527 in
839 2495 953 2528 alcuni
977 2495 1077 2537 paesi
1102 2505 1120 2527 e
1145 2495 1403 2537 specialmente
1427 2496 1519 2528 dove
1535 2495 1570 2528 la
1588 2496 1740 2536 potesta
1760 2495 1844 2536 poli-

252 2547 326 2578 tica
356 2548 384 2579 si
411 2557 601 2590 opponeva
624 2548 696 2580 alla
718 2548 865 2581 riforma
881 2575 889 2587 ,
913 2559 1052 2591 oppure
1083 2549 1153 2581 alla
1177 2549 1336 2590 signoria
1359 2549 1454 2582 della
1471 2548 1656 2582 comunita
1681 2549 1850 2581 ecclesia-

255 2601 358 2639 stica,
382 2603 427 2633 da
453 2606 643 2635 sostenere
667 2604 731 2635 che
754 2603 791 2634 la
815 2603 996 2635 comunita
1019 2604 1197 2641 de'Santi.
1220 2604 1243 2636 il
1267 2604 1405 2645 popolo
1429 2603 1463 2636 di
1491 2603 1571 2640 Dio,
1593 2603 1699 2634 abbia
1726 2603 1772 2635 da
1801 2603 1850 2635 lui

249 2653 414 2685 ricevuto
432 2653 452 2684 il
480 2663 650 2695 supremo
674 2657 802 2695 potere
821 2654 853 2687 in
865 2655 1044 2695 generale:
1062 2666 1080 2688 e
1097 2658 1187 2697 pero
1200 2657 1312 2689 anche
1333 2658 1467 2697 quanto
1485 2655 1558 2687 alla
1581 2654 1723 2687 societa
1739 2655 1851 2688 civile,

253 2716 272 2738 e
299 2706 416 2747 quindi
441 2706 545 2739 abbia
568 2708 589 2739 il
614 2707 736 2740 diritto
761 2708 837 2740 anzi
862 2708 884 2739 il
910 2709 1043 2741 dovere
1068 2708 1102 2741 di
1126 2710 1281 2750 deporre
1306 2709 1386 2749 quei
1402 2718 1440 2741 re
1465 2709 1530 2741 che
1552 2711 1798 2741 resistessero
1815 2705 1845 2740 ai

256 2761 411 2802 precetti
436 2760 469 2792 di
495 2762 573 2799 Dio,
593 2771 661 2794 non
678 2763 742 2795 che
767 2761 954 2803 giudicarli
971 2772 989 2794 e
1012 2762 1148 2804 punirli.
1164 2763 1220 2794 Da
1239 2765 1371 2803 questa
1387 2761 1502 2794 teoria
1517 2771 1702 2802 nacquero
1725 2762 1758 2794 le
1774 2761 1846 2794 vio-

251 2813 347 2846 lente
374 2812 565 2854 agitazioni
591 2814 623 2845 di
647 2814 780 2846 Scozia
803 2824 821 2846 e
839 2814 1099 2854 d'Inghilterra‚
1123 2824 1142 2846 e
1158 2813 1190 2846 in
1203 2815 1420 2855 Inghilterra
1434 2815 1689 2856 specialmente
1706 2814 1740 2846 la
1753 2814 1846 2846 rivo—

248 2868 394 2900 luzione
410 2867 576 2908 politica3
595 2867 629 2899 la
645 2868 761 2907 quale,
777 2877 846 2899 non
864 2870 1008 2900 estante
1023 2868 1059 2900 la
1075 2877 1141 2900 sua
1159 2868 1339 2909 profonda
1361 2867 1565 2906 differenza,
1583 2868 1612 2900 si
1626 2867 1731 2900 vuole
1744 2877 1765 2899 a
1785 2877 1841 2899 ra-

251 2921 356 2962 gione
375 2920 609 2953 considerare
625 2931 728 2953 come
742 2921 873 2953 foriera
889 2921 985 2953 della
999 2922 1170 2953 francese.
1186 2934 1202 2951 »
1225 2921 1355 2954 Storia
1379 2921 1481 2955 della
1497 2922 1683 2965 Filosofia
1697 2920 1758 2954 del
1777 2921 1836 2953 Di-

251 2975 341 3008 ritto
367 2985 439 3008 ecc.
485 2974 542 3007 lib.
567 2974 622 3013 III,
646 2984 719 3013 sez,
741 2975 785 3013 V,
814 2985 842 3007 c.
869 2975 888 3007 1.
