1970 3203
507 225 642 252 CAPUT
672 227 697 252 1.
728 227 781 254 DE
811 229 904 256 FINE
935 229 1210 256 OPERATIONIS
1241 230 1445 257 HUMANAE
1714 225 1763 263 33

200 301 318 342 civile
339 300 593 341 consortium
612 308 823 354 superstes
844 305 930 354 erit;
948 304 1020 344 sed
1037 305 1150 345 cives
1170 305 1348 346 belluino
1369 320 1483 348 more
1513 323 1558 349 se
1577 310 1759 351 invicem

178 364 449 413 ‚lacerabunt,
466 364 661 418 ipsaeque
678 365 824 406 domus
849 367 891 406 in
911 368 1061 407 cubilia
1082 368 1260 408 ferarum
1282 376 1585 412 convertentur.
1604 374 1757 414 Mirum

193 427 318 480 igitur
347 440 440 468 esse
461 441 543 468 non
572 429 702 477 debet,
724 429 759 468 si
781 429 992 470 societatis
1015 436 1054 470 et
1074 433 1321 474 moralitatis
1341 433 1484 474 hostes
1514 435 1595 475 huc
1618 449 1764 477 omnes

195 507 347 534 nervos
367 494 595 543 intendunt,
616 501 671 543 ut,
688 495 723 535 si
743 495 831 535 fieri
852 495 995 548 possit,
1016 496 1253 538 hominibus
1273 501 1553 551 persuadeant
1584 501 1763 543 felicita-

155 603 165 610 ,
194 565 332 600 temno
351 560 459 600 nnisi
477 560 518 599 in
534 566 645 601 terra
664 574 758 602 esse
775 562 1068 614 quaerendam.
1082 563 1161 609 Qui
1178 563 1325 604 nefarii
1341 573 1516 607 conatus
1536 567 1578 606 in
1602 574 1759 608 tantum

195 627 347 667 effectu
377 627 636 675 frustrantur,
658 627 699 666 in
721 633 920 680 quantum
949 627 1219 680 insuperabili
1240 631 1333 671 luce
1353 638 1528 673 naturae
1552 634 1761 674 contraria

193 692 350 733 veritas
372 692 497 732 menti
519 693 690 742 renidet,
712 700 751 734 et
770 700 853 733 tam
875 695 1076 747 profunde
1096 695 1246 735 animis
1266 699 1509 749 populorum
1537 700 1698 749 insidet,
1721 708 1764 740 ut

196 758 414 799 obscurari
448 759 610 812 quidem
633 766 672 800 et
693 760 894 801 debilitari
915 761 1137 813 aliquando
1166 763 1308 814 possit,
1331 765 1405 804 sed
1424 766 1588 817 penitus
1610 767 1763 808 exstir-

195 836 285 876 pari
311 836 392 863 non
422 825 564 876 possit.

749 911 1218 953 PROPOSITIONES.

246 1016 308 1055 24.
330 1017 587 1061 PRoposrrlo
606 1015 661 1056 1³.
678 1017 802 1056 Finis
814 1018 1044 1070 proximas
1069 1031 1142 1057 seu
1162 1017 1390 1059 destinatio
1412 1021 1596 1061 hominis
1618 1023 1663 1061 in
1685 1024 1762 1061 hac

195 1080 278 1120 vita
309 1084 397 1128 est,
432 1082 480 1118 zct‘
513 1080 571 1119 ad
596 1081 1144 1133 conseqaationem‘ultimi
1166 1081 1269 1131 finis
1297 1096 1340 1122 se
1370 1084 1451 1123 rite
1480 1085 1682 1138 disponat
1711 1100 1761 1126 ac

192 1147 368 1198 dirigat.

244 1210 460 1251 Probatur.
494 1212 670 1252 Nomine
692 1212 787 1252 finis
806 1211 984 1265 proximi
1006 1211 1288 1264 intelligimus:
1310 1213 1483 1253 Bonam
1506 1214 1628 1263 iliad,
1649 1217 1764 1268 qaod

192 1276 354 1317 homini
371 1277 414 1315 in
431 1278 510 1316 hac
528 1277 612 1317 vita
629 1276 969 1329 consequendam
979 1278 1358 1330 proponitar.Hoc
1376 1291 1473 1318 vero
1489 1278 1643 1318 bonum
1662 1293 1756 1319 cum

191 1341 332 1382 ultimo
362 1343 443 1382 fine
474 1341 711 1394 colligatum
743 1354 838 1381 esse
859 1347 1048 1393 oportere
1071 1341 1380 1382 evidentissime
1398 1349 1535 1394 patet3
1558 1343 1759 1396 siquidem

191 1409 287 1448 finis
315 1408 486 1448 ultimus
520 1414 583 1448 est
611 1407 775 1460 proprie
808 1408 956 1448 bonum
982 1440 990 1456 ,
1027 1408 1134 1461 quod
1163 1408 1320 1448 homini
1351 1422 1493 1449 veram
1526 1417 1565 1450 et
1594 1412 1759 1462 plenam

192 1472 428 1512 felicitatem
459 1473 590 1512 affert.
622 1472 835 1519 Quomodo
864 1478 1001 1512 autem
1022 1472 1318 1524 colligabitur?
1349 1474 1442 1513 Non
1471 1474 1591 1514 aliter
1620 1481 1754 1524 certe,

191 1536 271 1576 nisi
301 1542 502 1588 quatenus
533 1535 601 1575 via
628 1536 831 1587 quaedam
853 1536 905 1575 sit
934 1542 974 1576 et
1005 1536 1130 1575 veluti
1169 1536 1346 1576 medium
1377 1538 1430 1577 ad
1459 1539 1575 1578 illum
1605 1552 1758 1579 conse—

192 1600 409 1653 quendum.
450 1600 568 1639 Haec
598 1600 707 1638 enim
742 1600 783 1638 in
817 1600 942 1639 rebus
975 1600 1220 1652 appetendis
1245 1606 1316 1640 nest
1352 1602 1478 1642 unica
1515 1596 1726 1655 colligatio
1747 1636 1757 1651 ‚

190 1678 295 1718 quae
325 1663 498 1716 cogitari
527 1663 669 1716 possit.
700 1663 825 1716 Atqui
860 1664 985 1704 homo
1013 1676 1096 1702 non
1126 1663 1245 1702 aliter
1279 1663 1336 1703 uti
1365 1671 1500 1715 potest
1544 1667 1756 1717 praesenti

189 1728 285 1776 vita,
308 1735 518 1780 tamquam
539 1727 607 1766 via
642 1733 681 1767 et
709 1726 845 1767 medio
865 1727 919 1766 ad
938 1726 1124 1765 ultimum
1145 1728 1271 1767 finem
1298 1729 1647 1781 consequendum,
1678 1730 1759 1770 nisi

189 1798 393 1844 quatenus
411 1805 483 1844 per
501 1791 635 1844 ipsam
654 1791 708 1831 ad
727 1791 838 1830 hanc
859 1790 1232 1839 consequutionem
1253 1804 1299 1832 se
1320 1791 1512 1844 disponat
1533 1800 1573 1832 et
1595 1793 1756 1846 dirigat.

189 1859 299 1911 Ergo
322 1865 398 1899 etc.

241 1924 478 1962 Praeterea:
496 1921 576 1962 nisi
591 1921 812 1969 hominem,
834 1927 986 1960 natura
1002 1920 1327 1969 contradicente,
1349 1921 1486 1962 in‘duo
1509 1925 1620 1964 entia
1635 1927 1758 1977 plane

189 1988 382 2029 distincta
398 1987 540 2040 partiri
560 1987 762 2036 volumus,
784 1987 1049 2039 ordinemque
1070 1986 1234 2026 divinae
1253 1987 1481 2039 sapientiae
1503 1990 1661 2031 unitate
1683 1992 1757 2033 de-

188 2054 369 2103 stituere;
386 2055 472 2094 vita
492 2067 691 2106 praesens
712 2067 737 2094 a
757 2054 893 2093 futura
913 2052 1181 2092 dissocianda
1201 2065 1284 2092 non
1305 2059 1379 2102 est,
1401 2055 1475 2094 sed
1496 2062 1642 2097 contra
1662 2060 1758 2099 talis

188 2134 282 2161 esse
299 2120 420 2160 debet
438 2120 543 2160 inter
559 2126 774 2172 utramque
794 2119 952 2167 relatio,
970 2125 1013 2158 ut
1029 2118 1180 2158 bonum
1196 2119 1320 2158 unius
1341 2121 1394 2159 ad
1413 2121 1564 2162 bonum
1586 2125 1757 2168 alterius

190 2183 325 2232 ducat,
354 2183 566 2237 ipsiusque
596 2183 648 2223 sit
677 2184 790 2223 velut
818 2182 977 2223 initium
1007 2182 1073 2220 vel
1111 2183 1385 2234 praeparatio.
1419 2185 1615 2238 Quaeque
1648 2189 1756 2229 enim

189 2254 339 2288 natura
366 2247 474 2287 sicut
501 2260 628 2286 unum
656 2247 783 2287 habet
815 2260 913 2295 esse,
943 2246 1003 2285 sic
1032 2258 1158 2284 unum
1188 2245 1313 2286 habet
1335 2246 1478 2298 finem,
1501 2261 1573 2288 seu
1603 2250 1756 2292 bonum

189 2313 266 2353 sibi
298 2314 417 2366 plene
447 2313 672 2353 sufficiens.
703 2314 775 2361 Id,
804 2313 898 2353 aliis
925 2313 1076 2362 verbis,
1107 2313 1312 2366 importat,
1343 2319 1387 2352 ut
1415 2314 1540 2355 homo
1570 2316 1611 2355 in
1641 2331 1756 2369 prae-

188 2380 317 2419 sentis
341 2379 448 2419 vitae
469 2392 596 2418 cursu
626 2379 687 2418 sic
702 2392 748 2418 se
767 2378 965 2427 instituat,
988 2384 1031 2418 ut
1052 2380 1263 2418 actionum
1285 2379 1481 2419 exercitio
1502 2382 1555 2420 ad
1575 2383 1755 2436 adeptio-

188 2459 283 2487 nem
312 2444 442 2484 ultimi
471 2443 568 2483 finis
597 2458 643 2484 se
671 2445 747 2486 rite
777 2445 969 2497 disponat
990 2452 1028 2484 et
1058 2444 1222 2497 dirigat.

239 2514 302 2552 25.
320 2514 580 2552 Pnoposrrlo
596 2510 653 2550 2³.
672 2511 903 2551 Praedicta
921 2510 1099 2550 directio
1116 2514 1158 2550 et
1173 2511 1392 2564 dispositio
1411 2513 1596 2555 hominis
1615 2516 1672 2555 ad
1685 2518 1754 2556 al-

191 2579 338 2619 timum
352 2578 484 2630 finem
506 2578 550 2616 in
570 2577 720 2617 ordine
739 2577 904 2616 morali
917 2577 1194 2629 procurando
1217 2580 1557 2630 etpromovendo
1580 2582 1661 2621 sita
1684 2585 1754 2622 est.

239 2645 460 2685 Probatur.
490 2644 672 2684 Directio
702 2649 743 2684 et
774 2642 988 2695 dispositio
1018 2643 1200 2682 hominis
1221 2643 1289 2683 ad*
1303 2644 1491 2685 ultimum
1513 2647 1636 2686 finem
1658 2647 1754 2687 talis

188 2721 280 2748 esse
311 2708 442 2757 debet,
464 2713 507 2748 ut
522 2706 680 2747 homini
702 2706 743 2746 in
763 2707 846 2746 hac
867 2706 951 2746 vita
981 2705 1208 2745 maximam
1230 2706 1524 2758 perfectionem
1548 2708 1751 2761 importet;

187 2777 232 2811 ut
260 2772 444 2812 eiusdem
474 2770 687 2812 exsecutio
717 2770 759 2809 in
778 2769 960 2810 hominis
980 2774 1183 2821 potestate
1205 2769 1268 2818 sit;
1290 2775 1334 2810 ut
1367 2776 1640 2811 connectatur
1662 2785 1754 2811 cum

188 2837 271 2875 fine
287 2835 523 2883 universali,
541 2848 661 2888 quem
677 2835 790 2874 Deus
806 2833 1011 2885 spectavit
1027 2833 1068 2872 in
1085 2845 1223 2872 rerum
1239 2832 1510 2873 universitate
1534 2834 1753 2874 molienda.

186 2898 432 2950 ⁴Necessitas
447 2898 595 2938 horum
610 2897 735 2938 trium
749 2897 1042 2937 characterum
1058 2895 1212 2936 nemini
1230 2895 1355 2936 dubia
1372 2909 1465 2936 esse
1485 2902 1631 2948 potest.
1647 2898 1753 2935 Nam

273 2975 555 3006 LIBERATORE—
569 2974 703 3008 Etlzica
729 2976 763 3005 et
788 2974 852 3005 Ias
874 2975 1046 3005 naturae.
1613 2974 1629 3004 3
