1970 3203
466 217 601 244 oAPUT
630 217 669 243 11.
702 217 754 243 DE
784 217 952 244 officiis
981 216 1150 243 Hoivums
1179 216 1292 243 ERGA
1321 217 1437 243 DEUM
1670 205 1747 243 131

182 295 222 333 in
242 293 331 333 iure
361 297 548 339 naturae,
569 297 666 331 ante
687 305 851 331 omnem
873 298 1118 344 conceptum
1138 292 1361 340 societatis;
1393 305 1470 332 nec
1493 291 1582 331 eius
1603 290 1744 331 officia

183 361 235 399 ad
260 358 497 399 convictum
519 371 611 397 cum
632 356 725 397 aliis
744 358 980 398 hominibus
1000 358 1222 398 ineundum
1248 365 1319 398 aut
1338 358 1597 398 retinendum
1618 370 1744 410 spec-

183 429 284 471 tant,
305 423 379 462 sed
399 423 452 461 ad
472 421 650 462 debitam
674 422 915 463 servitutem
936 429 975 462 et
995 422 1236 474 obsequium
1259 424 1346 462 Deo
1369 422 1679 475 praestandum.

233 488 343 528 Hinc
364 488 488 527 etiam
518 486 671 527 inferes
688 487 902 528 stultitiam
919 499 1073 533 eorum,
1087 487 1155 539 qui
1173 488 1221 527 de
1237 489 1456 528 honestate
1473 486 1651 526 naturali
1667 486 1752 538 glo-

182 554 354 600 riantur,
371 552 574 604 religione
596 557 843 602 contempta;
866 558 906 591 et
920 550 1027 602 frugi
1047 550 1248 598 homines,
1265 551 1300 590 si
1322 550 1484 602 superis
1503 550 1650 602 placet,
1669 548 1750 588 dici

187 618 342 664 volunt,
362 621 582 668 propterea
610 615 718 667 quod
736 615 838 654 nihil
868 615 909 654 in
929 615 1034 654 alios
1054 613 1244 653 homines
1266 620 1454 665 peccant.
1487 615 1538 653 At
1559 619 1749 666 potestne

183 683 391 722 honestus
420 695 471 720 ac
500 681 635 721 bonus
665 680 904 729 existimari,
927 680 994 732 qui
1024 679 1166 732 primis
1198 680 1511 732 praecipuisque
1536 680 1641 732 legis
1670 693 1749 719 na-

188 757 308 789 turae
337 747 571 800 praeceptis
599 760 682 786 non
713 746 996 799 obtemperat,
1027 752 1066 785 et
1095 745 1336 797 obligationi
1376 748 1626 794 reluctatur,
1669 758 1751 797 qua

186 819 270 851 tam
303 820 419 853 arcte
448 814 500 853 ab
529 813 673 852 ordine
702 813 874 852 rationis
903 809 1206 862 adstringitur?

230 880 292 919 29.
325 880 587 919 PRoposmo
617 878 661 917 2³
690 878 930 930 Reliqionis
951 877 1040 917 alia
1052 890 1164 929 pars
1184 878 1244 915 est
1266 876 1504 924 theoretica,
1529 877 1616 916 αζία
1632 889 1743 929 pra—

184 944 304 983 ctica:
340 947 522 995 utraque
552 956 648 982 vero
680 956 706 981 a
738 942 829 982 iure
860 945 1043 981 natm-ae
1066 940 1348 993 praecipitur.

238 1006 362 1045 Prob.
393 1006 534 1044 Prima
568 1019 665 1057 pars
696 1005 816 1046 facile
846 1011 969 1058 patet.
1010 1006 1115 1044 Nam
1149 1004 1311 1056 Religio
1347 1003 1633 1055 complectitur
1661 1017 1746 1044 non

185 1070 307 1109 modo
329 1069 574 1122 obsequium
594 1076 633 1109 et
649 1069 893 1109 famulatum
915 1070 1002 1108 Deo
1025 1067 1332 1120 praestandum,
1355 1074 1521 1119 propter
1543 1080 1748 1107 summam

183 1134 273 1173 eius
305 1133 608 1181 excellentiam
634 1147 774 1173 verum
796 1133 920 1173 etiam
950 1133 1136 1172 notitiam
1156 1131 1420 1184 perfectionis
1442 1132 1604 1171 divinae
1625 1140 1664 1172 et
1683 1138 1750 1172 at-

179 1200 444 1247 tributorum,
475 1213 524 1241 ex
556 1199 702 1252 quibus
733 1198 981 1239 excellentia
1008 1197 1080 1236 illa
1108 1197 1228 1236 nobis
1259 1196 1493 1237 innotescit.
1525 1197 1642 1237 Haec
1671 1210 1750 1237 no·-

178 1264 280 1312 titia‚
312 1276 365 1303 ex
392 1263 605 1316 principiis
633 1269 808 1303 naturae
827 1264 992 1310 hausta,
1024 1260 1238 1301 constituit
1268 1266 1429 1312 partem
1463 1259 1747 1310 theoreticam;

184 1328 427 1381 obsequium
458 1341 556 1368 vero
587 1335 626 1368 et
657 1328 817 1369 debitus
846 1328 1094 1375 famulatus,
1128 1326 1194 1379 qui
1221 1325 1316 1364 inde
1346 1324 1624 1376 consequitur,
1657 1338 1752 1364 con-

183 1394 314 1434 stituit
343 1400 502 1445 partem
524 1394 761 1445 practicam.
787 1395 899 1445 Ergo
921 1392 1085 1444 Religio
1116 1390 1401 1443 complectitur
1423 1390 1631 1442 duplicem
1651 1404 1750 1444 par-

183 1466 278 1505 tem,
308 1458 435 1497 aliam
463 1457 736 1497 theoreticam
766 1463 805 1496 et
834 1458 959 1496 aliam
989 1455 1230 1508 practicam.

236 1524 357 1570 Quod
378 1537 479 1564 vero
499 1530 672 1575 utraque
703 1536 800 1575 pars
820 1522 1096 1575 praecipiatur
1125 1534 1151 1559 a
1171 1520 1259 1559 iure
1290 1528 1476 1566 naturae,
1498 1532 1581 1558 non
1611 1519 1749 1559 minus

180 1595 365 1641 apparet.
401 1590 506 1628 Nam
536 1590 674 1637 homo,
706 1602 800 1628 cum
821 1588 1016 1629 facultate
1045 1585 1328 1638 cognoscendi
1359 1590 1397 1624 et
1427 1584 1622 1624 facultate
1653 1597 1745 1636 ope-

178 1654 298 1694 randi
315 1654 509 1705 gaudeat,
527 1653 739 1705 utriusque
760 1653 922 1693 actibus
943 1666 987 1692 se
1004 1652 1056 1690 ad
1076 1652 1208 1690 Deum
1228 1650 1382 1689 referre
1404 1650 1535 1689 debet.
1554 1650 1745 1688 Iamvero

179 1731 224 1758 se
255 1717 411 1757 referre
443 1718 496 1756 ad
517 1718 649 1757 Deum
679 1717 875 1756 facultate
896 1714 1176 1767 cognoscendi
1206 1713 1324 1753 aliter
1351 1713 1503 1761 nequit,
1533 1711 1612 1750 nisi
1642 1725 1747 1764 qua—

178 1791 298 1825 tenus
318 1784 575 1824 intellectum
597 1789 766 1822 exercet
779 1783 822 1822 in
844 1782 919 1821 Dei
939 1780 1084 1820 notitia
1104 1780 1179 1819 rite
1197 1778 1490 1830 comparanda;
1510 1778 1744 1830 pariterque

180 1848 320 1901 nequit
349 1861 394 1888 se
415 1847 570 1888 referre
591 1847 644 1886 ad
673 1848 805 1887 Deum
825 1845 1020 1885 facultate
1049 1843 1258 1896 operandi,
1279 1842 1359 1881 nisi
1381 1848 1585 1894 quatenus
1610 1841 1667 1880 illi
1685 1841 1753 1881 de<

177 1915 306 1954 bitum
336 1916 491 1954 cultum
521 1921 561 1953 et
590 1912 833 1965 obsequium
862 1917 1057 1963 praestat.

232 1981 363 2018 Porro
393 1979 461 2031 qui
489 1979 532 2018 in
563 1977 638 2017 Dei
669 1977 815 2016 notitia
843 1975 904 2015 sic
934 1979 1056 2022 errat,
1087 1982 1131 2014 ut
1152 1973 1229 2024 ipsi
1259 1979 1329 2011 aut
1350 1970 1643 2011 convenientia
1674 1975 1742 2009 at-

177 2043 332 2084 tributa
360 2048 484 2095 neget
508 2048 580 2082 aut
600 2040 877 2094 repugnantia
897 2039 1106 2091 appingat‚
1137 2037 1403 2089 blasphemus
1430 2034 1552 2083 audit;
1578 2033 1645 2087 qui
1667 2046 1746 2072 au-

177 2115 261 2148 tem
291 2108 471 2149 debitum
501 2108 654 2147 cultum
686 2113 725 2146 et
754 2105 997 2157 obsequium
1029 2103 1240 2150 detrectet,
1264 2101 1422 2154 impius
1451 2100 1693 2151 appellatur.

232 2173 294 2214 30.
327 2173 581 2213 PRoposrrlo
613 2171 668 2211 3³.
697 2170 867 2223 Reliyio
890 2171 1032 2221 potest
1052 2168 1094 2206 in
1121 2166 1463 2220 superstitionem
1483 2165 1746 2216 degenerare

180 2252 229 2279 eoe
257 2239 421 2291 duplici
441 2238 593 2290 capita·
617 2239 678 2276 vel
699 2237 801 2289 qaia
822 2235 982 2275 eoelzibet
1002 2235 1163 2273 cultam
1183 2232 1387 2280 divinam,
1410 2231 1482 2270 etti
1510 2243 1595 2269 non
1616 2230 1743 2278 debet,

184 2307 247 2344 vel
276 2305 380 2357 quia
409 2304 571 2344 exhibet
597 2303 668 2342 eui
692 2302 819 2351 debet,
849 2301 922 2341 sed
951 2314 996 2340 eo
1028 2300 1162 2347 modo,
1192 2312 1273 2352 qao
1306 2311 1390 2337 non
1418 2296 1543 2336 debet.

232 2368 355 2407 Prob.
391 2367 637 2419 Superstitio
669 2366 772 2405 nihil
801 2372 865 2405 est
892 2365 1016 2412 aliud,
1047 2363 1126 2402 nisi
1155 2363 1262 2403 falsa
1278 2362 1434 2414 religio.
1466 2362 1656 2400 Iamvero
1678 2373 1747 2400 re-

178 2434 276 2486 ligio
306 2434 414 2473 falsa
444 2446 537 2472 esse
566 2439 701 2484 potest
730 2432 797 2471 vel
826 2431 986 2470 ratione
1015 2429 1176 2477 obiecti,
1205 2429 1270 2468 vel
1300 2427 1461 2467 ratione
1490 2426 1612 2465 modi.
1650 2426 1745 2466 Pri-

175 2513 289 2538 mum
319 2498 475 2539 accidit
495 2498 530 2537 si
551 2497 593 2536 in
610 2497 685 2537 Dei
706 2498 842 2537 locum
865 2495 1124 2536 substituitur
1144 2503 1348 2542 creatura,
1366 2499 1408 2533 ut
1428 2493 1470 2531 in
1500 2492 1743 2540 idololatria;

180 2563 408 2604 secundum
440 2575 551 2610 vero,
582 2562 617 2601 si
646 2561 688 2600 in
718 2562 830 2600 cultu
860 2560 946 2600 veri
975 2559 1051 2599 Dei
1080 2558 1233 2611 aliquid
1267 2557 1547 2610 perniciosum
1577 2557 1642 2596 vel
1671 2569 1743 2595 su-

180 2630 384 2681 perfluum
414 2627 678 2667 admiscetur.

233 2694 365 2733 Porro
389 2692 668 2744 perniciosum
685 2691 727 2730 in
743 2692 857 2731 cultu
874 2696 947 2739 est,
964 2689 1158 2743 quidquid
1168 2688 1318 2728 falsum
1336 2694 1405 2727 aut
1421 2685 1674 2727 contrarium
1691 2682 1745 2722 di-

182 2757 303 2797 vinae
319 2756 637 2809 praescriptioni
654 2756 894 2805 obtruditur;
915 2762 961 2796 ut
981 2754 1015 2795 si
1036 2754 1127 2807 quis
1147 2766 1212 2793 eX.
1224 2767 1286 2806 gr.
1302 2752 1502 2805 mysteria
1518 2750 1747 2790 celebraret

183 2828 258 2862 aut
277 2822 360 2862 alia
380 2829 451 2862 aut
470 2823 600 2871 aliter,
622 2836 745 2875 quam
767 2823 882 2863 Deus
902 2822 967 2862 vel
988 2819 1214 2860 auctoritas
1232 2818 1442 2871 religiosa,
1469 2831 1494 2856 a
1516 2817 1603 2855 Deo
1624 2811 1745 2853 insti-

187 2892 287 2936 tuta,
300 2887 603 2928 determinavit.
622 2888 708 2928 Erit
724 2894 862 2928 autem
879 2887 1144 2939 superfluum,
1156 2884 1190 2926 si
1205 2884 1276 2924 fini
1287 2897 1369 2924 non
1386 2881 1619 2934 respondet,
1631 2890 1747 2931 prop-
