1970 3203
213 225 265 266 88
899 235 1117 262 ETnch

211 326 257 353 se
279 313 438 365 diligat,
459 326 603 353 verum
626 312 751 353 etiam
769 318 812 351 ut
831 311 1018 350 ordinem
1039 324 1065 350 a
1081 310 1221 350 divina
1238 310 1442 362 sapientia
1458 309 1659 349 dictatum
1680 311 1792 346 amet

214 379 443 420 efficaciter
472 387 592 419 extra
622 392 667 419 se
697 385 822 430 atque
852 391 877 417 a
908 377 1058 417 ceteris
1079 377 1245 416 entibus
1266 377 1518 417 servandum
1540 375 1650 424 velit,
1672 380 1792 426 prout

211 443 474 496 singulorum
497 449 647 481 natura
669 441 757 482 sert.
779 441 825 480 Id
847 453 947 481 vero
972 448 1167 493 respectu
1188 448 1363 480 naturae
1385 441 1602 481 rationalis
1623 446 1663 479 et
1683 438 1790 479 libe-

211 520 285 546 rae
316 520 399 546 non
432 507 552 546 aliter
582 506 690 547 effici
720 513 868 559 potest,
901 506 980 545 nisi
1000 505 1328 558 praescriptione
1350 512 1390 545 et
1410 506 1515 558 lege,
1536 518 1621 558 qua
1642 502 1801 543 ordinis

211 571 339 611 huius
369 572 642 612 observantia
669 572 872 612 iubeatur.
906 574 1104 624 Itemque,
1126 571 1260 610 bonus
1282 577 1323 611 et
1344 569 1515 623 sapiens
1534 569 1794 622 gubernator

213 644 399 685 naturas,
432 650 534 677 suae
565 650 692 677 curae
727 637 988 686 commissas,
1019 636 1073 676 ad
1097 635 1278 676 debitum
1298 637 1426 675 finem
1448 635 1626 687 dirigere
1647 639 1687 675 et
1706 647 1804 687 pro-

214 716 383 743 movere
413 703 546 743 debet.
579 704 626 743 Id
658 703 783 756 igitur
804 704 917 742 Deus
938 708 1135 755 praestat;
1157 702 1421 754 potissimum
1441 706 1636 754 respectu
1655 700 1794 741 homi·

213 768 291 818 nis,
322 770 390 821 qui
420 770 659 809 mundanae
689 769 916 810 creationis
947 776 1149 821 estapex
1178 776 1218 808 et
1239 769 1603 821 complementum.
1626 769 1684 807 At
1705 781 1800 807 cum

212 835 339 875 homo
360 835 464 876 liber
485 836 551 884 sit,
573 849 656 876 non
678 836 762 876 alia
781 836 942 875 ratione
959 835 1000 874 in
1018 836 1145 875 finem
1163 840 1202 875 et
1219 835 1367 883 media,
1387 848 1493 887 quae
1514 835 1612 888 illuc
1631 835 1799 882 ducant,

212 901 377 941 incitari
408 908 556 954 potest,
587 902 667 942 nisi
690 903 793 954 lege,
816 915 923 954 quae
944 902 1123 941 iubendo
1146 908 1185 942 et
1215 902 1394 942 vetando
1417 915 1501 941 non
1523 901 1697 953 physice
1719 901 1795 941 sed

211 966 424 1007 moraliter
455 966 701 1018 adstringat.
724 968 836 1017 Ergo
856 972 1084 1018 conceptus
1115 966 1348 1018 provisoris
1377 966 1419 1005 in
1451 967 1551 1015 Deo,
1583 966 1795 1006 exsisten-

213 1030 313 1069 tiam
342 1031 450 1082 legis
481 1031 685 1070 naturalis
715 1030 910 1083 importat
940 1031 981 1069 in
1012 1030 1193 1070 homine.

271 1095 356 1134 Nec
379 1095 497 1134 dicas
519 1095 572 1134 ad
596 1095 851 1135 voluntatem
878 1095 1060 1135 hominis
1081 1095 1122 1134 in
1143 1095 1357 1148 proprium
1375 1095 1582 1135 obiectum
1600 1094 1801 1133 inclinan-

213 1158 306 1197 dam
329 1159 527 1199 sufficere
544 1160 700 1200 iudicia
719 1160 907 1209 rationis,
931 1161 1080 1214 quibus
1103 1162 1326 1201 honestum
1343 1168 1383 1201 et
1400 1161 1537 1202 debito
1555 1161 1688 1202 ordini
1704 1174 1799 1202 con-

212 1222 388 1262 veniens
418 1237 444 1263 a
475 1225 580 1276 turpi
610 1231 650 1264 et
680 1233 855 1265 naturae
877 1226 1088 1265 contrario
1111 1225 1412 1279 distinguatur;
1437 1227 1534 1279 quin
1556 1240 1660 1279 opus
1681 1226 1734 1265 sit
1755 1237 1799 1265 ut

214 1287 417 1326 eiusmodi
439 1287 593 1328 iudicia
612 1289 788 1330 induant
809 1291 1012 1331 rationem
1035 1290 1153 1343 legis,
1176 1304 1226 1331 ac
1245 1291 1416 1344 proinde
1433 1291 1684 1331 obiiciantur
1701 1297 1801 1329 tam-

215 1365 339 1404 quam
360 1353 478 1393 iussa
496 1354 648 1404 divina,
671 1357 820 1408 quibus
841 1358 1132 1410 obtemperare
1151 1363 1380 1398 teneamur.
1405 1360 1512 1398 Nam
1532 1358 1574 1397 in
1596 1356 1739 1409 primis
1760 1356 1797 1397 si

216 1416 274 1456 ita
294 1424 417 1466 esset,
435 1418 541 1459 ratio
561 1421 846 1472 providentiae
864 1422 905 1461 in
923 1423 1013 1462 Deo
1030 1436 1114 1462 non
1132 1423 1234 1462 satis
1252 1429 1505 1471 servaretur-3
1523 1435 1619 1462 cum
1636 1421 1800 1473 concipi

212 1488 393 1533 nequeat
410 1491 549 1524 rectus
566 1491 610 1525 et
625 1485 758 1525 bonus
773 1486 1041 1538 gubernator,
1053 1486 1150 1538 quin
1166 1486 1200 1526 is
1217 1486 1340 1526 simul
1358 1487 1618 1539 concipiatur
1635 1487 1740 1525 velle
1757 1492 1798 1526 et

212 1547 354 1589 iubere
372 1563 434 1598 ea,
453 1564 559 1603 quae
575 1553 676 1591 ordo
694 1553 834 1602 dictat,
856 1567 906 1593 ac
928 1554 1037 1593 nolle
1055 1561 1094 1592 et
1111 1562 1253 1593 vetare
1271 1553 1495 1593 contraria.
1512 1552 1670 1593 Deinde
1688 1553 1795 1592 ratio

214 1626 287 1665 per
315 1614 480 1664 iudicia,
512 1618 791 1658 moralitatem
822 1619 1003 1659 actionis
1032 1626 1190 1658 tantum
1220 1619 1462 1670 aperienffia,
1488 1632 1571 1658 non
1592 1619 1704 1657 aliud
1728 1619 1794 1658 fa—

213 1686 337 1726 ceret,
367 1679 446 1719 nisi
468 1680 675 1721 obiectum
698 1683 902 1723 voluntati
924 1696 1167 1735 proponere.
1192 1683 1408 1723 Obiectum
1434 1682 1542 1722 enim
1564 1682 1796 1723 voluntatis

212 1743 422 1794 proprium
454 1752 517 1784 est
547 1746 700 1785 bonum
724 1752 763 1786 et
792 1747 959 1795 malum,
982 1760 1067 1786 non
1087 1747 1308 1799 physicum
1324 1747 1398 1786 sed
1419 1747 1588 1786 morale.
1606 1748 1660 1785 At
1682 1759 1792 1793 vero,

212 1817 255 1848 ut
286 1810 381 1859 dixi,
414 1826 603 1865 quaeque
634 1813 813 1854 facultas
844 1814 1188 1854 determinatione
1219 1821 1312 1866 eget
1343 1814 1456 1853 circa
1478 1813 1688 1853 obiectum
1711 1812 1790 1852 sibi

212 1876 485 1926 respondens.
518 1878 628 1929 Ergo
660 1879 854 1918 voluntas
885 1887 928 1917 ut
957 1878 1009 1916 ad
1040 1878 1195 1917 bonum
1224 1878 1301 1917 sibi
1323 1877 1532 1930 proprium
1555 1877 1794 1925 inclinetur,

213 1938 326 1977 aliud
354 1938 396 1977 in
426 1940 476 1979 iis
506 1940 668 1981 iudiciis
698 1942 878 1994 requirit,
903 1949 1066 1994 praeter
1087 1942 1242 1980 nudam
1274 1941 1522 1981 moralitatis
1552 1940 1790 1980 manifesta-

214 2004 380 2044 tionem.
415 2006 507 2047 Hoc
540 2013 680 2047 autem
710 2009 823 2048 aliud
853 2021 948 2048 esse
979 2022 1061 2048 non
1092 2014 1240 2060 potest,
1262 2007 1343 2047 nisi
1365 2007 1471 2048 ratio
1493 2006 1705 2059 praecepti
1725 2013 1795 2045 aut

215 2071 505 2122 prohibitionis
531 2105 540 2121 ‚
572 2087 679 2126 quae
705 2088 789 2114 non
821 2075 944 2114 modo
974 2075 1027 2114 ad
1057 2074 1243 2114 divinum
1272 2074 1540 2121 intellectum,
1571 2073 1644 2112 sed
1674 2073 1800 2112 etiam

215 2137 268 2176 ad
299 2137 480 2177 divinam
512 2141 767 2180 voluntatem
798 2148 1033 2193 respectum
1064 2140 1228 2179 habeat.
1261 2139 1447 2192 Denique
1477 2139 1517 2178 id
1539 2139 1708 2179 omnino
1730 2152 1796 2190 po-

215 2201 345 2241 scitur
360 2216 385 2242 a
401 2203 636 2244 conditione
658 2205 971 2257 dependenfiae,
988 2218 1094 2258 quae
1114 2212 1356 2256 competens
1377 2203 1429 2243 sit
1445 2203 1646 2243 voluntati
1670 2215 1794 2242 crea-

216 2273 295 2304 tae.
327 2267 434 2305 Nam
467 2276 610 2307 creata
640 2269 832 2308 voluntas
855 2282 937 2308 non
961 2269 1083 2309 modo
1104 2267 1199 2321 quia
1220 2268 1436 2308 rationalis
1461 2274 1536 2316 est,
1560 2267 1800 2320 dependens

215 2338 279 2370 est
308 2345 333 2370 a
363 2347 559 2386 suprema
587 2335 767 2383 ratione3
797 2336 871 2375 sed
899 2335 1035 2383 etiam,
1066 2336 1163 2386 quia
1192 2334 1321 2374 libera
1350 2334 1392 2373 in
1421 2334 1588 2386 agendo
1620 2340 1697 2382 est,
1729 2334 1794 2373 de-
1854 2343 1859 2348 ·

216 2399 403 2449 pendens
434 2406 496 2440 est
527 2414 552 2440 a
580 2413 774 2453 suprema
804 2402 1029 2450 voluntate,
1060 2400 1255 2440 nimirum
1286 2401 1374 2440 Dei.
1410 2401 1522 2453 Ergo
1554 2400 1588 2440 si
1609 2399 1794 2452 operatio

216 2464 498 2504 conditionem
528 2474 702 2505 naturae
733 2465 849 2517 sequi
880 2465 1024 2515 debet;
1056 2478 1105 2505 ea
1135 2464 1214 2505 erit
1242 2464 1352 2504 actio
1381 2463 1581 2505 voluntati
1611 2476 1796 2503 consen-

214 2535 352 2574 tanea,
383 2541 490 2579 quae
520 2538 738 2582 utramque
761 2529 1081 2581 dependentiam
1101 2528 1298 2568 involvat.
1322 2530 1518 2568 Iamvero
1539 2527 1574 2567 si
1598 2527 1796 2565 iudicium

215 2594 469 2634 voluntatem
487 2595 682 2648 dirigenS‚
701 2598 979 2637 moralitatem
998 2596 1214 2635 dumtaxat
1230 2595 1409 2635 actionis
1426 2594 1676 2641 ostenderet,
1697 2593 1799 2645 quin

216 2661 426 2712 praecepti
458 2661 660 2701 rationem
692 2663 944 2711 contineret3
978 2662 1202 2702 voluntatis
1232 2661 1518 2714 operationem
1549 2673 1575 2698 a
1597 2673 1798 2711 suprema

216 2726 381 2778 quidem
410 2727 572 2767 ratione
603 2728 903 2779 dependentem
933 2728 1146 2775 efficeret,
1177 2735 1220 2767 at
1249 2726 1566 2779 dependentiam
1601 2738 1628 2764 a
1655 2724 1801 2764 divina

218 2794 429 2832 voluntate
459 2792 517 2832 illi
538 2793 775 2845 neutiquam
798 2794 1088 2846 impertiretur.
1108 2795 1164 2833 Ut
1184 2792 1297 2832 enim
1319 2793 1512 2831 voluntas
1535 2797 1682 2831 creata
1704 2797 1802 2830 actu

218 2873 294 2899 suo
325 2857 528 2898 eiusmodi
559 2859 876 2910 dependentiam
906 2861 1160 2912 profiteatur,
1192 2871 1320 2910 agere
1352 2858 1474 2898 debet
1496 2864 1712 2910 tamquam
1735 2867 1803 2897 vo-'

219 2921 438 2964 luntas-ab
469 2921 674 2962 altissima
703 2923 772 2962 illa
803 2924 1015 2962 voluntate
1047 2930 1173 2962 mota:
1208 2923 1406 2963 voluntas
1435 2928 1586 2970 autem,
1617 2928 1661 2962 ut
1690 2922 1797 2970 talis,
