<?xml version="1.0" encoding="UTF-8"?>
<!DOCTYPE html PUBLIC "-//W3C//DTD XHTML 1.0 Transitional//EN"
    "http://www.w3.org/TR/xhtml1/DTD/xhtml1-transitional.dtd">
<html xmlns="http://www.w3.org/1999/xhtml" xml:lang="en" lang="en">
 <head>
  <title>
</title>
<meta http-equiv="Content-Type" content="text/html;charset=utf-8" />
  <meta name='ocr-system' content='tesseract 3.04.00' />
  <meta name='ocr-capabilities' content='ocr_page ocr_carea ocr_par ocr_line ocrx_word'/>
</head>
<body>
  <div class='ocr_page' id='page_1' title='image "./institutioneseth00libe_0188.png"; bbox 0 0 1970 3203; ppageno 0'>
   <div class='ocr_carea' id='block_1_1' title="bbox 165 214 1406 261">
    <p class='ocr_par' dir='ltr' id='par_1_1' title="bbox 165 214 1406 261">
     <span class='ocr_line' id='line_1_1' title="bbox 165 214 1406 261; baseline 0.006 -8"><span class='ocrx_word' id='word_1_1' title='bbox 165 214 242 254; x_wconf 74' lang='lat'>184</span> <span class='ocrx_word' id='word_1_2' title='bbox 497 229 562 257; x_wconf 80' lang='lat' dir='ltr'>IUS</span> <span class='ocrx_word' id='word_1_3' title='bbox 592 231 957 259; x_wconf 74' lang='lat' dir='ltr'><strong>NATURAE-PARS</strong></span> <span class='ocrx_word' id='word_1_4' title='bbox 988 232 1010 257; x_wconf 93' lang='lat'>1.</span> <span class='ocrx_word' id='word_1_5' title='bbox 1041 232 1108 260; x_wconf 89' lang='lat' dir='ltr'>lUS</span> <span class='ocrx_word' id='word_1_6' title='bbox 1138 233 1406 261; x_wconf 82' lang='lat' dir='ltr'>INDIVIDUALE</span> 
     </span>
    </p>
   </div>
   <div class='ocr_carea' id='block_1_2' title="bbox 150 302 1746 2972">
    <p class='ocr_par' dir='ltr' id='par_1_2' title="bbox 162 302 1746 622">
     <span class='ocr_line' id='line_1_2' title="bbox 165 302 1746 363; baseline 0.006 -23"><span class='ocrx_word' id='word_1_7' title='bbox 165 302 327 354; x_wconf 89' lang='lat' dir='ltr'>utrique</span> <span class='ocrx_word' id='word_1_8' title='bbox 358 303 463 355; x_wconf 88' lang='lat' dir='ltr'>parti</span> <span class='ocrx_word' id='word_1_9' title='bbox 485 304 641 356; x_wconf 88' lang='lat' dir='ltr'>aliquid</span> <span class='ocrx_word' id='word_1_10' title='bbox 669 307 970 357; x_wconf 87' lang='lat' dir='ltr'>praestandum</span> <span class='ocrx_word' id='word_1_11' title='bbox 993 307 1224 360; x_wconf 72' lang='lat' dir='ltr'>imponunt,</span> <span class='ocrx_word' id='word_1_12' title='bbox 1256 308 1334 349; x_wconf 89' lang='lat' dir='ltr'>etsi</span> <span class='ocrx_word' id='word_1_13' title='bbox 1363 322 1469 350; x_wconf 89' lang='lat' dir='ltr'>onus</span> <span class='ocrx_word' id='word_1_14' title='bbox 1491 310 1647 351; x_wconf 86' lang='lat' dir='ltr'>diversi</span> <span class='ocrx_word' id='word_1_15' title='bbox 1667 323 1746 363; x_wconf 86' lang='lat' dir='ltr'>ge-</span> 
     </span>
     <span class='ocr_line' id='line_1_3' title="bbox 165 366 1745 426; baseline 0.007 -22"><span class='ocrx_word' id='word_1_16' title='bbox 165 366 277 405; x_wconf 89' lang='lat' dir='ltr'>neris</span> <span class='ocrx_word' id='word_1_17' title='bbox 308 379 402 407; x_wconf 89' lang='lat' dir='ltr'>esse</span> <span class='ocrx_word' id='word_1_18' title='bbox 434 367 576 418; x_wconf 80' lang='lat' dir='ltr'>possit.</span> <span class='ocrx_word' id='word_1_19' title='bbox 609 369 786 417; x_wconf 81' lang='lat' dir='ltr'>Contra,</span> <span class='ocrx_word' id='word_1_20' title='bbox 822 371 1084 424; x_wconf 77' lang='lat' dir='ltr'><em>inaequales,</em></span> <span class='ocrx_word' id='word_1_21' title='bbox 1115 372 1184 425; x_wconf 89' lang='lat' dir='ltr'>qui</span> <span class='ocrx_word' id='word_1_22' title='bbox 1214 373 1338 413; x_wconf 88' lang='lat' dir='ltr'>etiam</span> <span class='ocrx_word' id='word_1_23' title='bbox 1365 375 1554 426; x_wconf 71' lang='lat' dir='ltr'>yrataiti</span> <span class='ocrx_word' id='word_1_24' title='bbox 1583 381 1621 414; x_wconf 89' lang='lat' dir='ltr'>et</span> <span class='ocrx_word' id='word_1_25' title='bbox 1645 376 1745 414; x_wconf 76' lang='lat' dir='ltr'>ani-</span> 
     </span>
     <span class='ocr_line' id='line_1_4' title="bbox 167 432 1745 492; baseline 0.006 -22"><span class='ocrx_word' id='word_1_26' title='bbox 167 432 371 473; x_wconf 82' lang='lat' dir='ltr'>lateralcs</span> <span class='ocrx_word' id='word_1_27' title='bbox 400 441 620 482; x_wconf 72' lang='lat' dir='ltr'>vocantur,</span> <span class='ocrx_word' id='word_1_28' title='bbox 652 441 750 475; x_wconf 89' lang='lat' dir='ltr'>tunc</span> <span class='ocrx_word' id='word_1_29' title='bbox 780 436 1001 486; x_wconf 57' lang='lat' dir='ltr'>habeutum</span> <span class='ocrx_word' id='word_1_30' title='bbox 1034 452 1129 478; x_wconf 92' lang='lat' dir='ltr'>cum</span> <span class='ocrx_word' id='word_1_31' title='bbox 1158 453 1242 479; x_wconf 91' lang='lat' dir='ltr'>una</span> <span class='ocrx_word' id='word_1_32' title='bbox 1272 454 1370 492; x_wconf 86' lang='lat' dir='ltr'>pars</span> <span class='ocrx_word' id='word_1_33' title='bbox 1390 440 1609 481; x_wconf 78' lang='lat' dir='ltr'><strong>dumtaxat</strong></span> <span class='ocrx_word' id='word_1_34' title='bbox 1637 442 1745 482; x_wconf 86' lang='lat' dir='ltr'>obli-</span> 
     </span>
     <span class='ocr_line' id='line_1_5' title="bbox 162 497 1746 561; baseline 0.006 -24"><span class='ocrx_word' id='word_1_35' title='bbox 162 497 377 550; x_wconf 84' lang='lat' dir='ltr'>gationem</span> <span class='ocrx_word' id='word_1_36' title='bbox 410 499 487 540; x_wconf 86' lang='lat' dir='ltr'>sibi</span> <span class='ocrx_word' id='word_1_37' title='bbox 517 502 705 551; x_wconf 80' lang='lat' dir='ltr'>assumit,</span> <span class='ocrx_word' id='word_1_38' title='bbox 737 503 871 543; x_wconf 89' lang='lat' dir='ltr'>altera</span> <span class='ocrx_word' id='word_1_39' title='bbox 901 518 999 544; x_wconf 77' lang='lat' dir='ltr'>vero</span> <span class='ocrx_word' id='word_1_40' title='bbox 1030 505 1070 544; x_wconf 94' lang='lat' dir='ltr'>id</span> <span class='ocrx_word' id='word_1_41' title='bbox 1091 507 1199 559; x_wconf 92' lang='lat' dir='ltr'>quod</span> <span class='ocrx_word' id='word_1_42' title='bbox 1230 508 1401 547; x_wconf 80' lang='lat' dir='ltr'>offertur</span> <span class='ocrx_word' id='word_1_43' title='bbox 1436 514 1640 561; x_wconf 85' lang='lat' dir='ltr'>acceptat,</span> <span class='ocrx_word' id='word_1_44' title='bbox 1671 509 1746 548; x_wconf 87' lang='lat' dir='ltr'>sed</span> 
     </span>
     <span class='ocr_line' id='line_1_6' title="bbox 163 564 943 622; baseline 0.009 -20"><span class='ocrx_word' id='word_1_45' title='bbox 163 564 264 604; x_wconf 87' lang='lat' dir='ltr'>nihil</span> <span class='ocrx_word' id='word_1_46' title='bbox 296 578 342 604; x_wconf 92' lang='lat' dir='ltr'>se</span> <span class='ocrx_word' id='word_1_47' title='bbox 372 567 669 618; x_wconf 86' lang='lat' dir='ltr'>praestituram</span> <span class='ocrx_word' id='word_1_48' title='bbox 701 570 943 622; x_wconf 77' lang='lat' dir='ltr'>paciscitur.</span> 
     </span>
    </p>

    <p class='ocr_par' dir='ltr' id='par_1_3' title="bbox 157 630 1746 1524">
     <span class='ocr_line' id='line_1_7' title="bbox 214 630 1738 692; baseline 0.007 -22"><span class='ocrx_word' id='word_1_49' title='bbox 214 630 281 670; x_wconf 86' lang='lat' dir='ltr'>Ad</span> <span class='ocrx_word' id='word_1_50' title='bbox 309 645 444 684; x_wconf 87' lang='lat' dir='ltr'>genus</span> <span class='ocrx_word' id='word_1_51' title='bbox 475 640 765 675; x_wconf 77' lang='lat' dir='ltr'>contractuum</span> <span class='ocrx_word' id='word_1_52' title='bbox 789 637 1025 690; x_wconf 78' lang='lat' dir='ltr'>aequalium</span> <span class='ocrx_word' id='word_1_53' title='bbox 1057 645 1311 679; x_wconf 73' lang='lat' dir='ltr'>revocantur</span> <span class='ocrx_word' id='word_1_54' title='bbox 1341 641 1669 692; x_wconf 90' lang='lat' dir='ltr'>permutationes</span> <span class='ocrx_word' id='word_1_55' title='bbox 1690 654 1738 681; x_wconf 87' lang='lat' dir='ltr'>o-</span> 
     </span>
     <span class='ocr_line' id='line_1_8' title="bbox 160 700 1741 757; baseline 0.007 -24"><span class='ocrx_word' id='word_1_56' title='bbox 160 707 292 741; x_wconf 87' lang='lat' dir='ltr'>mnes,</span> <span class='ocrx_word' id='word_1_57' title='bbox 322 709 610 751; x_wconf 87' lang='lat' dir='ltr'>quaecumque</span> <span class='ocrx_word' id='word_1_58' title='bbox 631 700 725 749; x_wconf 91' lang='lat' dir='ltr'>sint,</span> <span class='ocrx_word' id='word_1_59' title='bbox 757 701 846 740; x_wconf 88' lang='lat' dir='ltr'>sive</span> <span class='ocrx_word' id='word_1_60' title='bbox 876 714 1013 741; x_wconf 87' lang='lat' dir='ltr'>rerum</span> <span class='ocrx_word' id='word_1_61' title='bbox 1044 701 1134 741; x_wconf 89' lang='lat' dir='ltr'>sive</span> <span class='ocrx_word' id='word_1_62' title='bbox 1164 716 1346 755; x_wconf 88' lang='lat' dir='ltr'>operum.</span> <span class='ocrx_word' id='word_1_63' title='bbox 1380 704 1440 743; x_wconf 93' lang='lat' dir='ltr'>Eo</span> <span class='ocrx_word' id='word_1_64' title='bbox 1458 704 1582 757; x_wconf 88' lang='lat' dir='ltr'>igitur</span> <span class='ocrx_word' id='word_1_65' title='bbox 1611 704 1741 744; x_wconf 86' lang='lat' dir='ltr'>inclu-</span> 
     </span>
     <span class='ocr_line' id='line_1_9' title="bbox 161 761 1741 823; baseline 0.007 -25"><span class='ocrx_word' id='word_1_66' title='bbox 161 761 313 800; x_wconf 86' lang='lat' dir='ltr'>duntur</span> <span class='ocrx_word' id='word_1_67' title='bbox 341 762 553 815; x_wconf 88' lang='lat' dir='ltr'>inprimis</span> <span class='ocrx_word' id='word_1_68' title='bbox 585 771 840 816; x_wconf 88' lang='lat' dir='ltr'>contractus,</span> <span class='ocrx_word' id='word_1_69' title='bbox 866 767 934 820; x_wconf 91' lang='lat' dir='ltr'>qui</span> <span class='ocrx_word' id='word_1_70' title='bbox 967 767 1524 821; x_wconf 83' lang='lat' dir='ltr'>innominatiappellantur,</span> <span class='ocrx_word' id='word_1_71' title='bbox 1555 776 1678 823; x_wconf 86' lang='lat' dir='ltr'>atque</span> <span class='ocrx_word' id='word_1_72' title='bbox 1698 771 1741 810; x_wconf 92' lang='lat' dir='ltr'>in</span> 
     </span>
     <span class='ocr_line' id='line_1_10' title="bbox 162 826 1746 889; baseline 0.009 -26"><span class='ocrx_word' id='word_1_73' title='bbox 162 826 256 865; x_wconf 92' lang='lat' dir='ltr'>Iure</span> <span class='ocrx_word' id='word_1_74' title='bbox 286 840 462 869; x_wconf 88' lang='lat' dir='ltr'>romano</span> <span class='ocrx_word' id='word_1_75' title='bbox 494 829 559 869; x_wconf 89' lang='lat' dir='ltr'>his</span> <span class='ocrx_word' id='word_1_76' title='bbox 589 830 777 872; x_wconf 86' lang='lat' dir='ltr'>formulis</span> <span class='ocrx_word' id='word_1_77' title='bbox 808 833 1082 885; x_wconf 77' lang='lat' dir='ltr'>explicantur:</span> <span class='ocrx_word' id='word_1_78' title='bbox 1113 834 1182 873; x_wconf 90' lang='lat' dir='ltr'>Do</span> <span class='ocrx_word' id='word_1_79' title='bbox 1216 838 1262 874; x_wconf 81' lang='lat' dir='ltr'>ut</span> <span class='ocrx_word' id='word_1_80' title='bbox 1289 835 1373 883; x_wconf 82' lang='lat' dir='ltr'>des,</span> <span class='ocrx_word' id='word_1_81' title='bbox 1412 836 1480 876; x_wconf 90' lang='lat' dir='ltr'>Do</span> <span class='ocrx_word' id='word_1_82' title='bbox 1515 837 1746 889; x_wconf 73' lang='lat' dir='ltr'>atsaciaS,</span> 
     </span>
     <span class='ocr_line' id='line_1_11' title="bbox 160 890 1743 949; baseline 0.006 -20"><span class='ocrx_word' id='word_1_83' title='bbox 160 890 294 930; x_wconf 81' lang='lat' dir='ltr'>Facio</span> <span class='ocrx_word' id='word_1_84' title='bbox 317 897 365 932; x_wconf 83' lang='lat' dir='ltr'>ut</span> <span class='ocrx_word' id='word_1_85' title='bbox 382 894 465 942; x_wconf 73' lang='lat' dir='ltr'>cles,</span> <span class='ocrx_word' id='word_1_86' title='bbox 496 895 630 935; x_wconf 81' lang='lat' dir='ltr'>Facio</span> <span class='ocrx_word' id='word_1_87' title='bbox 655 897 872 949; x_wconf 76' lang='lat' dir='ltr'>atsacias.</span> <span class='ocrx_word' id='word_1_88' title='bbox 904 897 1176 937; x_wconf 87' lang='lat' dir='ltr'>Includuntur</span> <span class='ocrx_word' id='word_1_89' title='bbox 1198 898 1343 940; x_wconf 90' lang='lat' dir='ltr'>deinde</span> <span class='ocrx_word' id='word_1_90' title='bbox 1374 913 1521 940; x_wconf 89' lang='lat' dir='ltr'>omnes</span> <span class='ocrx_word' id='word_1_91' title='bbox 1550 900 1620 940; x_wconf 89' lang='lat' dir='ltr'>alii</span> <span class='ocrx_word' id='word_1_92' title='bbox 1647 913 1743 940; x_wconf 88' lang='lat' dir='ltr'>con-</span> 
     </span>
     <span class='ocr_line' id='line_1_12' title="bbox 159 960 1742 1019; baseline 0.008 -24"><span class='ocrx_word' id='word_1_93' title='bbox 159 963 320 999; x_wconf 87' lang='lat' dir='ltr'>tractus</span> <span class='ocrx_word' id='word_1_94' title='bbox 350 960 418 1012; x_wconf 87' lang='lat' dir='ltr'>qui</span> <span class='ocrx_word' id='word_1_95' title='bbox 449 962 764 1013; x_wconf 82' lang='lat' dir='ltr'>permutationis</span> <span class='ocrx_word' id='word_1_96' title='bbox 785 964 965 1012; x_wconf 89' lang='lat' dir='ltr'>nomine,</span> <span class='ocrx_word' id='word_1_97' title='bbox 995 964 1198 1005; x_wconf 86' lang='lat' dir='ltr'>latissime</span> <span class='ocrx_word' id='word_1_98' title='bbox 1228 972 1391 1019; x_wconf 88' lang='lat' dir='ltr'>sumpto</span> <span class='ocrx_word' id='word_1_99' title='bbox 1423 967 1637 1019; x_wconf 82' lang='lat' dir='ltr'>designari</span> <span class='ocrx_word' id='word_1_100' title='bbox 1667 981 1742 1007; x_wconf 89' lang='lat' dir='ltr'>so-</span> 
     </span>
     <span class='ocr_line' id='line_1_13' title="bbox 158 1021 1738 1082; baseline 0.005 -22"><span class='ocrx_word' id='word_1_101' title='bbox 158 1021 268 1072; x_wconf 84' lang='lat' dir='ltr'>lent;</span> <span class='ocrx_word' id='word_1_102' title='bbox 300 1025 450 1076; x_wconf 90' lang='lat' dir='ltr'>quique</span> <span class='ocrx_word' id='word_1_103' title='bbox 481 1025 558 1065; x_wconf 87' lang='lat' dir='ltr'>etsi</span> <span class='ocrx_word' id='word_1_104' title='bbox 590 1028 876 1079; x_wconf 85' lang='lat' dir='ltr'>superioribus</span> <span class='ocrx_word' id='word_1_105' title='bbox 911 1028 1100 1068; x_wconf 82' lang='lat' dir='ltr'>formulis</span> <span class='ocrx_word' id='word_1_106' title='bbox 1130 1030 1424 1070; x_wconf 81' lang='lat' dir='ltr'>contineantur</span> <span class='ocrx_word' id='word_1_107' title='bbox 1469 1031 1596 1082; x_wconf 90' lang='lat' dir='ltr'>(illae</span> <span class='ocrx_word' id='word_1_108' title='bbox 1627 1031 1738 1070; x_wconf 86' lang='lat' dir='ltr'>enim</span> 
     </span>
     <span class='ocr_line' id='line_1_14' title="bbox 159 1091 1741 1148; baseline 0.005 -22"><span class='ocrx_word' id='word_1_109' title='bbox 159 1099 306 1128; x_wconf 90' lang='lat' dir='ltr'>omnes</span> <span class='ocrx_word' id='word_1_110' title='bbox 335 1102 462 1129; x_wconf 88' lang='lat' dir='ltr'>casus</span> <span class='ocrx_word' id='word_1_111' title='bbox 493 1091 738 1143; x_wconf 85' lang='lat' dir='ltr'>possibiles,</span> <span class='ocrx_word' id='word_1_112' title='bbox 771 1094 922 1146; x_wconf 86' lang='lat' dir='ltr'>quibus</span> <span class='ocrx_word' id='word_1_113' title='bbox 953 1095 1223 1135; x_wconf 84' lang='lat' dir='ltr'>commutatio</span> <span class='ocrx_word' id='word_1_114' title='bbox 1254 1096 1344 1144; x_wconf 86' lang='lat' dir='ltr'>fiat,</span> <span class='ocrx_word' id='word_1_115' title='bbox 1377 1097 1741 1148; x_wconf 83' lang='lat' dir='ltr'>complectuntur),</span> 
     </span>
     <span class='ocr_line' id='line_1_15' title="bbox 158 1155 1736 1209; baseline 0.006 -19"><span class='ocrx_word' id='word_1_116' title='bbox 158 1161 298 1192; x_wconf 90' lang='lat' dir='ltr'>tamen</span> <span class='ocrx_word' id='word_1_117' title='bbox 329 1155 530 1205; x_wconf 77' lang='lat' dir='ltr'>peculiari</span> <span class='ocrx_word' id='word_1_118' title='bbox 562 1158 840 1209; x_wconf 81' lang='lat' dir='ltr'>appellatione</span> <span class='ocrx_word' id='word_1_119' title='bbox 872 1158 1013 1199; x_wconf 88' lang='lat' dir='ltr'>donati</span> <span class='ocrx_word' id='word_1_120' title='bbox 1044 1166 1140 1199; x_wconf 87' lang='lat' dir='ltr'>sunt</span> <span class='ocrx_word' id='word_1_121' title='bbox 1170 1167 1210 1201; x_wconf 91' lang='lat' dir='ltr'>et</span> <span class='ocrx_word' id='word_1_122' title='bbox 1234 1160 1500 1200; x_wconf 76' lang='lat' dir='ltr'>multifariam</span> <span class='ocrx_word' id='word_1_123' title='bbox 1530 1174 1736 1201; x_wconf 90' lang='lat' dir='ltr'>exercen-</span> 
     </span>
     <span class='ocr_line' id='line_1_16' title="bbox 160 1219 1739 1278; baseline 0.005 -22"><span class='ocrx_word' id='word_1_124' title='bbox 160 1226 234 1259; x_wconf 82' lang='lat' dir='ltr'>tur.</span> <span class='ocrx_word' id='word_1_125' title='bbox 267 1219 348 1268; x_wconf 86' lang='lat' dir='ltr'>Sic,</span> <span class='ocrx_word' id='word_1_126' title='bbox 381 1220 416 1260; x_wconf 91' lang='lat' dir='ltr'>si</span> <span class='ocrx_word' id='word_1_127' title='bbox 448 1228 631 1261; x_wconf 88' lang='lat' dir='ltr'>mutatur</span> <span class='ocrx_word' id='word_1_128' title='bbox 660 1237 729 1263; x_wconf 85' lang='lat' dir='ltr'>res</span> <span class='ocrx_word' id='word_1_129' title='bbox 751 1237 845 1263; x_wconf 88' lang='lat' dir='ltr'>cum</span> <span class='ocrx_word' id='word_1_130' title='bbox 868 1239 925 1274; x_wconf 90' lang='lat' dir='ltr'>re,</span> <span class='ocrx_word' id='word_1_131' title='bbox 956 1226 1131 1265; x_wconf 87' lang='lat' dir='ltr'>habetur</span> <span class='ocrx_word' id='word_1_132' title='bbox 1153 1227 1422 1278; x_wconf 68' lang='lat' dir='ltr'>permutatio</span> <span class='ocrx_word' id='word_1_133' title='bbox 1453 1225 1596 1266; x_wconf 88' lang='lat' dir='ltr'>stricte</span> <span class='ocrx_word' id='word_1_134' title='bbox 1617 1226 1739 1266; x_wconf 86' lang='lat' dir='ltr'>dicta.</span> 
     </span>
     <span class='ocr_line' id='line_1_17' title="bbox 159 1284 1745 1345; baseline 0.005 -21"><span class='ocrx_word' id='word_1_135' title='bbox 159 1284 202 1324; x_wconf 79' lang='lat' dir='ltr'>Si</span> <span class='ocrx_word' id='word_1_136' title='bbox 233 1291 418 1326; x_wconf 84' lang='lat' dir='ltr'>mutatur</span> <span class='ocrx_word' id='word_1_137' title='bbox 448 1301 516 1328; x_wconf 88' lang='lat' dir='ltr'>res</span> <span class='ocrx_word' id='word_1_138' title='bbox 548 1302 642 1327; x_wconf 90' lang='lat' dir='ltr'>cum</span> <span class='ocrx_word' id='word_1_139' title='bbox 674 1291 867 1342; x_wconf 89' lang='lat' dir='ltr'>pecunia,</span> <span class='ocrx_word' id='word_1_140' title='bbox 898 1292 1076 1331; x_wconf 87' lang='lat' dir='ltr'>habetur</span> <span class='ocrx_word' id='word_1_141' title='bbox 1106 1292 1261 1345; x_wconf 79' lang='lat' dir='ltr'>emptio</span> <span class='ocrx_word' id='word_1_142' title='bbox 1291 1306 1342 1332; x_wconf 86' lang='lat' dir='ltr'>ac</span> <span class='ocrx_word' id='word_1_143' title='bbox 1365 1293 1562 1332; x_wconf 76' lang='lat' dir='ltr'>venditio.</span> <span class='ocrx_word' id='word_1_144' title='bbox 1595 1293 1745 1333; x_wconf 84' lang='lat' dir='ltr'>Simu-</span> 
     </span>
     <span class='ocr_line' id='line_1_18' title="bbox 158 1351 1739 1407; baseline 0.006 -20"><span class='ocrx_word' id='word_1_145' title='bbox 158 1355 269 1388; x_wconf 86' lang='lat' dir='ltr'>tatur</span> <span class='ocrx_word' id='word_1_146' title='bbox 296 1363 399 1403; x_wconf 82' lang='lat' dir='ltr'>usus</span> <span class='ocrx_word' id='word_1_147' title='bbox 429 1351 487 1391; x_wconf 90' lang='lat' dir='ltr'>rei</span> <span class='ocrx_word' id='word_1_148' title='bbox 518 1354 711 1405; x_wconf 85' lang='lat' dir='ltr'>propriae</span> <span class='ocrx_word' id='word_1_149' title='bbox 743 1369 837 1394; x_wconf 93' lang='lat' dir='ltr'>cum</span> <span class='ocrx_word' id='word_1_150' title='bbox 860 1356 1049 1407; x_wconf 84' lang='lat' dir='ltr'>pecunia,</span> <span class='ocrx_word' id='word_1_151' title='bbox 1081 1356 1273 1407; x_wconf 76' lang='lat' dir='ltr'>exsurgit</span> <span class='ocrx_word' id='word_1_152' title='bbox 1303 1357 1528 1396; x_wconf 74' lang='lat' dir='ltr'>conductio</span> <span class='ocrx_word' id='word_1_153' title='bbox 1560 1363 1599 1396; x_wconf 88' lang='lat' dir='ltr'>et</span> <span class='ocrx_word' id='word_1_154' title='bbox 1621 1358 1739 1396; x_wconf 76' lang='lat' dir='ltr'>Coca-</span> 
     </span>
     <span class='ocr_line' id='line_1_19' title="bbox 159 1415 1739 1475; baseline 0.006 -23"><span class='ocrx_word' id='word_1_155' title='bbox 159 1415 228 1453; x_wconf 77' lang='lat' dir='ltr'>tio.</span> <span class='ocrx_word' id='word_1_156' title='bbox 262 1415 303 1455; x_wconf 87' lang='lat' dir='ltr'>Si</span> <span class='ocrx_word' id='word_1_157' title='bbox 326 1423 508 1457; x_wconf 88' lang='lat' dir='ltr'>mutatur</span> <span class='ocrx_word' id='word_1_158' title='bbox 538 1420 717 1471; x_wconf 88' lang='lat' dir='ltr'>pecunia</span> <span class='ocrx_word' id='word_1_159' title='bbox 737 1434 941 1472; x_wconf 89' lang='lat' dir='ltr'>praesens</span> <span class='ocrx_word' id='word_1_160' title='bbox 971 1435 1067 1460; x_wconf 85' lang='lat' dir='ltr'>cum</span> <span class='ocrx_word' id='word_1_161' title='bbox 1090 1421 1269 1474; x_wconf 91' lang='lat' dir='ltr'>pecunia</span> <span class='ocrx_word' id='word_1_162' title='bbox 1290 1422 1489 1475; x_wconf 87' lang='lat' dir='ltr'>deinceps</span> <span class='ocrx_word' id='word_1_163' title='bbox 1511 1423 1739 1472; x_wconf 86' lang='lat' dir='ltr'>reddenda,</span> 
     </span>
     <span class='ocr_line' id='line_1_20' title="bbox 157 1483 585 1524; baseline 0.005 -4"><span class='ocrx_word' id='word_1_164' title='bbox 157 1483 345 1523; x_wconf 88' lang='lat' dir='ltr'>nascitur</span> <span class='ocrx_word' id='word_1_165' title='bbox 376 1487 585 1524; x_wconf 72' lang='lat' dir='ltr'>mutuam.</span> 
     </span>
    </p>

    <p class='ocr_par' dir='ltr' id='par_1_4' title="bbox 156 1549 1741 1862">
     <span class='ocr_line' id='line_1_21' title="bbox 209 1549 1741 1607; baseline 0.005 -20"><span class='ocrx_word' id='word_1_166' title='bbox 209 1549 396 1589; x_wconf 88' lang='lat' dir='ltr'>Alterum</span> <span class='ocrx_word' id='word_1_167' title='bbox 427 1564 562 1603; x_wconf 86' lang='lat' dir='ltr'>genus</span> <span class='ocrx_word' id='word_1_168' title='bbox 593 1559 896 1602; x_wconf 81' lang='lat' dir='ltr'>contractuum,</span> <span class='ocrx_word' id='word_1_169' title='bbox 926 1568 1075 1607; x_wconf 88' lang='lat' dir='ltr'>nempe</span> <span class='ocrx_word' id='word_1_170' title='bbox 1097 1555 1392 1607; x_wconf 85' lang='lat' dir='ltr'>inaequalium,</span> <span class='ocrx_word' id='word_1_171' title='bbox 1424 1555 1741 1607; x_wconf 86' lang='lat' dir='ltr'>comprehendit</span> 
     </span>
     <span class='ocr_line' id='line_1_22' title="bbox 157 1615 1736 1672; baseline 0.004 -18"><span class='ocrx_word' id='word_1_172' title='bbox 157 1615 401 1668; x_wconf 83' lang='lat' dir='ltr'>largitiones</span> <span class='ocrx_word' id='word_1_173' title='bbox 431 1617 769 1670; x_wconf 88' lang='lat' dir='ltr'>qualescumque.</span> <span class='ocrx_word' id='word_1_174' title='bbox 798 1620 920 1659; x_wconf 87' lang='lat' dir='ltr'>Unde</span> <span class='ocrx_word' id='word_1_175' title='bbox 951 1621 1003 1659; x_wconf 88' lang='lat' dir='ltr'>ad</span> <span class='ocrx_word' id='word_1_176' title='bbox 1024 1620 1124 1659; x_wconf 90' lang='lat' dir='ltr'>illud</span> <span class='ocrx_word' id='word_1_177' title='bbox 1154 1621 1331 1672; x_wconf 84' lang='lat' dir='ltr'>pertinet</span> <span class='ocrx_word' id='word_1_178' title='bbox 1359 1621 1536 1660; x_wconf 83' lang='lat' dir='ltr'>donatio</span> <span class='ocrx_word' id='word_1_179' title='bbox 1571 1620 1736 1672; x_wconf 88' lang='lat' dir='ltr'>proprie</span> 
     </span>
     <span class='ocr_line' id='line_1_23' title="bbox 157 1682 1736 1738; baseline 0.002 -17"><span class='ocrx_word' id='word_1_180' title='bbox 157 1682 280 1730; x_wconf 86' lang='lat' dir='ltr'>dicta,</span> <span class='ocrx_word' id='word_1_181' title='bbox 311 1696 386 1722; x_wconf 88' lang='lat' dir='ltr'>seu</span> <span class='ocrx_word' id='word_1_182' title='bbox 417 1683 555 1724; x_wconf 84' lang='lat' dir='ltr'>cessio</span> <span class='ocrx_word' id='word_1_183' title='bbox 586 1685 850 1737; x_wconf 85' lang='lat' dir='ltr'>proprietatis</span> <span class='ocrx_word' id='word_1_184' title='bbox 879 1686 1067 1735; x_wconf 83' lang='lat' dir='ltr'>alicuius;</span> <span class='ocrx_word' id='word_1_185' title='bbox 1102 1686 1267 1738; x_wconf 80' lang='lat' dir='ltr'>largitio</span> <span class='ocrx_word' id='word_1_186' title='bbox 1301 1699 1401 1726; x_wconf 87' lang='lat' dir='ltr'>usus</span> <span class='ocrx_word' id='word_1_187' title='bbox 1422 1686 1480 1726; x_wconf 88' lang='lat' dir='ltr'>rei</span> <span class='ocrx_word' id='word_1_188' title='bbox 1502 1686 1736 1734; x_wconf 89' lang='lat' dir='ltr'>cuiusdam,</span> 
     </span>
     <span class='ocr_line' id='line_1_24' title="bbox 157 1745 1740 1801; baseline 0.003 -17"><span class='ocrx_word' id='word_1_189' title='bbox 157 1745 351 1785; x_wconf 88' lang='lat' dir='ltr'>nimirum</span> <span class='ocrx_word' id='word_1_190' title='bbox 385 1748 695 1794; x_wconf 78' lang='lat' dir='ltr'>commodatio‚·</span> <span class='ocrx_word' id='word_1_191' title='bbox 725 1749 952 1801; x_wconf 87' lang='lat' dir='ltr'>praestatio</span> <span class='ocrx_word' id='word_1_192' title='bbox 993 1750 1058 1789; x_wconf 71' lang='lat' dir='ltr'>vel</span> <span class='ocrx_word' id='word_1_193' title='bbox 1089 1750 1302 1790; x_wconf 84' lang='lat' dir='ltr'>servitutis</span> <span class='ocrx_word' id='word_1_194' title='bbox 1341 1750 1570 1790; x_wconf 84' lang='lat' dir='ltr'>materialis</span> <span class='ocrx_word' id='word_1_195' title='bbox 1613 1756 1658 1790; x_wconf 89' lang='lat' dir='ltr'>ut</span> <span class='ocrx_word' id='word_1_196' title='bbox 1697 1750 1740 1789; x_wconf 90' lang='lat' dir='ltr'>in</span> 
     </span>
     <span class='ocr_line' id='line_1_25' title="bbox 156 1810 1191 1862; baseline 0.006 -14"><span class='ocrx_word' id='word_1_197' title='bbox 156 1810 358 1862; x_wconf 76' lang='lat' dir='ltr'>deposito,</span> <span class='ocrx_word' id='word_1_198' title='bbox 391 1812 457 1850; x_wconf 85' lang='lat' dir='ltr'>vel</span> <span class='ocrx_word' id='word_1_199' title='bbox 489 1811 796 1861; x_wconf 87' lang='lat' dir='ltr'>intellectualis,</span> <span class='ocrx_word' id='word_1_200' title='bbox 828 1820 872 1853; x_wconf 87' lang='lat' dir='ltr'>ut</span> <span class='ocrx_word' id='word_1_201' title='bbox 902 1814 943 1853; x_wconf 88' lang='lat' dir='ltr'>in</span> <span class='ocrx_word' id='word_1_202' title='bbox 973 1815 1191 1855; x_wconf 80' lang='lat' dir='ltr'>mandato.</span> 
     </span>
    </p>

    <p class='ocr_par' dir='ltr' id='par_1_5' title="bbox 155 1873 1739 2193">
     <span class='ocr_line' id='line_1_26' title="bbox 210 1873 1737 1927; baseline 0.003 -14"><span class='ocrx_word' id='word_1_203' title='bbox 210 1873 394 1922; x_wconf 85' lang='lat' dir='ltr'>Deinde,</span> <span class='ocrx_word' id='word_1_204' title='bbox 426 1874 665 1915; x_wconf 81' lang='lat' dir='ltr'>dividuntur</span> <span class='ocrx_word' id='word_1_205' title='bbox 702 1882 947 1917; x_wconf 87' lang='lat' dir='ltr'>contractus</span> <span class='ocrx_word' id='word_1_206' title='bbox 992 1879 1034 1918; x_wconf 91' lang='lat' dir='ltr'>in</span> <span class='ocrx_word' id='word_1_207' title='bbox 1066 1879 1282 1919; x_wconf 69' lang='lat' dir='ltr'>absolutos</span> <span class='ocrx_word' id='word_1_208' title='bbox 1325 1886 1363 1919; x_wconf 90' lang='lat' dir='ltr'>et</span> <span class='ocrx_word' id='word_1_209' title='bbox 1395 1879 1709 1918; x_wconf 77' lang='lat' dir='ltr'>conditionatos</span> <span class='ocrx_word' id='word_1_210' title='bbox 1729 1912 1737 1927; x_wconf 89' lang='lat'>,</span> 
     </span>
     <span class='ocr_line' id='line_1_27' title="bbox 157 1941 1738 1997; baseline 0.005 -20"><span class='ocrx_word' id='word_1_211' title='bbox 157 1946 279 1991; x_wconf 90' lang='lat' dir='ltr'>prout</span> <span class='ocrx_word' id='word_1_212' title='bbox 296 1954 439 1980; x_wconf 89' lang='lat' dir='ltr'>eorum</span> <span class='ocrx_word' id='word_1_213' title='bbox 462 1941 545 1980; x_wconf 83' lang='lat' dir='ltr'>vim</span> <span class='ocrx_word' id='word_1_214' title='bbox 568 1942 620 1981; x_wconf 87' lang='lat' dir='ltr'>ab</span> <span class='ocrx_word' id='word_1_215' title='bbox 642 1943 781 1995; x_wconf 88' lang='lat' dir='ltr'>aliqua</span> <span class='ocrx_word' id='word_1_216' title='bbox 802 1944 1041 1984; x_wconf 86' lang='lat' dir='ltr'>conditione</span> <span class='ocrx_word' id='word_1_217' title='bbox 1060 1945 1212 1997; x_wconf 89' lang='lat' dir='ltr'>pendet</span> <span class='ocrx_word' id='word_1_218' title='bbox 1227 1951 1298 1984; x_wconf 89' lang='lat' dir='ltr'>aut</span> <span class='ocrx_word' id='word_1_219' title='bbox 1320 1958 1455 1986; x_wconf 87' lang='lat' dir='ltr'>secus.</span> <span class='ocrx_word' id='word_1_220' title='bbox 1479 1946 1611 1984; x_wconf 87' lang='lat' dir='ltr'>Porro</span> <span class='ocrx_word' id='word_1_221' title='bbox 1633 1945 1738 1985; x_wconf 87' lang='lat' dir='ltr'>haec</span> 
     </span>
     <span class='ocr_line' id='line_1_28' title="bbox 155 2003 1737 2061; baseline 0.004 -19"><span class='ocrx_word' id='word_1_222' title='bbox 155 2003 336 2043; x_wconf 89' lang='lat' dir='ltr'>conditio</span> <span class='ocrx_word' id='word_1_223' title='bbox 366 2011 501 2056; x_wconf 87' lang='lat' dir='ltr'>potest</span> <span class='ocrx_word' id='word_1_224' title='bbox 521 2018 616 2045; x_wconf 88' lang='lat' dir='ltr'>esse</span> <span class='ocrx_word' id='word_1_225' title='bbox 636 2006 900 2059; x_wconf 77' lang='lat' dir='ltr'>affirmativa</span> <span class='ocrx_word' id='word_1_226' title='bbox 917 2009 981 2048; x_wconf 80' lang='lat' dir='ltr'>vel</span> <span class='ocrx_word' id='word_1_227' title='bbox 1001 2009 1216 2061; x_wconf 64' lang='lat' dir='ltr'>neglectim,-</span> <span class='ocrx_word' id='word_1_228' title='bbox 1248 2015 1319 2048; x_wconf 88' lang='lat' dir='ltr'>aut</span> <span class='ocrx_word' id='word_1_229' title='bbox 1340 2010 1464 2050; x_wconf 88' lang='lat' dir='ltr'>etiam</span> <span class='ocrx_word' id='word_1_230' title='bbox 1486 2010 1737 2061; x_wconf 69' lang='lat' dir='ltr'>suspensiva</span> 
     </span>
     <span class='ocr_line' id='line_1_29' title="bbox 155 2070 1739 2128; baseline 0.004 -21"><span class='ocrx_word' id='word_1_231' title='bbox 155 2082 249 2108; x_wconf 88' lang='lat' dir='ltr'>cum</span> <span class='ocrx_word' id='word_1_232' title='bbox 273 2070 468 2110; x_wconf 80' lang='lat' dir='ltr'>videlicet</span> <span class='ocrx_word' id='word_1_233' title='bbox 485 2072 702 2124; x_wconf 86' lang='lat' dir='ltr'>suspendit</span> <span class='ocrx_word' id='word_1_234' title='bbox 719 2073 1032 2114; x_wconf 88' lang='lat' dir='ltr'>inchoationem</span> <span class='ocrx_word' id='word_1_235' title='bbox 1050 2075 1277 2128; x_wconf 88' lang='lat' dir='ltr'>obligandi:</span> <span class='ocrx_word' id='word_1_236' title='bbox 1295 2082 1365 2114; x_wconf 86' lang='lat' dir='ltr'>aut</span> <span class='ocrx_word' id='word_1_237' title='bbox 1383 2075 1559 2128; x_wconf 90' lang='lat' dir='ltr'>denique</span> <span class='ocrx_word' id='word_1_238' title='bbox 1579 2076 1739 2114; x_wconf 77' lang='lat' dir='ltr'>resola-</span> 
     </span>
     <span class='ocr_line' id='line_1_30' title="bbox 162 2135 1735 2193; baseline 0.004 -19"><span class='ocrx_word' id='word_1_239' title='bbox 162 2135 372 2193; x_wconf 78' lang='lat' dir='ltr'>tiva,cum</span> <span class='ocrx_word' id='word_1_240' title='bbox 404 2137 494 2176; x_wconf 89' lang='lat' dir='ltr'>eius</span> <span class='ocrx_word' id='word_1_241' title='bbox 526 2144 720 2177; x_wconf 81' lang='lat' dir='ltr'>eventum</span> <span class='ocrx_word' id='word_1_242' title='bbox 738 2139 790 2178; x_wconf 84' lang='lat' dir='ltr'>ad</span> <span class='ocrx_word' id='word_1_243' title='bbox 822 2140 1151 2193; x_wconf 81' lang='lat' dir='ltr'>extinguendam</span> <span class='ocrx_word' id='word_1_244' title='bbox 1172 2141 1470 2193; x_wconf 83' lang='lat' dir='ltr'>obligationem</span> <span class='ocrx_word' id='word_1_245' title='bbox 1502 2141 1735 2193; x_wconf 90' lang='lat' dir='ltr'>apponitur.</span> 
     </span>
    </p>

    <p class='ocr_par' dir='ltr' id='par_1_6' title="bbox 153 2201 1735 2324">
     <span class='ocr_line' id='line_1_31' title="bbox 210 2201 1735 2259; baseline 0.004 -19"><span class='ocrx_word' id='word_1_246' title='bbox 210 2201 364 2250; x_wconf 86' lang='lat' dir='ltr'>Tertio,</span> <span class='ocrx_word' id='word_1_247' title='bbox 397 2202 635 2243; x_wconf 88' lang='lat' dir='ltr'>dividuntur</span> <span class='ocrx_word' id='word_1_248' title='bbox 663 2205 703 2243; x_wconf 92' lang='lat' dir='ltr'>in</span> <span class='ocrx_word' id='word_1_249' title='bbox 736 2206 1017 2258; x_wconf 62' lang='lat' dir='ltr'>obligatorias</span> <span class='ocrx_word' id='word_1_250' title='bbox 1042 2213 1082 2246; x_wconf 88' lang='lat' dir='ltr'>et</span> <span class='ocrx_word' id='word_1_251' title='bbox 1105 2207 1392 2255; x_wconf 80' lang='lat' dir='ltr'>liberatorios,</span> <span class='ocrx_word' id='word_1_252' title='bbox 1422 2214 1543 2259; x_wconf 89' lang='lat' dir='ltr'>prout</span> <span class='ocrx_word' id='word_1_253' title='bbox 1564 2206 1616 2245; x_wconf 88' lang='lat' dir='ltr'>ad</span> <span class='ocrx_word' id='word_1_254' title='bbox 1638 2206 1735 2246; x_wconf 89' lang='lat' dir='ltr'>obli-</span> 
     </span>
     <span class='ocr_line' id='line_1_32' title="bbox 153 2267 1265 2324; baseline 0.004 -18"><span class='ocrx_word' id='word_1_255' title='bbox 153 2267 366 2319; x_wconf 87' lang='lat' dir='ltr'>gationem</span> <span class='ocrx_word' id='word_1_256' title='bbox 397 2268 653 2320; x_wconf 82' lang='lat' dir='ltr'>gignendam</span> <span class='ocrx_word' id='word_1_257' title='bbox 685 2277 756 2310; x_wconf 87' lang='lat' dir='ltr'>aut</span> <span class='ocrx_word' id='word_1_258' title='bbox 787 2271 1113 2324; x_wconf 80' lang='lat' dir='ltr'>extinguendam</span> <span class='ocrx_word' id='word_1_259' title='bbox 1145 2273 1265 2312; x_wconf 88' lang='lat' dir='ltr'>fiunt.</span> 
     </span>
    </p>

    <p class='ocr_par' dir='ltr' id='par_1_7' title="bbox 153 2332 1735 2580">
     <span class='ocr_line' id='line_1_33' title="bbox 208 2332 1735 2388; baseline 0.004 -18"><span class='ocrx_word' id='word_1_260' title='bbox 208 2332 410 2384; x_wconf 89' lang='lat' dir='ltr'>Denique,</span> <span class='ocrx_word' id='word_1_261' title='bbox 441 2340 682 2373; x_wconf 87' lang='lat' dir='ltr'>contractus</span> <span class='ocrx_word' id='word_1_262' title='bbox 713 2334 921 2387; x_wconf 85' lang='lat' dir='ltr'>dispartiri</span> <span class='ocrx_word' id='word_1_263' title='bbox 942 2343 1116 2387; x_wconf 90' lang='lat' dir='ltr'>possunt</span> <span class='ocrx_word' id='word_1_264' title='bbox 1148 2336 1190 2375; x_wconf 91' lang='lat' dir='ltr'>in</span> <span class='ocrx_word' id='word_1_265' title='bbox 1214 2336 1484 2388; x_wconf 76' lang='lat' dir='ltr'>principales</span> <span class='ocrx_word' id='word_1_266' title='bbox 1513 2349 1588 2376; x_wconf 86' lang='lat' dir='ltr'>seu</span> <span class='ocrx_word' id='word_1_267' title='bbox 1618 2336 1735 2376; x_wconf 80' lang='lat' dir='ltr'>abso-</span> 
     </span>
     <span class='ocr_line' id='line_1_34' title="bbox 155 2396 1734 2455; baseline 0.004 -20"><span class='ocrx_word' id='word_1_268' title='bbox 155 2396 291 2446; x_wconf 70' lang='lat' dir='ltr'>la&#39;tos,</span> <span class='ocrx_word' id='word_1_269' title='bbox 323 2406 363 2438; x_wconf 90' lang='lat' dir='ltr'>et</span> <span class='ocrx_word' id='word_1_270' title='bbox 392 2401 657 2440; x_wconf 77' lang='lat' dir='ltr'>accessorios</span> <span class='ocrx_word' id='word_1_271' title='bbox 686 2413 760 2440; x_wconf 89' lang='lat' dir='ltr'>seu</span> <span class='ocrx_word' id='word_1_272' title='bbox 793 2402 1022 2448; x_wconf 78' lang='lat' dir='ltr'>relativos;</span> <span class='ocrx_word' id='word_1_273' title='bbox 1053 2409 1173 2454; x_wconf 90' lang='lat' dir='ltr'>prout</span> <span class='ocrx_word' id='word_1_274' title='bbox 1203 2402 1280 2441; x_wconf 92' lang='lat' dir='ltr'>soli</span> <span class='ocrx_word' id='word_1_275' title='bbox 1324 2401 1527 2442; x_wconf 87' lang='lat' dir='ltr'>exsistere</span> <span class='ocrx_word' id='word_1_276' title='bbox 1557 2409 1734 2455; x_wconf 85' lang='lat' dir='ltr'>possunt</span> 
     </span>
     <span class='ocr_line' id='line_1_35' title="bbox 153 2465 1735 2519; baseline 0.003 -17"><span class='ocrx_word' id='word_1_277' title='bbox 153 2469 224 2502; x_wconf 85' lang='lat' dir='ltr'>aut</span> <span class='ocrx_word' id='word_1_278' title='bbox 254 2477 403 2512; x_wconf 91' lang='lat' dir='ltr'>secus,</span> <span class='ocrx_word' id='word_1_279' title='bbox 436 2472 475 2505; x_wconf 90' lang='lat' dir='ltr'>et</span> <span class='ocrx_word' id='word_1_280' title='bbox 504 2465 859 2507; x_wconf 85' lang='lat' dir='ltr'>fundamentalem</span> <span class='ocrx_word' id='word_1_281' title='bbox 901 2467 1137 2518; x_wconf 86' lang='lat' dir='ltr'>pactionem</span> <span class='ocrx_word' id='word_1_282' title='bbox 1168 2468 1392 2507; x_wconf 78' lang='lat' dir='ltr'>efformant</span> <span class='ocrx_word' id='word_1_283' title='bbox 1434 2474 1504 2507; x_wconf 90' lang='lat' dir='ltr'>aut</span> <span class='ocrx_word' id='word_1_284' title='bbox 1535 2468 1735 2519; x_wconf 83' lang='lat' dir='ltr'>praeviae</span> 
     </span>
     <span class='ocr_line' id='line_1_36' title="bbox 154 2529 609 2580; baseline 0.009 -13"><span class='ocrx_word' id='word_1_285' title='bbox 154 2529 336 2580; x_wconf 88' lang='lat' dir='ltr'>pactioni</span> <span class='ocrx_word' id='word_1_286' title='bbox 366 2531 609 2571; x_wconf 86' lang='lat' dir='ltr'>innituntur.</span> 
     </span>
    </p>

    <p class='ocr_par' dir='ltr' id='par_1_8' title="bbox 150 2593 1735 2972">
     <span class='ocr_line' id='line_1_37' title="bbox 206 2593 1734 2650; baseline 0.005 -20"><span class='ocrx_word' id='word_1_287' title='bbox 206 2593 254 2631; x_wconf 92' lang='lat' dir='ltr'>In</span> <span class='ocrx_word' id='word_1_288' title='bbox 286 2593 462 2644; x_wconf 84' lang='lat' dir='ltr'>singulis</span> <span class='ocrx_word' id='word_1_289' title='bbox 492 2595 559 2634; x_wconf 75' lang='lat' dir='ltr'>his</span> <span class='ocrx_word' id='word_1_290' title='bbox 589 2596 875 2636; x_wconf 83' lang='lat' dir='ltr'>contractibus</span> <span class='ocrx_word' id='word_1_291' title='bbox 905 2597 1182 2650; x_wconf 88' lang='lat' dir='ltr'>explanandis</span> <span class='ocrx_word' id='word_1_292' title='bbox 1213 2611 1296 2638; x_wconf 92' lang='lat' dir='ltr'>non</span> <span class='ocrx_word' id='word_1_293' title='bbox 1316 2598 1601 2637; x_wconf 83' lang='lat' dir='ltr'>immoramur.</span> <span class='ocrx_word' id='word_1_294' title='bbox 1634 2598 1734 2637; x_wconf 90' lang='lat' dir='ltr'>Ete-</span> 
     </span>
     <span class='ocr_line' id='line_1_38' title="bbox 154 2657 1728 2716; baseline 0.004 -20"><span class='ocrx_word' id='word_1_295' title='bbox 154 2657 238 2696; x_wconf 89' lang='lat' dir='ltr'>nim</span> <span class='ocrx_word' id='word_1_296' title='bbox 278 2659 319 2697; x_wconf 90' lang='lat' dir='ltr'>in</span> <span class='ocrx_word' id='word_1_297' title='bbox 352 2672 495 2699; x_wconf 86' lang='lat' dir='ltr'>eorum</span> <span class='ocrx_word' id='word_1_298' title='bbox 529 2661 877 2703; x_wconf 80' lang='lat' dir='ltr'>determinatione</span> <span class='ocrx_word' id='word_1_299' title='bbox 907 2670 946 2703; x_wconf 90' lang='lat' dir='ltr'>et</span> <span class='ocrx_word' id='word_1_300' title='bbox 975 2663 1187 2716; x_wconf 87' lang='lat' dir='ltr'>obligandi</span> <span class='ocrx_word' id='word_1_301' title='bbox 1226 2664 1367 2703; x_wconf 88' lang='lat' dir='ltr'>formis</span> <span class='ocrx_word' id='word_1_302' title='bbox 1409 2663 1473 2703; x_wconf 91' lang='lat' dir='ltr'>ius</span> <span class='ocrx_word' id='word_1_303' title='bbox 1508 2663 1728 2716; x_wconf 88' lang='lat' dir='ltr'>positivum</span> 
     </span>
     <span class='ocr_line' id='line_1_39' title="bbox 152 2724 1729 2783; baseline 0.005 -21"><span class='ocrx_word' id='word_1_304' title='bbox 152 2724 304 2776; x_wconf 88' lang='lat' dir='ltr'>ubique</span> <span class='ocrx_word' id='word_1_305' title='bbox 333 2737 380 2764; x_wconf 91' lang='lat' dir='ltr'>se</span> <span class='ocrx_word' id='word_1_306' title='bbox 410 2725 641 2775; x_wconf 86' lang='lat' dir='ltr'>immiscet,</span> <span class='ocrx_word' id='word_1_307' title='bbox 675 2741 725 2767; x_wconf 90' lang='lat' dir='ltr'>ac</span> <span class='ocrx_word' id='word_1_308' title='bbox 758 2728 930 2780; x_wconf 90' lang='lat' dir='ltr'>proinde</span> <span class='ocrx_word' id='word_1_309' title='bbox 962 2736 1077 2768; x_wconf 88' lang='lat' dir='ltr'>certa</span> <span class='ocrx_word' id='word_1_310' title='bbox 1108 2736 1147 2769; x_wconf 92' lang='lat' dir='ltr'>et</span> <span class='ocrx_word' id='word_1_311' title='bbox 1176 2729 1450 2769; x_wconf 88' lang='lat' dir='ltr'>immutabilia</span> <span class='ocrx_word' id='word_1_312' title='bbox 1479 2737 1729 2783; x_wconf 88' lang='lat' dir='ltr'>praecepta,</span> 
     </span>
     <span class='ocr_line' id='line_1_40' title="bbox 151 2788 1727 2844; baseline 0.004 -17"><span class='ocrx_word' id='word_1_313' title='bbox 151 2801 258 2840; x_wconf 90' lang='lat' dir='ltr'>quae</span> <span class='ocrx_word' id='word_1_314' title='bbox 288 2788 381 2828; x_wconf 90' lang='lat' dir='ltr'>usui</span> <span class='ocrx_word' id='word_1_315' title='bbox 412 2788 506 2838; x_wconf 89' lang='lat' dir='ltr'>sint,</span> <span class='ocrx_word' id='word_1_316' title='bbox 538 2791 644 2830; x_wconf 87' lang='lat' dir='ltr'>tradi</span> <span class='ocrx_word' id='word_1_317' title='bbox 675 2805 757 2831; x_wconf 92' lang='lat' dir='ltr'>non</span> <span class='ocrx_word' id='word_1_318' title='bbox 790 2799 978 2844; x_wconf 88' lang='lat' dir='ltr'>possunt,</span> <span class='ocrx_word' id='word_1_319' title='bbox 1010 2793 1088 2833; x_wconf 90' lang='lat' dir='ltr'>nisi</span> <span class='ocrx_word' id='word_1_320' title='bbox 1118 2792 1207 2833; x_wconf 91' lang='lat' dir='ltr'>eius</span> <span class='ocrx_word' id='word_1_321' title='bbox 1240 2792 1341 2832; x_wconf 88' lang='lat' dir='ltr'>iuris</span> <span class='ocrx_word' id='word_1_322' title='bbox 1371 2792 1478 2832; x_wconf 90' lang='lat' dir='ltr'>ratio</span> <span class='ocrx_word' id='word_1_323' title='bbox 1509 2793 1727 2844; x_wconf 83' lang='lat' dir='ltr'>habeatur;</span> 
     </span>
     <span class='ocr_line' id='line_1_41' title="bbox 151 2854 1735 2911; baseline 0.005 -19"><span class='ocrx_word' id='word_1_324' title='bbox 151 2854 260 2905; x_wconf 88' lang='lat' dir='ltr'>quod</span> <span class='ocrx_word' id='word_1_325' title='bbox 289 2867 315 2893; x_wconf 89' lang='lat' dir='ltr'>a</span> <span class='ocrx_word' id='word_1_326' title='bbox 344 2856 556 2908; x_wconf 91' lang='lat' dir='ltr'>proposito</span> <span class='ocrx_word' id='word_1_327' title='bbox 586 2870 663 2896; x_wconf 88' lang='lat' dir='ltr'>nos</span> <span class='ocrx_word' id='word_1_328' title='bbox 684 2858 948 2898; x_wconf 88' lang='lat' dir='ltr'>distraheret.</span> <span class='ocrx_word' id='word_1_329' title='bbox 979 2860 1116 2906; x_wconf 82' lang='lat' dir='ltr'>Quare</span> <span class='ocrx_word' id='word_1_330' title='bbox 1147 2858 1349 2898; x_wconf 87' lang='lat' dir='ltr'>eiusmodi</span> <span class='ocrx_word' id='word_1_331' title='bbox 1380 2860 1651 2911; x_wconf 88' lang='lat' dir='ltr'>pertractatio</span> <span class='ocrx_word' id='word_1_332' title='bbox 1672 2860 1735 2900; x_wconf 92' lang='lat' dir='ltr'>iu-</span> 
     </span>
     <span class='ocr_line' id='line_1_42' title="bbox 150 2919 1084 2972; baseline 0.006 -15"><span class='ocrx_word' id='word_1_333' title='bbox 150 2919 453 2972; x_wconf 89' lang='lat' dir='ltr'>risprudentiae</span> <span class='ocrx_word' id='word_1_334' title='bbox 483 2922 593 2961; x_wconf 84' lang='lat' dir='ltr'>civili</span> <span class='ocrx_word' id='word_1_335' title='bbox 624 2923 772 2963; x_wconf 90' lang='lat' dir='ltr'>melius</span> <span class='ocrx_word' id='word_1_336' title='bbox 804 2924 1084 2964; x_wconf 83' lang='lat' dir='ltr'>adiudicatur.</span> 
     </span>
    </p>
   </div>
  </div>
 </body>
</html>
