1970 3203
591 172 728 204 CAPUT
757 175 791 199 ii.
823 175 872 200 DE
902 175 1130 202 soeiffl'ATE
1159 176 1277 202 civim
1633 167 1710 206 221

143 248 285 288 vitiata
315 253 388 296 est,
411 248 601 299 exemplo
621 261 696 287 suo
720 249 1032 289 Hobbesianum
1049 250 1237 291 delirium
1258 252 1460 292 refellunt.
1484 254 1592 292 Nam
1614 267 1708 292 cum

139 315 318 366 primum
349 313 591 365 aequalibus
621 321 855 363 occurrunt,
878 328 961 354 non
991 316 1211 355 simultatis
1242 324 1282 356 et
1311 317 1404 365 odii,
1435 319 1508 357 sed
1530 319 1711 359 dilectio-

139 377 203 416 nis
235 375 373 428 potius
403 384 442 417 et
473 377 786 417 benevolentiae
815 378 939 430 signa
968 379 1176 427 exhibent,
1198 394 1325 433 seque
1345 381 1398 420 ab
1418 381 1498 420 illis
1519 382 1705 434 separari

142 440 325 491 graviter
354 440 503 479 ferunt.
536 442 678 493 Neque
708 442 746 480 id
778 443 924 481 mirum
955 450 1034 490 est,
1067 443 1278 495 siquidem,
1309 453 1353 484 ut
1371 446 1477 486 alias
1497 446 1593 494 dixi,
1615 446 1707 498 ipsa

138 511 316 545 naturae
345 505 572 546 similitudo
603 506 810 547 hominem
833 508 886 546 ad
906 508 1012 548 alios
1033 522 1175 548 amore
1194 512 1500 562 prosequendos
1530 512 1713 562 impellit.

148 598 150 601 .
194 567 288 615 Sed,
319 581 371 607 ne
401 570 530 610 multa
560 583 799 622 prosequar,
827 571 907 610 hoc
938 585 1019 611 uno
1050 580 1196 611 contra
1224 574 1481 614 Hobbesium
1510 582 1603 614 utar
1632 589 1704 614 ar-

142 639 352 683 gumento.
395 633 537 671 Status
566 634 769 672 naturalis
798 633 864 673 ille
896 641 989 681 est,
1020 635 1087 686 qui
1116 648 1141 674 a
1170 642 1319 675 natura
1357 637 1606 689 praecipitur
1628 672 1639 686 ,
1671 647 1711 677 et

140 697 311 736 innatae
348 698 528 738 hominis
557 698 813 738 inclinationi
853 701 1087 751 respondet.
1126 702 1251 753 Atqui
1280 702 1315 740 is
1346 715 1429 741 non
1460 704 1564 743 bello
1586 737 1598 750 ,
1630 705 1704 743 sed

137 775 242 814 pace
273 763 518 803 continetur.
550 766 710 804 Natura
741 765 848 804 enim
879 766 1065 805 ordinem
1095 768 1251 806 homini
1281 768 1533 807 servandum
1566 770 1702 818 iubet;

136 828 190 866 ad
219 840 394 879 eumque
422 829 607 877 rationis,
639 843 745 881 quae
778 830 908 881 potior
938 830 979 869 in
1001 831 1167 870 homine
1188 845 1285 883 pars
1306 841 1380 880 est,
1409 834 1592 872 maxima
1618 848 1707 885 pro-

136 891 337 942 pensione
366 891 627 931 connitimur.
660 894 747 931 Iam
778 906 876 932 vero
907 895 1063 934 ordinis
1084 897 1348 936 conservatio
1369 910 1517 948 pacem
1539 899 1704 937 consti-

138 957 239 1005 tuit3
272 957 473 1009 siquidem
504 971 588 996 non
617 959 780 997 aliunde
813 960 989 1008 bellum,
1011 962 1099 1000 sive
1119 961 1338 1009 internum,
1359 963 1447 1001 sive
1470 971 1703 1011 externum,

138 1020 180 1060 in
210 1022 329 1062 nobis
359 1024 499 1072 oritur,
530 1024 608 1063 nisi
639 1038 691 1063 ex
721 1038 769 1064 eo
792 1026 899 1077 quod
915 1026 1178 1077 perturbetur
1199 1028 1419 1067 harmonia
1439 1029 1703 1077 relationum,

137 1100 244 1139 quae
272 1088 379 1127 inter
409 1090 596 1129 diversas
618 1098 756 1142 partes
780 1092 929 1143 quibus
950 1102 1205 1142 constamus,
1228 1104 1299 1132 aut
1319 1095 1424 1134 inter
1444 1108 1521 1134 nos
1542 1102 1581 1134 et
1599 1096 1705 1134 alios

134 1149 326 1191 homines
344 1152 617 1193 intercedunt.
650 1155 786 1194 Ductu
815 1154 940 1206 igitur
969 1166 1009 1195 et
1039 1156 1210 1208 imperio
1242 1169 1417 1198 naturae
1437 1172 1522 1198 non
1549 1160 1601 1198 ad
1624 1159 1706 1198 bel-

135 1217 220 1255 lum
252 1218 325 1257 sed
345 1219 397 1257 ad
419 1233 564 1270 pacem
593 1219 771 1266 serimur;
801 1222 928 1260 immo
949 1222 1041 1273 ipsa
1071 1223 1198 1270 bella,
1228 1225 1263 1262 si
1294 1225 1459 1275 quando
1489 1233 1707 1276 geruntur,

135 1282 302 1322 nonnisi
323 1283 440 1334 pacis
469 1284 692 1336 cupiditate
722 1284 936 1337 geruntur.

189 1347 306 1386 Haec
335 1347 384 1386 de
414 1347 616 1399 principio
645 1349 747 1399 ipso,
779 1363 829 1388 ex
859 1363 938 1402 quo
970 1351 1178 1401 profectus
1209 1360 1270 1391 est
1301 1352 1497 1391 Hobbes:
1535 1361 1577 1391 ut
1599 1353 1703 1391 nihil

137 1411 288 1450 addam
310 1416 396 1450 tum
425 1411 474 1451 de
492 1412 660 1451 interitu
690 1414 741 1451 ad
765 1426 887 1464 quem
917 1414 1197 1455 moralitatem
1217 1416 1394 1463 adducit,
1417 1429 1509 1455 eam
1530 1429 1555 1454 a
1576 1416 1707 1456 libera

136 1483 295 1516 tantum
322 1478 513 1528 pactione
534 1478 739 1526 derivansg
764 1485 846 1517 tum
869 1479 917 1518 de
937 1480 1095 1518 nefaria
1117 1481 1344 1531 tyrannide,
1364 1482 1439 1520 sub
1461 1495 1542 1533 qua
1565 1482 1708 1520 huma-
1760 1509 1764 1512 ⁴

136 1555 216 1582 nae
246 1556 451 1594 personae
473 1544 716 1595 dignitatem
747 1545 787 1582 in
818 1545 992 1585 subditis
1021 1546 1195 1597 perimit.
1225 1549 1356 1586 Nemo
1374 1548 1483 1586 enim
1508 1561 1704 1599 unquam,

136 1616 300 1658 praeter
331 1608 601 1656 Hobbesium,
633 1615 716 1647 tam
746 1609 1005 1660 impudenter
1035 1610 1197 1649 civilem
1229 1620 1476 1662 potestatem
1506 1612 1704 1650 adulatus

135 1681 210 1721 est,
241 1683 284 1712 ut
312 1674 400 1713 eius
430 1683 623 1725 respectu
653 1674 814 1713 civibus
844 1688 926 1713 non
956 1675 1077 1714 modo
1100 1675 1161 1714 ius
1190 1689 1312 1715 omne
1334 1687 1373 1715 et
1393 1678 1706 1728 proprietatem,

135 1752 280 1778 verum
301 1739 426 1778 etiam
447 1738 641 1778 iudicium
663 1739 862 1778 adimeret
883 1738 996 1778 circa
1016 1739 1243 1779 bonitatem
1265 1741 1328 1779 vel
1351 1741 1551 1779 malitiam
1583 1741 1708 1780 actio-

138 1819 251 1853 num,
282 1818 388 1858 quae
416 1806 683 1856 imperantur.

157 1904 160 1907 A
187 1871 248 1908 35.
281 1871 536 1908 PRoposiTio
558 1871 613 1908 2³.
644 1869 895 1908 Abs-urcium
925 1874 987 1909 est
1014 1875 1199 1921 systema
1228 1871 1496 1909 Roasseam'a.

185 1936 307 1975 Prob.
339 1936 456 1974 Haec
487 1935 676 1975 doctrina
697 1943 781 1973 tam
802 1935 1015 1974 evidenter
1035 1936 1185 1975 rationi
1209 1942 1423 1987 repugnat,
1447 1943 1490 1973 ut
1512 1935 1699 1975 nonnulli

133 2000 434 2047 existimarint,
466 2012 559 2039 eam
589 2012 671 2038 non
702 1999 754 2037 ad
785 1998 940 2039 factum
971 2000 1263 2045 enarrandum,
1294 1999 1366 2038 sed
1396 1999 1449 2037 ad
1480 2006 1698 2050 corruptos

131 2065 241 2104 illius
270 2065 466 2116 temporis
495 2077 633 2103 mores
664 2064 890 2111 deflendos,
918 2073 1131 2116 tamquam
1163 2065 1397 2116 elegiacum
1428 2078 1612 2111 carmen,
1645 2065 1697 2103 ab

132 2136 303 2169 auctore
332 2128 460 2168 fuisse
489 2128 693 2167 traditam.
727 2128 807 2167 Sed
837 2127 1032 2179 quidquid
1061 2130 1110 2166 de
1154 2127 1307 2167 blanda
1336 2128 1417 2167 hac
1454 2127 1702 2178 interpreta-

133 2196 242 2236 tione
272 2195 337 2243 sit,
367 2203 478 2234 certe
507 2194 656 2242 fabula,
687 2194 737 2243 *de
768 2207 849 2246 qua
869 2197 1018 2246 agitur,
1041 2201 1100 2233 tot
1120 2201 1253 2234 scatet
1270 2195 1474 2242 absurdis,
1498 2203 1541 2233 ut
1562 2195 1697 2234 simile

132 2260 285 2312 aliquid
312 2259 383 2299 vix
411 2272 538 2310 aeger
568 2258 776 2298 somniare
804 2258 1019 2310 potuisset.
1056 2259 1164 2297 Nam
1194 2258 1417 2305 hominem,
1449 2259 1515 2310 qui
1546 2271 1695 2297 essen-

131 2326 282 2366 tialiter
312 2324 527 2364 rationalis
555 2331 629 2371 est,
648 2323 808 2362 ratione
830 2324 1069 2362 destitutum
1091 2332 1131 2362 et
1151 2323 1252 2362 solis
1274 2322 1586 2374 operationibus
1608 2336 1703 2362 sen-

131 2391 276 2441 silibus
304 2391 550 2430 instructum
579 2390 698 2441 fingit
727 2390 766 2427 in
798 2402 846 2428 eo
869 2396 990 2437 statu,
1013 2389 1093 2441 qui,
1116 2398 1254 2441 utpote
1282 2390 1496 2437 naturalis,
1519 2395 1697 2429 naturae

129 2470 393 2509 summopere
423 2455 697 2508 congruisset.
732 2455 889 2494 Deinde
911 2487 920 2503 ,
951 2455 1121 2503 homini,
1154 2455 1214 2494 sic
1244 2455 1518 2506 intelligentia
1549 2464 1588 2495 et
1617 2469 1696 2496 usu

127 2524 301 2567 rationis
331 2523 487 2570 orbato,
517 2521 748 2561 libertatem
779 2521 981 2568 concedit,
1011 2533 1117 2572 quae
1148 2534 1268 2560 usum
1300 2521 1473 2561 rationis
1494 2521 1700 2570 subaudit,

129 2604 287 2644 eaquae
313 2597 474 2629 remota
503 2600 555 2627 ne
577 2586 740 2637 concipi
756 2585 920 2637 quidem
941 2593 1088 2636 potest.
1112 2586 1312 2634 Tandem,
1336 2581 1558 2626 belluinam
1579 2588 1693 2627 illam

127 2657 257 2697 vitam
287 2655 467 2695 maxime
495 2652 703 2706 propriam
727 2651 906 2690 hominis
928 2664 1022 2690 esse
1044 2651 1210 2699 statuit3
1236 2658 1276 2692 et
1295 2659 1436 2693 tamen
1457 2654 1698 2694 universum

128 2734 262 2774 genus
289 2721 519 2760 humanum
550 2718 602 2758 ab
633 2731 682 2757 ea
711 2716 941 2757 recessisse
970 2715 1141 2756 fatetur!
1173 2717 1265 2756 Hae
1293 2718 1534 2771 similesque
1556 2719 1700 2757 absur-

130 2785 284 2823 ditates
312 2785 446 2835 ipsam
475 2781 741 2834 hypothesim
768 2780 1022 2820 intrinsecus
1051 2779 1270 2828 afficiunt,
1303 2795 1354 2820 ac
1385 2782 1463 2821 sibi
1491 2794 1574 2821 non
1604 2795 1698 2821 con-

130 2857 243 2890 stare
272 2849 558 2888 demonstrant
577 2861 586 2896 ;
609 2856 652 2887 ut
672 2846 858 2886 omittam
893 2845 1119 2885 carentiam
1143 2846 1376 2887 absolutam
1409 2848 1591 2888 cuiusvis
1613 2848 1695 2887 sun-
