<?xml version="1.0" encoding="UTF-8"?>
<!DOCTYPE html PUBLIC "-//W3C//DTD XHTML 1.0 Transitional//EN"
    "http://www.w3.org/TR/xhtml1/DTD/xhtml1-transitional.dtd">
<html xmlns="http://www.w3.org/1999/xhtml" xml:lang="en" lang="en">
 <head>
  <title>
</title>
<meta http-equiv="Content-Type" content="text/html;charset=utf-8" />
  <meta name='ocr-system' content='tesseract 3.04.00' />
  <meta name='ocr-capabilities' content='ocr_page ocr_carea ocr_par ocr_line ocrx_word'/>
</head>
<body>
  <div class='ocr_page' id='page_1' title='image "./institutioneseth00libe_0119.png"; bbox 0 0 1970 3203; ppageno 0'>
   <div class='ocr_carea' id='block_1_1' title="bbox 1631 182 1707 220">
    <p class='ocr_par' dir='ltr' id='par_1_1' title="bbox 1631 182 1707 220">
     <span class='ocr_line' id='line_1_1' title="bbox 1631 182 1707 220; baseline -0.013 0"><span class='ocrx_word' id='word_1_1' title='bbox 1631 182 1707 220; x_wconf 89' lang='lat'>115</span> 
     </span>
    </p>
   </div>
   <div class='ocr_carea' id='block_1_2' title="bbox 628 405 1212 459">
    <p class='ocr_par' dir='ltr' id='par_1_2' title="bbox 628 405 1212 459">
     <span class='ocr_line' id='line_1_2' title="bbox 628 405 1212 459; baseline 0.003 -3"><span class='ocrx_word' id='word_1_2' title='bbox 628 405 873 458; x_wconf 82' lang='lat' dir='ltr'><strong>CAPUT</strong></span> <span class='ocrx_word' id='word_1_3' title='bbox 910 407 1212 459; x_wconf 83' lang='lat' dir='ltr'>PRIMUM</span> 
     </span>
    </p>
   </div>
   <div class='ocr_carea' id='block_1_3' title="bbox 562 553 1288 581">
    <p class='ocr_par' dir='ltr' id='par_1_3' title="bbox 562 553 1288 581">
     <span class='ocr_line' id='line_1_3' title="bbox 562 553 1288 581; baseline 0.003 -2"><span class='ocrx_word' id='word_1_4' title='bbox 562 553 614 579; x_wconf 87' lang='lat' dir='ltr'>DE</span> <span class='ocrx_word' id='word_1_5' title='bbox 644 553 741 579; x_wconf 85' lang='lat' dir='ltr'><strong>IURE</strong></span> <span class='ocrx_word' id='word_1_6' title='bbox 770 553 823 579; x_wconf 85' lang='lat' dir='ltr'>ET</span> <span class='ocrx_word' id='word_1_7' title='bbox 854 553 1011 579; x_wconf 80' lang='lat' dir='ltr'>OFFICIO</span> <span class='ocrx_word' id='word_1_8' title='bbox 1041 553 1288 581; x_wconf 81' lang='lat' dir='ltr'>GENERATIM</span> 
     </span>
    </p>
   </div>
   <div class='ocr_carea' id='block_1_4' title="bbox 126 671 1710 983">
    <p class='ocr_par' dir='ltr' id='par_1_4' title="bbox 126 671 1710 983">
     <span class='ocr_line' id='line_1_4' title="bbox 187 671 1710 727; baseline 0.004 -18"><span class='ocrx_word' id='word_1_9' title='bbox 187 672 224 710; x_wconf 87' lang='lat'>1.</span> <span class='ocrx_word' id='word_1_10' title='bbox 254 671 445 712; x_wconf 81' lang='lat' dir='ltr'>Partitio.</span> <span class='ocrx_word' id='word_1_11' title='bbox 477 671 724 711; x_wconf 84' lang='lat' dir='ltr'>Exordimur</span> <span class='ocrx_word' id='word_1_12' title='bbox 752 672 804 711; x_wconf 89' lang='lat' dir='ltr'>ab</span> <span class='ocrx_word' id='word_1_13' title='bbox 835 672 971 712; x_wconf 89' lang='lat' dir='ltr'>officio</span> <span class='ocrx_word' id='word_1_14' title='bbox 992 705 1002 721; x_wconf 87' lang='lat'>,</span> <span class='ocrx_word' id='word_1_15' title='bbox 1033 678 1073 712; x_wconf 89' lang='lat' dir='ltr'>et</span> <span class='ocrx_word' id='word_1_16' title='bbox 1100 672 1187 712; x_wconf 87' lang='lat' dir='ltr'>iure</span> <span class='ocrx_word' id='word_1_17' title='bbox 1218 680 1336 724; x_wconf 86' lang='lat' dir='ltr'>prout</span> <span class='ocrx_word' id='word_1_18' title='bbox 1366 674 1502 714; x_wconf 87' lang='lat' dir='ltr'>officio</span> <span class='ocrx_word' id='word_1_19' title='bbox 1537 675 1710 727; x_wconf 86' lang='lat' dir='ltr'>opponi-</span> 
     </span>
     <span class='ocr_line' id='line_1_5' title="bbox 126 736 1706 792; baseline 0.003 -17"><span class='ocrx_word' id='word_1_20' title='bbox 126 742 215 789; x_wconf 50' lang='lat' dir='ltr'>¹tur,</span> <span class='ocrx_word' id='word_1_21' title='bbox 238 736 466 788; x_wconf 80' lang='lat' dir='ltr'>generatim</span> <span class='ocrx_word' id='word_1_22' title='bbox 487 736 757 788; x_wconf 76' lang='lat' dir='ltr'>explicandis.</span> <span class='ocrx_word' id='word_1_23' title='bbox 776 737 995 789; x_wconf 78' lang='lat' dir='ltr'>Deinceps,</span> <span class='ocrx_word' id='word_1_24' title='bbox 1013 750 1085 790; x_wconf 88' lang='lat' dir='ltr'>pro</span> <span class='ocrx_word' id='word_1_25' title='bbox 1107 737 1255 789; x_wconf 85' lang='lat' dir='ltr'>triplici</span> <span class='ocrx_word' id='word_1_26' title='bbox 1275 744 1461 789; x_wconf 88' lang='lat' dir='ltr'>aspectu,</span> <span class='ocrx_word' id='word_1_27' title='bbox 1477 753 1558 792; x_wconf 86' lang='lat' dir='ltr'>qua</span> <span class='ocrx_word' id='word_1_28' title='bbox 1582 740 1706 781; x_wconf 86' lang='lat' dir='ltr'>homo</span> 
     </span>
     <span class='ocr_line' id='line_1_6' title="bbox 137 801 1705 858; baseline 0.004 -18"><span class='ocrx_word' id='word_1_29' title='bbox 137 801 374 841; x_wconf 89' lang='lat' dir='ltr'>individuus</span> <span class='ocrx_word' id='word_1_30' title='bbox 395 802 649 842; x_wconf 88' lang='lat' dir='ltr'>considerari</span> <span class='ocrx_word' id='word_1_31' title='bbox 672 808 828 854; x_wconf 88' lang='lat' dir='ltr'>potest,</span> <span class='ocrx_word' id='word_1_32' title='bbox 851 803 1017 843; x_wconf 87' lang='lat' dir='ltr'>diversa</span> <span class='ocrx_word' id='word_1_33' title='bbox 1038 803 1126 842; x_wconf 91' lang='lat' dir='ltr'>eius</span> <span class='ocrx_word' id='word_1_34' title='bbox 1145 802 1296 851; x_wconf 87' lang='lat' dir='ltr'>officia,</span> <span class='ocrx_word' id='word_1_35' title='bbox 1318 802 1464 855; x_wconf 87' lang='lat' dir='ltr'>quibus</span> <span class='ocrx_word' id='word_1_36' title='bbox 1495 804 1583 844; x_wconf 85' lang='lat' dir='ltr'>sive</span> <span class='ocrx_word' id='word_1_37' title='bbox 1603 819 1705 858; x_wconf 85' lang='lat' dir='ltr'>erga</span> 
     </span>
     <span class='ocr_line' id='line_1_7' title="bbox 135 865 1701 921; baseline 0.002 -17"><span class='ocrx_word' id='word_1_38' title='bbox 135 865 281 913; x_wconf 87' lang='lat' dir='ltr'>Deum,</span> <span class='ocrx_word' id='word_1_39' title='bbox 311 865 402 904; x_wconf 88' lang='lat' dir='ltr'>sive</span> <span class='ocrx_word' id='word_1_40' title='bbox 432 878 532 917; x_wconf 86' lang='lat' dir='ltr'>erga</span> <span class='ocrx_word' id='word_1_41' title='bbox 560 866 756 917; x_wconf 80' lang='lat' dir='ltr'>seipsum,</span> <span class='ocrx_word' id='word_1_42' title='bbox 777 866 866 906; x_wconf 80' lang='lat' dir='ltr'>sive</span> <span class='ocrx_word' id='word_1_43' title='bbox 886 879 988 919; x_wconf 85' lang='lat' dir='ltr'>erga</span> <span class='ocrx_word' id='word_1_44' title='bbox 1007 867 1187 919; x_wconf 84' lang='lat' dir='ltr'>reliquos</span> <span class='ocrx_word' id='word_1_45' title='bbox 1207 866 1399 907; x_wconf 88' lang='lat' dir='ltr'>homines</span> <span class='ocrx_word' id='word_1_46' title='bbox 1420 867 1701 921; x_wconf 79' lang='lat' dir='ltr'>adstringitur,</span> 
     </span>
     <span class='ocr_line' id='line_1_8' title="bbox 136 929 896 983; baseline 0.003 -14"><span class='ocrx_word' id='word_1_47' title='bbox 136 929 267 970; x_wconf 87' lang='lat' dir='ltr'>tribus</span> <span class='ocrx_word' id='word_1_48' title='bbox 298 930 501 983; x_wconf 80' lang='lat' dir='ltr'>capitibus</span> <span class='ocrx_word' id='word_1_49' title='bbox 531 932 896 983; x_wconf 77' lang='lat' dir='ltr'>perscrutabimur.</span> 
     </span>
    </p>
   </div>
   <div class='ocr_carea' id='block_1_5' title="bbox 373 1062 1469 1246">
    <p class='ocr_par' dir='ltr' id='par_1_5' title="bbox 373 1062 1469 1246">
     <span class='ocr_line' id='line_1_9' title="bbox 772 1062 1077 1101; baseline 0 -1"><span class='ocrx_word' id='word_1_50' title='bbox 772 1063 1016 1101; x_wconf 76' lang='lat' dir='ltr'>ARTlcULus</span> <span class='ocrx_word' id='word_1_51' title='bbox 1048 1062 1077 1100; x_wconf 92' lang='grc' dir='ltr'>Ι.</span> 
     </span>
     <span class='ocr_line' id='line_1_10' title="bbox 373 1192 1469 1246; baseline 0.001 -15"><span class='ocrx_word' id='word_1_52' title='bbox 373 1193 438 1232; x_wconf 85' lang='lat' dir='ltr'>De</span> <span class='ocrx_word' id='word_1_53' title='bbox 469 1192 650 1241; x_wconf 78' lang='lat' dir='ltr'>notione,</span> <span class='ocrx_word' id='word_1_54' title='bbox 680 1193 890 1232; x_wconf 72' lang='lat' dir='ltr'>divisione</span> <span class='ocrx_word' id='word_1_55' title='bbox 917 1195 958 1232; x_wconf 77' lang='lat' dir='ltr'>et</span> <span class='ocrx_word' id='word_1_56' title='bbox 977 1193 1317 1246; x_wconf 71' lang='lat' dir='ltr'>proprietatc&#39;bus</span> <span class='ocrx_word' id='word_1_57' title='bbox 1347 1194 1469 1234; x_wconf 73' lang='lat' dir='ltr'>iuris.</span> 
     </span>
    </p>
   </div>
   <div class='ocr_carea' id='block_1_6' title="bbox 127 1322 1703 2734">
    <p class='ocr_par' dir='ltr' id='par_1_6' title="bbox 129 1322 1703 2020">
     <span class='ocr_line' id='line_1_11' title="bbox 187 1322 1703 1375; baseline 0.001 -15"><span class='ocrx_word' id='word_1_58' title='bbox 187 1323 224 1360; x_wconf 74' lang='lat'>2.</span> <span class='ocrx_word' id='word_1_59' title='bbox 255 1322 356 1370; x_wconf 88' lang='lat' dir='ltr'>Quid</span> <span class='ocrx_word' id='word_1_60' title='bbox 384 1323 463 1363; x_wconf 88' lang='lat' dir='ltr'>ius.</span> <span class='ocrx_word' id='word_1_61' title='bbox 493 1322 612 1360; x_wconf 77' lang='lat' dir='ltr'>Iuris</span> <span class='ocrx_word' id='word_1_62' title='bbox 641 1322 754 1362; x_wconf 88' lang='lat' dir='ltr'>notio</span> <span class='ocrx_word' id='word_1_63' title='bbox 779 1322 987 1374; x_wconf 84' lang='lat' dir='ltr'>primitiva</span> <span class='ocrx_word' id='word_1_64' title='bbox 1016 1329 1090 1371; x_wconf 87' lang='lat' dir='ltr'>est;</span> <span class='ocrx_word' id='word_1_65' title='bbox 1121 1336 1227 1375; x_wconf 85' lang='lat' dir='ltr'>quae</span> <span class='ocrx_word' id='word_1_66' title='bbox 1256 1322 1418 1362; x_wconf 84' lang='lat' dir='ltr'>facilius</span> <span class='ocrx_word' id='word_1_67' title='bbox 1441 1328 1579 1363; x_wconf 85' lang='lat' dir='ltr'>mente</span> <span class='ocrx_word' id='word_1_68' title='bbox 1608 1335 1703 1362; x_wconf 87' lang='lat' dir='ltr'>con-</span> 
     </span>
     <span class='ocr_line' id='line_1_12' title="bbox 134 1386 1703 1440; baseline 0.001 -15"><span class='ocrx_word' id='word_1_69' title='bbox 134 1386 297 1437; x_wconf 86' lang='lat' dir='ltr'>cipitur,</span> <span class='ocrx_word' id='word_1_70' title='bbox 331 1401 454 1439; x_wconf 87' lang='lat' dir='ltr'>quam</span> <span class='ocrx_word' id='word_1_71' title='bbox 484 1387 622 1427; x_wconf 87' lang='lat' dir='ltr'>verbis</span> <span class='ocrx_word' id='word_1_72' title='bbox 654 1387 895 1439; x_wconf 82' lang='lat' dir='ltr'>explicatur.</span> <span class='ocrx_word' id='word_1_73' title='bbox 920 1387 1160 1426; x_wconf 85' lang='lat' dir='ltr'>Generatim</span> <span class='ocrx_word' id='word_1_74' title='bbox 1181 1394 1221 1427; x_wconf 90' lang='lat' dir='ltr'>et</span> <span class='ocrx_word' id='word_1_75' title='bbox 1241 1388 1352 1426; x_wconf 89' lang='lat' dir='ltr'>nullo</span> <span class='ocrx_word' id='word_1_76' title='bbox 1373 1387 1539 1440; x_wconf 84' lang='lat' dir='ltr'>negotio</span> <span class='ocrx_word' id='word_1_77' title='bbox 1560 1399 1703 1440; x_wconf 84' lang='lat' dir='ltr'>appre-</span> 
     </span>
     <span class='ocr_line' id='line_1_13' title="bbox 134 1451 1700 1504; baseline 0.001 -14"><span class='ocrx_word' id='word_1_78' title='bbox 134 1451 328 1491; x_wconf 89' lang='lat' dir='ltr'>henditur</span> <span class='ocrx_word' id='word_1_79' title='bbox 347 1458 557 1504; x_wconf 84' lang='lat' dir='ltr'>tamquam</span> <span class='ocrx_word' id='word_1_80' title='bbox 578 1452 748 1491; x_wconf 87' lang='lat' dir='ltr'>moralis</span> <span class='ocrx_word' id='word_1_81' title='bbox 768 1452 946 1492; x_wconf 87' lang='lat' dir='ltr'>facultas</span> <span class='ocrx_word' id='word_1_82' title='bbox 967 1452 1208 1504; x_wconf 89' lang='lat' dir='ltr'>disponendi</span> <span class='ocrx_word' id='word_1_83' title='bbox 1230 1453 1279 1491; x_wconf 90' lang='lat' dir='ltr'>de</span> <span class='ocrx_word' id='word_1_84' title='bbox 1300 1466 1345 1491; x_wconf 90' lang='lat' dir='ltr'>re</span> <span class='ocrx_word' id='word_1_85' title='bbox 1366 1452 1504 1504; x_wconf 88' lang='lat' dir='ltr'>aliqua</span> <span class='ocrx_word' id='word_1_86' title='bbox 1519 1459 1591 1493; x_wconf 88' lang='lat' dir='ltr'>aut</span> <span class='ocrx_word' id='word_1_87' title='bbox 1607 1465 1700 1491; x_wconf 91' lang='lat' dir='ltr'>eam</span> 
     </span>
     <span class='ocr_line' id='line_1_14' title="bbox 134 1515 1701 1568; baseline 0 -14"><span class='ocrx_word' id='word_1_88' title='bbox 134 1515 328 1568; x_wconf 78' lang='lat' dir='ltr'>exigendi</span> <span class='ocrx_word' id='word_1_89' title='bbox 356 1516 408 1555; x_wconf 88' lang='lat' dir='ltr'>ab</span> <span class='ocrx_word' id='word_1_90' title='bbox 429 1516 534 1556; x_wconf 88' lang='lat' dir='ltr'>aliis.</span> <span class='ocrx_word' id='word_1_91' title='bbox 559 1530 576 1553; x_wconf 82' lang='grc'>((</span> <span class='ocrx_word' id='word_1_92' title='bbox 601 1517 722 1555; x_wconf 78' lang='lat' dir='ltr'>quta</span> <span class='ocrx_word' id='word_1_93' title='bbox 743 1516 932 1556; x_wconf 87' lang='lat' dir='ltr'>strictam</span> <span class='ocrx_word' id='word_1_94' title='bbox 954 1516 1054 1555; x_wconf 89' lang='lat' dir='ltr'>iuris</span> <span class='ocrx_word' id='word_1_95' title='bbox 1080 1516 1444 1567; x_wconf 88' lang='lat' dir='ltr'>significationem,</span> <span class='ocrx_word' id='word_1_96' title='bbox 1467 1516 1523 1555; x_wconf 89' lang='lat' dir='ltr'>ait</span> <span class='ocrx_word' id='word_1_97' title='bbox 1546 1517 1701 1555; x_wconf 86' lang='lat' dir='ltr'>Suarez</span> 
     </span>
     <span class='ocr_line' id='line_1_15' title="bbox 134 1580 1699 1633; baseline -0.001 -13"><span class='ocrx_word' id='word_1_98' title='bbox 134 1581 240 1621; x_wconf 89' lang='lat' dir='ltr'>solet</span> <span class='ocrx_word' id='word_1_99' title='bbox 267 1580 430 1633; x_wconf 83' lang='lat' dir='ltr'>proprie</span> <span class='ocrx_word' id='word_1_100' title='bbox 459 1581 520 1620; x_wconf 90' lang='lat' dir='ltr'>ius</span> <span class='ocrx_word' id='word_1_101' title='bbox 541 1582 685 1621; x_wconf 86' lang='lat' dir='ltr'>vocari</span> <span class='ocrx_word' id='word_1_102' title='bbox 708 1581 883 1620; x_wconf 82' lang='lat' dir='ltr'>facultas</span> <span class='ocrx_word' id='word_1_103' title='bbox 905 1582 1107 1633; x_wconf 82' lang='lat' dir='ltr'>quaedam</span> <span class='ocrx_word' id='word_1_104' title='bbox 1129 1581 1309 1629; x_wconf 83' lang='lat' dir='ltr'>moralis,</span> <span class='ocrx_word' id='word_1_105' title='bbox 1329 1594 1452 1633; x_wconf 87' lang='lat' dir='ltr'>quam</span> <span class='ocrx_word' id='word_1_106' title='bbox 1475 1580 1699 1633; x_wconf 83' lang='lat' dir='ltr'>unusquis-</span> 
     </span>
     <span class='ocr_line' id='line_1_16' title="bbox 133 1644 1696 1698; baseline -0.001 -13"><span class='ocrx_word' id='word_1_107' title='bbox 133 1659 211 1698; x_wconf 90' lang='lat' dir='ltr'>que</span> <span class='ocrx_word' id='word_1_108' title='bbox 238 1645 364 1685; x_wconf 87' lang='lat' dir='ltr'>habet</span> <span class='ocrx_word' id='word_1_109' title='bbox 392 1646 458 1684; x_wconf 90' lang='lat' dir='ltr'>vel</span> <span class='ocrx_word' id='word_1_110' title='bbox 488 1645 602 1685; x_wconf 87' lang='lat' dir='ltr'>circa</span> <span class='ocrx_word' id='word_1_111' title='bbox 630 1659 717 1685; x_wconf 89' lang='lat' dir='ltr'>rem</span> <span class='ocrx_word' id='word_1_112' title='bbox 747 1658 880 1693; x_wconf 84' lang='lat' dir='ltr'>suam,</span> <span class='ocrx_word' id='word_1_113' title='bbox 911 1646 975 1684; x_wconf 82' lang='lat' dir='ltr'>vel</span> <span class='ocrx_word' id='word_1_114' title='bbox 1005 1646 1058 1684; x_wconf 90' lang='lat' dir='ltr'>ad</span> <span class='ocrx_word' id='word_1_115' title='bbox 1080 1659 1166 1685; x_wconf 92' lang='lat' dir='ltr'>rem</span> <span class='ocrx_word' id='word_1_116' title='bbox 1186 1646 1263 1684; x_wconf 88' lang='lat' dir='ltr'>sibi</span> <span class='ocrx_word' id='word_1_117' title='bbox 1286 1646 1466 1685; x_wconf 84' lang='lat' dir='ltr'>debitam</span> <span class='ocrx_word' id='word_1_118' title='bbox 1488 1646 1559 1696; x_wconf 86' lang='lat'>(1).</span> <span class='ocrx_word' id='word_1_119' title='bbox 1582 1660 1601 1683; x_wconf 89' lang='lat'>»</span> <span class='ocrx_word' id='word_1_120' title='bbox 1626 1644 1696 1684; x_wconf 87' lang='lat' dir='ltr'>Sic</span> 
     </span>
     <span class='ocr_line' id='line_1_17' title="bbox 132 1708 1701 1762; baseline 0.001 -15"><span class='ocrx_word' id='word_1_121' title='bbox 132 1708 201 1762; x_wconf 89' lang='lat' dir='ltr'>qui</span> <span class='ocrx_word' id='word_1_122' title='bbox 230 1708 339 1748; x_wconf 89' lang='lat' dir='ltr'>dicit:</span> <span class='ocrx_word' id='word_1_123' title='bbox 369 1708 469 1747; x_wconf 90' lang='lat' dir='ltr'>mihi</span> <span class='ocrx_word' id='word_1_124' title='bbox 496 1708 561 1747; x_wconf 91' lang='lat' dir='ltr'>ius</span> <span class='ocrx_word' id='word_1_125' title='bbox 591 1715 653 1748; x_wconf 83' lang='lat' dir='ltr'>est</span> <span class='ocrx_word' id='word_1_126' title='bbox 682 1721 801 1748; x_wconf 87' lang='lat' dir='ltr'>meae</span> <span class='ocrx_word' id='word_1_127' title='bbox 830 1709 1043 1760; x_wconf 84' lang='lat' dir='ltr'>pecuniae,</span> <span class='ocrx_word' id='word_1_128' title='bbox 1074 1722 1261 1748; x_wconf 87' lang='lat' dir='ltr'>meorum</span> <span class='ocrx_word' id='word_1_129' title='bbox 1289 1709 1552 1761; x_wconf 85' lang='lat' dir='ltr'>praediorum</span> <span class='ocrx_word' id='word_1_130' title='bbox 1581 1715 1620 1748; x_wconf 89' lang='lat' dir='ltr'>et</span> <span class='ocrx_word' id='word_1_131' title='bbox 1641 1708 1701 1748; x_wconf 89' lang='lat' dir='ltr'>si-</span> 
     </span>
     <span class='ocr_line' id='line_1_18' title="bbox 132 1773 1700 1826; baseline -0.001 -13"><span class='ocrx_word' id='word_1_132' title='bbox 132 1774 312 1823; x_wconf 67' lang='lat' dir='ltr'>milium,</span> <span class='ocrx_word' id='word_1_133' title='bbox 343 1787 426 1814; x_wconf 92' lang='lat' dir='ltr'>non</span> <span class='ocrx_word' id='word_1_134' title='bbox 456 1774 567 1813; x_wconf 89' lang='lat' dir='ltr'>aliud</span> <span class='ocrx_word' id='word_1_135' title='bbox 595 1774 797 1826; x_wconf 90' lang='lat' dir='ltr'>intelligit,</span> <span class='ocrx_word' id='word_1_136' title='bbox 828 1773 909 1813; x_wconf 86' lang='lat' dir='ltr'>nisi</span> <span class='ocrx_word' id='word_1_137' title='bbox 938 1773 1000 1813; x_wconf 82' lang='lat' dir='ltr'>fas</span> <span class='ocrx_word' id='word_1_138' title='bbox 1020 1773 1098 1813; x_wconf 90' lang='lat' dir='ltr'>sibi</span> <span class='ocrx_word' id='word_1_139' title='bbox 1119 1786 1213 1813; x_wconf 89' lang='lat' dir='ltr'>esse</span> <span class='ocrx_word' id='word_1_140' title='bbox 1234 1775 1282 1813; x_wconf 91' lang='lat' dir='ltr'>de</span> <span class='ocrx_word' id='word_1_141' title='bbox 1303 1774 1382 1813; x_wconf 90' lang='lat' dir='ltr'>illis</span> <span class='ocrx_word' id='word_1_142' title='bbox 1403 1787 1475 1826; x_wconf 87' lang='lat' dir='ltr'>pro</span> <span class='ocrx_word' id='word_1_143' title='bbox 1497 1774 1700 1813; x_wconf 87' lang='lat' dir='ltr'>arbitratu</span> 
     </span>
     <span class='ocr_line' id='line_1_19' title="bbox 132 1836 1698 1890; baseline -0.001 -13"><span class='ocrx_word' id='word_1_144' title='bbox 132 1838 362 1890; x_wconf 84' lang='lat' dir='ltr'>disponere.</span> <span class='ocrx_word' id='word_1_145' title='bbox 395 1838 477 1878; x_wconf 86' lang='lat' dir='ltr'>Sed</span> <span class='ocrx_word' id='word_1_146' title='bbox 507 1844 550 1877; x_wconf 90' lang='lat' dir='ltr'>ut</span> <span class='ocrx_word' id='word_1_147' title='bbox 579 1844 807 1889; x_wconf 90' lang='lat' dir='ltr'>conceptus</span> <span class='ocrx_word' id='word_1_148' title='bbox 837 1837 1038 1877; x_wconf 90' lang='lat' dir='ltr'>eiusmodi</span> <span class='ocrx_word' id='word_1_149' title='bbox 1069 1836 1298 1876; x_wconf 84' lang='lat' dir='ltr'>distinctior</span> <span class='ocrx_word' id='word_1_150' title='bbox 1319 1837 1480 1885; x_wconf 76' lang='lat' dir='ltr'>evadat,</span> <span class='ocrx_word' id='word_1_151' title='bbox 1503 1843 1543 1877; x_wconf 90' lang='lat' dir='ltr'>et</span> <span class='ocrx_word' id='word_1_152' title='bbox 1562 1850 1698 1889; x_wconf 83' lang='lat' dir='ltr'>quan-</span> 
     </span>
     <span class='ocr_line' id='line_1_20' title="bbox 130 1901 1694 1955; baseline -0.001 -13"><span class='ocrx_word' id='word_1_153' title='bbox 130 1909 215 1942; x_wconf 88' lang='lat' dir='ltr'>tum</span> <span class='ocrx_word' id='word_1_154' title='bbox 244 1903 335 1943; x_wconf 89' lang='lat' dir='ltr'>fieri</span> <span class='ocrx_word' id='word_1_155' title='bbox 363 1909 510 1955; x_wconf 90' lang='lat' dir='ltr'>potest,</span> <span class='ocrx_word' id='word_1_156' title='bbox 541 1902 772 1942; x_wconf 87' lang='lat' dir='ltr'>scientifica</span> <span class='ocrx_word' id='word_1_157' title='bbox 803 1901 1039 1942; x_wconf 88' lang='lat' dir='ltr'>definitione</span> <span class='ocrx_word' id='word_1_158' title='bbox 1070 1902 1457 1953; x_wconf 87' lang='lat' dir='ltr'>comprehendatur,</span> <span class='ocrx_word' id='word_1_159' title='bbox 1488 1902 1694 1941; x_wconf 80' lang='lat' dir='ltr'>elementa</span> 
     </span>
     <span class='ocr_line' id='line_1_21' title="bbox 129 1966 1504 2020; baseline -0.001 -13"><span class='ocrx_word' id='word_1_160' title='bbox 129 1968 341 2007; x_wconf 87' lang='lat' dir='ltr'>innuenda</span> <span class='ocrx_word' id='word_1_161' title='bbox 371 1973 466 2007; x_wconf 90' lang='lat' dir='ltr'>sunt</span> <span class='ocrx_word' id='word_1_162' title='bbox 495 1968 642 2020; x_wconf 89' lang='lat' dir='ltr'>quibus</span> <span class='ocrx_word' id='word_1_163' title='bbox 673 1972 848 2016; x_wconf 85' lang='lat' dir='ltr'>constat,</span> <span class='ocrx_word' id='word_1_164' title='bbox 878 1973 918 2006; x_wconf 92' lang='lat' dir='ltr'>et</span> <span class='ocrx_word' id='word_1_165' title='bbox 947 1972 1163 2018; x_wconf 88' lang='lat' dir='ltr'>respectus</span> <span class='ocrx_word' id='word_1_166' title='bbox 1191 1980 1293 2019; x_wconf 85' lang='lat' dir='ltr'>quos</span> <span class='ocrx_word' id='word_1_167' title='bbox 1322 1966 1504 2005; x_wconf 89' lang='lat' dir='ltr'>includit.</span> 
     </span>
    </p>

    <p class='ocr_par' dir='ltr' id='par_1_7' title="bbox 127 2032 1699 2734">
     <span class='ocr_line' id='line_1_22' title="bbox 183 2032 1698 2084; baseline -0.001 -12"><span class='ocrx_word' id='word_1_168' title='bbox 183 2034 218 2072; x_wconf 90' lang='lat'>3.</span> <span class='ocrx_word' id='word_1_169' title='bbox 249 2035 317 2074; x_wconf 90' lang='lat' dir='ltr'>Ius</span> <span class='ocrx_word' id='word_1_170' title='bbox 350 2034 490 2074; x_wconf 84' lang='lat' dir='ltr'>differt</span> <span class='ocrx_word' id='word_1_171' title='bbox 529 2045 553 2073; x_wconf 83' lang='lat' dir='ltr'>a</span> <span class='ocrx_word' id='word_1_172' title='bbox 581 2034 624 2073; x_wconf 91' lang='lat' dir='ltr'>vi</span> <span class='ocrx_word' id='word_1_173' title='bbox 652 2033 843 2084; x_wconf 86' lang='lat' dir='ltr'>physica.</span> <span class='ocrx_word' id='word_1_174' title='bbox 873 2032 1057 2072; x_wconf 87' lang='lat' dir='ltr'>Primum</span> <span class='ocrx_word' id='word_1_175' title='bbox 1079 2065 1088 2081; x_wconf 86' lang='lat'>,</span> <span class='ocrx_word' id='word_1_176' title='bbox 1127 2044 1248 2072; x_wconf 86' lang='lat' dir='ltr'>nemo</span> <span class='ocrx_word' id='word_1_177' title='bbox 1278 2045 1360 2071; x_wconf 86' lang='lat' dir='ltr'>non</span> <span class='ocrx_word' id='word_1_178' title='bbox 1391 2032 1500 2072; x_wconf 82' lang='lat' dir='ltr'>videt</span> <span class='ocrx_word' id='word_1_179' title='bbox 1529 2032 1698 2071; x_wconf 79' lang='lat' dir='ltr'>faculta-</span> 
     </span>
     <span class='ocr_line' id='line_1_23' title="bbox 130 2088 1698 2152; baseline -0.002 -13"><span class='ocrx_word' id='word_1_180' title='bbox 130 2105 224 2148; x_wconf 86' lang='lat' dir='ltr'>tem,</span> <span class='ocrx_word' id='word_1_181' title='bbox 257 2088 364 2152; x_wconf 77' lang='lat' dir='ltr'>quae</span> <span class='ocrx_word' id='word_1_182' title='bbox 393 2106 599 2151; x_wconf 88' lang='lat' dir='ltr'>conceptu</span> <span class='ocrx_word' id='word_1_183' title='bbox 627 2098 728 2139; x_wconf 87' lang='lat' dir='ltr'>iuris</span> <span class='ocrx_word' id='word_1_184' title='bbox 762 2098 1008 2146; x_wconf 84' lang='lat' dir='ltr'>continetur,</span> <span class='ocrx_word' id='word_1_185' title='bbox 1038 2112 1062 2137; x_wconf 90' lang='lat' dir='ltr'>a</span> <span class='ocrx_word' id='word_1_186' title='bbox 1082 2098 1122 2136; x_wconf 84' lang='lat' dir='ltr'>vi</span> <span class='ocrx_word' id='word_1_187' title='bbox 1144 2097 1320 2149; x_wconf 82' lang='lat' dir='ltr'>physica</span> <span class='ocrx_word' id='word_1_188' title='bbox 1341 2098 1462 2137; x_wconf 85' lang='lat' dir='ltr'>valde</span> <span class='ocrx_word' id='word_1_189' title='bbox 1484 2097 1698 2150; x_wconf 82' lang='lat' dir='ltr'>distingui.</span> 
     </span>
     <span class='ocr_line' id='line_1_24' title="bbox 130 2163 1699 2218; baseline 0 -16"><span class='ocrx_word' id='word_1_190' title='bbox 130 2165 239 2205; x_wconf 88' lang='lat' dir='ltr'>Tota</span> <span class='ocrx_word' id='word_1_191' title='bbox 267 2166 389 2214; x_wconf 89' lang='lat' dir='ltr'>enim,</span> <span class='ocrx_word' id='word_1_192' title='bbox 419 2171 573 2218; x_wconf 88' lang='lat' dir='ltr'>quanta</span> <span class='ocrx_word' id='word_1_193' title='bbox 603 2170 676 2211; x_wconf 91' lang='lat' dir='ltr'>est,</span> <span class='ocrx_word' id='word_1_194' title='bbox 708 2177 733 2203; x_wconf 90' lang='lat' dir='ltr'>a</span> <span class='ocrx_word' id='word_1_195' title='bbox 751 2164 844 2216; x_wconf 84' lang='lat' dir='ltr'>lege</span> <span class='ocrx_word' id='word_1_196' title='bbox 864 2164 1060 2216; x_wconf 84' lang='lat' dir='ltr'>procedit:</span> <span class='ocrx_word' id='word_1_197' title='bbox 1083 2165 1150 2203; x_wconf 78' lang='lat' dir='ltr'>lex</span> <span class='ocrx_word' id='word_1_198' title='bbox 1171 2168 1309 2203; x_wconf 89' lang='lat' dir='ltr'>autem</span> <span class='ocrx_word' id='word_1_199' title='bbox 1327 2163 1379 2203; x_wconf 88' lang='lat' dir='ltr'>ad</span> <span class='ocrx_word' id='word_1_200' title='bbox 1400 2164 1587 2204; x_wconf 91' lang='lat' dir='ltr'>ordinem</span> <span class='ocrx_word' id='word_1_201' title='bbox 1607 2175 1699 2203; x_wconf 90' lang='lat' dir='ltr'>mo-</span> 
     </span>
     <span class='ocr_line' id='line_1_25' title="bbox 130 2226 1697 2281; baseline 0.001 -16"><span class='ocrx_word' id='word_1_202' title='bbox 130 2229 259 2268; x_wconf 88' lang='lat' dir='ltr'>ralem</span> <span class='ocrx_word' id='word_1_203' title='bbox 278 2228 468 2281; x_wconf 86' lang='lat' dir='ltr'>pertinet,</span> <span class='ocrx_word' id='word_1_204' title='bbox 488 2234 528 2268; x_wconf 86' lang='lat' dir='ltr'>et</span> <span class='ocrx_word' id='word_1_205' title='bbox 547 2228 799 2268; x_wconf 87' lang='lat' dir='ltr'>intellectum</span> <span class='ocrx_word' id='word_1_206' title='bbox 820 2241 871 2267; x_wconf 91' lang='lat' dir='ltr'>ac</span> <span class='ocrx_word' id='word_1_207' title='bbox 891 2228 1145 2268; x_wconf 85' lang='lat' dir='ltr'>voluntatem</span> <span class='ocrx_word' id='word_1_208' title='bbox 1166 2228 1397 2280; x_wconf 81' lang='lat' dir='ltr'>alloquitur,</span> <span class='ocrx_word' id='word_1_209' title='bbox 1419 2241 1502 2267; x_wconf 90' lang='lat' dir='ltr'>non</span> <span class='ocrx_word' id='word_1_210' title='bbox 1522 2226 1697 2280; x_wconf 84' lang='lat' dir='ltr'>physice</span> 
     </span>
     <span class='ocr_line' id='line_1_26' title="bbox 131 2290 1699 2344; baseline 0 -15"><span class='ocrx_word' id='word_1_211' title='bbox 131 2290 285 2343; x_wconf 90' lang='lat' dir='ltr'>aliquid</span> <span class='ocrx_word' id='word_1_212' title='bbox 314 2296 520 2344; x_wconf 88' lang='lat' dir='ltr'>operatur.</span> <span class='ocrx_word' id='word_1_213' title='bbox 543 2291 585 2330; x_wconf 86' lang='lat' dir='ltr'>Si</span> <span class='ocrx_word' id='word_1_214' title='bbox 606 2304 728 2331; x_wconf 85' lang='lat' dir='ltr'>secus</span> <span class='ocrx_word' id='word_1_215' title='bbox 759 2297 880 2339; x_wconf 87' lang='lat' dir='ltr'>esset,</span> <span class='ocrx_word' id='word_1_216' title='bbox 902 2291 1017 2343; x_wconf 92' lang='lat' dir='ltr'>pueri</span> <span class='ocrx_word' id='word_1_217' title='bbox 1046 2298 1087 2332; x_wconf 89' lang='lat' dir='ltr'>et</span> <span class='ocrx_word' id='word_1_218' title='bbox 1108 2291 1273 2340; x_wconf 86' lang='lat' dir='ltr'>infirmi,</span> <span class='ocrx_word' id='word_1_219' title='bbox 1295 2297 1433 2344; x_wconf 90' lang='lat' dir='ltr'>utpote</span> <span class='ocrx_word' id='word_1_220' title='bbox 1455 2291 1494 2330; x_wconf 84' lang='lat' dir='ltr'>vi</span> <span class='ocrx_word' id='word_1_221' title='bbox 1522 2290 1699 2343; x_wconf 83' lang='lat' dir='ltr'>physica</span> 
     </span>
     <span class='ocr_line' id='line_1_27' title="bbox 131 2356 1695 2409; baseline 0 -14"><span class='ocrx_word' id='word_1_222' title='bbox 131 2365 322 2396; x_wconf 90' lang='lat' dir='ltr'>carentes</span> <span class='ocrx_word' id='word_1_223' title='bbox 342 2389 351 2404; x_wconf 88' lang='lat'>,</span> <span class='ocrx_word' id='word_1_224' title='bbox 381 2356 536 2396; x_wconf 89' lang='lat' dir='ltr'>iuribus</span> <span class='ocrx_word' id='word_1_225' title='bbox 565 2356 899 2405; x_wconf 85' lang='lat' dir='ltr'>destituerentur;</span> <span class='ocrx_word' id='word_1_226' title='bbox 928 2357 1048 2409; x_wconf 84' lang='lat' dir='ltr'>quod,</span> <span class='ocrx_word' id='word_1_227' title='bbox 1078 2357 1158 2396; x_wconf 86' lang='lat' dir='ltr'>nisi</span> <span class='ocrx_word' id='word_1_228' title='bbox 1186 2357 1360 2397; x_wconf 90' lang='lat' dir='ltr'>insanus</span> <span class='ocrx_word' id='word_1_229' title='bbox 1381 2389 1390 2405; x_wconf 91' lang='lat'><em>‚</em></span> <span class='ocrx_word' id='word_1_230' title='bbox 1420 2370 1542 2396; x_wconf 90' lang='lat' dir='ltr'>nemo</span> <span class='ocrx_word' id='word_1_231' title='bbox 1574 2356 1695 2397; x_wconf 83' lang='lat' dir='ltr'>dicet.</span> 
     </span>
     <span class='ocr_line' id='line_1_28' title="bbox 129 2422 1694 2475; baseline 0.001 -15"><span class='ocrx_word' id='word_1_232' title='bbox 129 2423 261 2462; x_wconf 89' lang='lat' dir='ltr'>Immo</span> <span class='ocrx_word' id='word_1_233' title='bbox 282 2428 441 2463; x_wconf 89' lang='lat' dir='ltr'>tantum</span> <span class='ocrx_word' id='word_1_234' title='bbox 459 2422 587 2470; x_wconf 87' lang='lat' dir='ltr'>abest,</span> <span class='ocrx_word' id='word_1_235' title='bbox 605 2428 647 2461; x_wconf 89' lang='lat' dir='ltr'>ut</span> <span class='ocrx_word' id='word_1_236' title='bbox 667 2422 731 2462; x_wconf 86' lang='lat' dir='ltr'>ius</span> <span class='ocrx_word' id='word_1_237' title='bbox 747 2435 840 2461; x_wconf 89' lang='lat' dir='ltr'>cum</span> <span class='ocrx_word' id='word_1_238' title='bbox 857 2422 896 2462; x_wconf 86' lang='lat' dir='ltr'>vi</span> <span class='ocrx_word' id='word_1_239' title='bbox 914 2422 1089 2475; x_wconf 84' lang='lat' dir='ltr'>physica</span> <span class='ocrx_word' id='word_1_240' title='bbox 1105 2423 1393 2472; x_wconf 82' lang='lat' dir='ltr'>confundatur,</span> <span class='ocrx_word' id='word_1_241' title='bbox 1405 2429 1458 2472; x_wconf 88' lang='lat' dir='ltr'>ut,</span> <span class='ocrx_word' id='word_1_242' title='bbox 1475 2423 1510 2462; x_wconf 89' lang='lat' dir='ltr'>si</span> <span class='ocrx_word' id='word_1_243' title='bbox 1527 2422 1694 2475; x_wconf 88' lang='lat' dir='ltr'>quando</span> 
     </span>
     <span class='ocr_line' id='line_1_29' title="bbox 128 2485 1694 2538; baseline 0 -14"><span class='ocrx_word' id='word_1_244' title='bbox 128 2485 324 2524; x_wconf 86' lang='lat' dir='ltr'>violentia</span> <span class='ocrx_word' id='word_1_245' title='bbox 340 2485 519 2525; x_wconf 88' lang='lat' dir='ltr'>fortioris</span> <span class='ocrx_word' id='word_1_246' title='bbox 541 2485 758 2525; x_wconf 87' lang='lat' dir='ltr'>cuiusdam</span> <span class='ocrx_word' id='word_1_247' title='bbox 779 2486 1032 2538; x_wconf 86' lang='lat' dir='ltr'>opprimitur,</span> <span class='ocrx_word' id='word_1_248' title='bbox 1058 2499 1140 2525; x_wconf 91' lang='lat' dir='ltr'>non</span> <span class='ocrx_word' id='word_1_249' title='bbox 1162 2487 1295 2526; x_wconf 89' lang='lat' dir='ltr'>solum</span> <span class='ocrx_word' id='word_1_250' title='bbox 1316 2500 1398 2526; x_wconf 91' lang='lat' dir='ltr'>non</span> <span class='ocrx_word' id='word_1_251' title='bbox 1420 2492 1597 2534; x_wconf 90' lang='lat' dir='ltr'>corruat,</span> <span class='ocrx_word' id='word_1_252' title='bbox 1620 2485 1694 2525; x_wconf 88' lang='lat' dir='ltr'>sed</span> 
     </span>
     <span class='ocr_line' id='line_1_30' title="bbox 127 2548 1690 2602; baseline -0.001 -14"><span class='ocrx_word' id='word_1_253' title='bbox 127 2549 344 2588; x_wconf 84' lang='lat' dir='ltr'>roboretur</span> <span class='ocrx_word' id='word_1_254' title='bbox 364 2548 500 2600; x_wconf 86' lang='lat' dir='ltr'>magis</span> <span class='ocrx_word' id='word_1_255' title='bbox 522 2562 572 2587; x_wconf 89' lang='lat' dir='ltr'>ac</span> <span class='ocrx_word' id='word_1_256' title='bbox 593 2548 791 2588; x_wconf 69' lang='lat' dir='ltr'>vividiore</span> <span class='ocrx_word' id='word_1_257' title='bbox 812 2549 903 2588; x_wconf 89' lang='lat' dir='ltr'>luce</span> <span class='ocrx_word' id='word_1_258' title='bbox 924 2549 1199 2600; x_wconf 87' lang='lat' dir='ltr'>splendescat.</span> <span class='ocrx_word' id='word_1_259' title='bbox 1222 2551 1328 2588; x_wconf 89' lang='lat' dir='ltr'>Tota</span> <span class='ocrx_word' id='word_1_260' title='bbox 1348 2550 1485 2602; x_wconf 88' lang='lat' dir='ltr'>itaque</span> <span class='ocrx_word' id='word_1_261' title='bbox 1507 2549 1570 2588; x_wconf 85' lang='lat' dir='ltr'>vis</span> <span class='ocrx_word' id='word_1_262' title='bbox 1590 2548 1690 2587; x_wconf 80' lang='lat' dir='ltr'>iuris</span> 
     </span>
     <span class='ocr_line' id='line_1_31' title="bbox 128 2613 1689 2667; baseline -0.001 -14"><span class='ocrx_word' id='word_1_263' title='bbox 128 2620 190 2653; x_wconf 87' lang='lat' dir='ltr'>cst</span> <span class='ocrx_word' id='word_1_264' title='bbox 221 2615 402 2664; x_wconf 75' lang='lat' dir='ltr'>moralis,</span> <span class='ocrx_word' id='word_1_265' title='bbox 433 2614 624 2653; x_wconf 86' lang='lat' dir='ltr'>nimirum</span> <span class='ocrx_word' id='word_1_266' title='bbox 656 2628 681 2653; x_wconf 86' lang='lat' dir='ltr'>a</span> <span class='ocrx_word' id='word_1_267' title='bbox 708 2615 803 2666; x_wconf 85' lang='lat' dir='ltr'>lege</span> <span class='ocrx_word' id='word_1_268' title='bbox 831 2614 1092 2666; x_wconf 77' lang='lat' dir='ltr'>proveniens,</span> <span class='ocrx_word' id='word_1_269' title='bbox 1123 2627 1228 2666; x_wconf 88' lang='lat' dir='ltr'>quae</span> <span class='ocrx_word' id='word_1_270' title='bbox 1250 2614 1374 2655; x_wconf 88' lang='lat' dir='ltr'>dictet</span> <span class='ocrx_word' id='word_1_271' title='bbox 1395 2628 1518 2667; x_wconf 86' lang='lat' dir='ltr'>posse</span> <span class='ocrx_word' id='word_1_272' title='bbox 1539 2613 1689 2666; x_wconf 90' lang='lat' dir='ltr'>aliquid</span> 
     </span>
     <span class='ocr_line' id='line_1_32' title="bbox 128 2679 1695 2734; baseline -0.001 -15"><span class='ocrx_word' id='word_1_273' title='bbox 128 2680 217 2720; x_wconf 84' lang='lat' dir='ltr'>fieri</span> <span class='ocrx_word' id='word_1_274' title='bbox 245 2683 311 2721; x_wconf 85' lang='lat' dir='ltr'>vel</span> <span class='ocrx_word' id='word_1_275' title='bbox 340 2681 392 2722; x_wconf 93' lang='lat' dir='ltr'>ab</span> <span class='ocrx_word' id='word_1_276' title='bbox 421 2680 513 2720; x_wconf 88' lang='lat' dir='ltr'>aliis</span> <span class='ocrx_word' id='word_1_277' title='bbox 541 2680 683 2732; x_wconf 87' lang='lat' dir='ltr'>repeti,</span> <span class='ocrx_word' id='word_1_278' title='bbox 714 2680 809 2732; x_wconf 88' lang='lat' dir='ltr'>quia</span> <span class='ocrx_word' id='word_1_279' title='bbox 831 2680 890 2720; x_wconf 90' lang='lat' dir='ltr'>sic</span> <span class='ocrx_word' id='word_1_280' title='bbox 910 2679 988 2720; x_wconf 88' lang='lat' dir='ltr'>fert</span> <span class='ocrx_word' id='word_1_281' title='bbox 1008 2680 1108 2720; x_wconf 90' lang='lat' dir='ltr'>ordo</span> <span class='ocrx_word' id='word_1_282' title='bbox 1131 2680 1316 2721; x_wconf 88' lang='lat' dir='ltr'>rationis.</span> <span class='ocrx_word' id='word_1_283' title='bbox 1338 2680 1412 2721; x_wconf 88' lang='lat' dir='ltr'>Vis</span> <span class='ocrx_word' id='word_1_284' title='bbox 1434 2681 1610 2734; x_wconf 86' lang='lat' dir='ltr'>physica</span> <span class='ocrx_word' id='word_1_285' title='bbox 1634 2684 1695 2719; x_wconf 86' lang='lat' dir='ltr'>est</span> 
     </span>
    </p>
   </div>
   <div class='ocr_carea' id='block_1_7' title="bbox 174 2873 765 2918">
    <p class='ocr_par' dir='ltr' id='par_1_8' title="bbox 174 2873 765 2918">
     <span class='ocr_line' id='line_1_33' title="bbox 174 2873 765 2918; baseline 0.007 -12"><span class='ocrx_word' id='word_1_286' title='bbox 174 2873 224 2915; x_wconf 88' lang='lat'>(1)</span> <span class='ocrx_word' id='word_1_287' title='bbox 248 2874 301 2908; x_wconf 81' lang='lat' dir='ltr'>De</span> <span class='ocrx_word' id='word_1_288' title='bbox 324 2875 476 2916; x_wconf 61' lang='lat' dir='ltr'>legibus,</span> <span class='ocrx_word' id='word_1_289' title='bbox 498 2877 518 2908; x_wconf 92' lang='grc'>1.</span> <span class='ocrx_word' id='word_1_290' title='bbox 545 2877 568 2915; x_wconf 86' lang='grc' dir='ltr'>Ι,</span> <span class='ocrx_word' id='word_1_291' title='bbox 592 2887 620 2910; x_wconf 91' lang='lat' dir='ltr'>c.</span> <span class='ocrx_word' id='word_1_292' title='bbox 643 2878 672 2915; x_wconf 72' lang='lat'>2,</span> <span class='ocrx_word' id='word_1_293' title='bbox 695 2876 713 2918; x_wconf 66' lang='grc' dir='ltr'><strong>ἓ</strong></span> <span class='ocrx_word' id='word_1_294' title='bbox 737 2879 765 2910; x_wconf 88' lang='grc'>5.</span> 
     </span>
    </p>
   </div>
  </div>
 </body>
</html>
