1970 3203
223 209 302 250 106
905 223 1128 251 ETHICA

225 299 334 338 Nam
356 296 464 336 sicut
479 296 520 336 in
536 295 700 336 iudiciis
717 296 1002 349 speculativis,
1020 296 1118 336 licet
1135 297 1283 338 dentur
1298 298 1437 352 plures
1453 299 1653 340 veritates
1668 312 1742 352 per
1760 313 1807 341 se

224 369 364 412 notae,
387 377 492 416 quae
511 363 645 416 prima
661 362 867 416 principia
883 362 1087 412 dicuntur,
1105 354 1186 404 hae
1207 372 1348 405 tamen
1382 366 1535 418 optime
1549 373 1805 407 revocantur

231 429 284 468 ad
307 443 447 477 unam,
470 443 576 481 quae
597 428 787 481 proxime
808 428 899 468 fluit
919 441 971 468 ex
993 429 1088 468 idea
1108 429 1236 479 entis;
1258 430 1319 470 sic
1341 429 1384 469 in
1404 430 1567 471 iudiciis
1589 431 1802 484 practicis,

225 494 324 534 licet
345 495 493 534 dentur
513 499 752 546 praecepta,
776 507 884 547 quae
905 494 1226 536 ratiocinatione
1255 509 1340 536 non
1369 503 1507 549 egent,
1529 502 1670 538 tamen
1700 497 1808 538 haec

230 573 393 612 quoque
423 559 664 599 reducenda
694 567 792 600 sunt
822 560 873 599 ad
904 574 1145 612 supremum
1179 562 1348 615 aliquod
1377 570 1660 617 praeceptum,
1696 564 1806 617 quod

230 624 420 676 proxime
450 626 553 664 fluat
579 637 630 664 ex
659 624 754 665 idea
782 625 892 665 boni.
917 625 1034 665 Sicut
1053 625 1178 677 igitur
1200 626 1242 665 in
1258 627 1390 679 primo
1403 627 1548 667 ordine
1565 642 1807 681 supremum

235 690 485 744 principium
517 697 595 732 est:
618 691 720 730 Non
732 694 879 744 potest
897 691 1005 730 idem
1025 691 1159 731 simul
1181 706 1268 732 esse
1289 697 1332 733 et
1349 706 1434 733 non
1456 707 1560 743 esse;
1591 694 1652 734 sic
1674 694 1714 734 in
1737 708 1808 735 se-

231 756 367 795 cundo
389 763 464 796 est:
485 755 661 795 Bonum
683 757 1118 809 estprosequendum‚
1143 761 1182 797 et
1212 760 1374 798 malum
1406 759 1639 799 vitandum.
1673 760 1808 800 Secus

234 821 305 860 lex
325 821 543 870 naturalis,
565 834 672 874 quae
693 822 928 874 praeceptis
950 822 1125 862 rationis
1141 823 1355 875 practicae
1376 824 1626 872 continetur,
1645 837 1729 864 non
1746 837 1806 864 es-

236 893 301 927 set
329 900 425 926 una.
451 902 469 924 «
494 887 644 927 Omnia
672 886 754 927 ista
784 893 1009 940 praecepta
1037 888 1146 939 legis
1176 883 1365 937 naturae,
1388 889 1445 929 ait
1466 890 1507 929 S.
1531 890 1732 938 Thomas,
1763 889 1805 929 in

230 958 430 1003 quantum
452 950 689 992 referuntur
709 951 762 991 ad
782 965 910 991 unum
932 952 1108 1004 primum
1131 958 1415 1006 praeceptum,
1431 953 1588 993 habent
1603 953 1806 993 rationem

229 1016 353 1055 unius
374 1017 477 1069 legis
497 1017 702 1057 naturalis
725 1019 797 1069 (1).
816 1032 836 1055 »

289 1080 418 1120 Obitc.
432 1081 483 1119 ΙΙ.
497 1081 743 1133 Philosophi
755 1081 877 1121 valde
888 1081 1188 1122 dissentiuntin
1201 1083 1518 1123 determinando
1530 1082 1739 1135 quodnam
1753 1081 1806 1121 sit

226 1145 404 1197 primum
417 1145 784 1198 principiumlegis
796 1147 1014 1186 naturalis.
1028 1147 1140 1200 Ergo
1157 1147 1325 1199 signum
1343 1154 1407 1187 est
1422 1146 1660 1187 huiusmodi
1682 1147 1805 1199 prin-

227 1212 383 1265 cipium
406 1212 542 1264 detegi
562 1225 646 1251 non
668 1225 805 1264 posse.
827 1213 951 1252 Prob.
973 1213 1242 1253 antecedens.
1265 1213 1438 1253 Hobbes
1458 1226 1531 1266 pro
1549 1212 1680 1265 primo
1698 1211 1805 1264 prin-

231 1277 339 1328 cipio
352 1276 455 1316 iuris
466 1284 641 1316 naturae
658 1276 813 1317 statuit:
835 1276 1140 1322 Quaerendam
1158 1291 1246 1317 esse
1255 1291 1421 1330 pacem,
1438 1278 1479 1317 si
1492 1277 1806 1329 haberipossit;

236 1347 313 1383 aut
333 1344 374 1384 si
391 1357 477 1382 non
488 1343 640 1397 possit,
664 1344 960 1396 comparanda
983 1357 1071 1384 esse
1095 1344 1264 1384 auxilia
1293 1344 1402 1384 belli.
1425 1343 1693 1383 Thomasius:
1716 1342 1810 1382 Fa-

231 1410 384 1449 cienda
407 1423 504 1458 esse‚
535 1422 646 1462 quae
678 1410 809 1449 vitam
840 1410 1024 1449 hominis
1057 1410 1244 1449 reddunt
1269 1409 1455 1449 maoeime
1483 1408 1741 1449 diuturnam
1770 1411 1811 1448 ct

217 1476 542 1528 felicissimam,·
565 1475 741 1515 vitanda
755 1477 935 1528 pariter·
958 1476 1010 1515 iis
1026 1475 1234 1528 opposita.
1254 1475 1420 1515 Grotius
1438 1481 1476 1515 et
1493 1475 1807 1514 Puffendorfius

224 1543 278 1582 ad
300 1541 548 1595 principium
570 1542 817 1582 socialitatis
839 1542 1105 1594 confugiunt:
1135 1542 1321 1582 Homini
1348 1541 1559 1589 nimirum,
1595 1544 1808 1594 quantum

228 1609 273 1648 in
294 1609 384 1662 ipso
408 1612 478 1657 est,
502 1608 725 1647 colendam
747 1621 834 1647 esse
854 1609 894 1647 et
911 1609 1175 1648 servandam
1206 1608 1504 1647 socialitatem.
1536 1608 1594 1647 Ut
1622 1619 1722 1646 vero
1753 1606 1803 1646 de

222 1672 526 1712 recentioribus
547 1671 702 1724 aliquid
732 1671 974 1723 attingatur,
997 1672 1249 1711 Emmanuel
1269 1672 1387 1711 Kant
1408 1671 1671 1723 principium,
1694 1671 1804 1723 quod

224 1737 451 1791 quaeritur,
473 1737 514 1776 in
537 1737 705 1777 actione
727 1751 753 1776 a
767 1737 921 1789 priori
933 1736 1116 1789 reposuit
1132 1750 1206 1777 seu
1222 1737 1264 1776 in
1282 1737 1449 1777 actione
1466 1751 1573 1790 quae
1590 1738 1665 1778 fiat
1682 1737 1807 1777 unice

222 1811 391 1857 propter
410 1804 547 1855 legem
567 1803 758 1851 rationis,
780 1802 870 1843 sine
891 1803 973 1843 ullo
994 1810 1189 1856 respectu
1209 1804 1262 1843 ad
1284 1803 1510 1856 empiricos
1531 1805 1710 1844 effectus
1727 1804 1802 1843 uti-

223 1868 351 1908 litatis
372 1874 443 1907 aut
463 1868 615 1907 damni.
634 1871 771 1921 Atque
789 1867 991 1908 eiusmodi
1010 1868 1274 1921 principium,
1290 1869 1399 1921 quod
1418 1868 1722 1921 imperativam
1743 1881 1808 1907 ca·

226 1935 462 1986 tegor-icam
483 1934 721 1986 appellavit,
745 1933 802 1973 ita
823 1934 1043 1986 expressit:
1068 1934 1142 1974 Sic
1162 1948 1255 1986 aye,
1279 1937 1325 1974 ut
1345 1935 1421 1982 lece,
1439 1948 1572 1987 quam
1590 1933 1809 1973 voluntati

227 2000 325 2037 tuae
346 1997 618 2051 praestituis,
652 1998 795 2037 valer-e
820 1997 957 2050 possit
978 2010 1064 2051 pro
1092 1999 1299 2049 generali
1318 2011 1472 2037 norma
1494 1997 1710 2051 operandi
1728 1998 1804 2049 (2).

224 2061 394 2101 Cousin:
416 2062 503 2101 Ens
525 2061 718 2109 liberum,
741 2075 867 2101 mane
883 2062 1063 2101 liberum
1081 2064 1155 2114 (3),
1173 2062 1387 2102 Damiron:
1408 2062 1808 2115 Eoolutionemple-

223 2141 326 2166 nam
356 2127 548 2166 omnium
567 2128 853 2178 facultatum,
884 2134 1097 2181 tamquam·
1126 2128 1304 2180 primum
1335 2133 1621 2180 praeceptum,
1645 2141 1698 2168 ex
1723 2142 1804 2181 quo

219 2193 380 2246 reliqua
410 2195 598 2239 fluerent,
621 2193 910 2233 decreverunt.
935 2194 1122 2246 Denique
1143 2194 1290 2233 Fichte
1324 2207 1399 2246 pro
1420 2194 1567 2233 morali
1590 2195 1806 2234 omnimo-

222 2260 322 2299 dam
345 2258 737 2311 independentiam;
755 2272 828 2311 pro
846 2259 935 2299 iure
952 2259 1097 2299 sociali
1112 2260 1192 2300 hoc
1210 2259 1458 2312 principium
1475 2260 1707 2300 constituit:
1724 2260 1801 2299 Di-

223 2327 307 2378 lige
330 2329 365 2366 te
385 2339 515 2379 super·
537 2324 697 2373 omnia,
719 2329 759 2364 et
778 2325 890 2365 alios
911 2326 1104 2365 homines
1119 2329 1303 2378 propter·
1326 2329 1373 2365 te.

276 2392 325 2430 R.
357 2391 576 2430 Transeat
593 2389 855 2438 antecedens,
878 2396 918 2429 et
938 2403 1044 2441 neyo
1066 2403 1339 2443 consequens.
1358 2390 1405 2429 In
1426 2389 1572 2442 primis
1590 2390 1700 2430 enim
1719 2390 1800 2430 fal-

223 2468 315 2495 sum
339 2461 414 2503 est,
436 2467 582 2493 omnes
604 2453 878 2505 philosophos
902 2453 982 2494 hac
1003 2453 1044 2492 in
1066 2467 1110 2494 re
1133 2453 1365 2494 dissentire.
1394 2454 1499 2493 Nam
1519 2453 1801 2493 Scholastico—

223 2532 315 2558 rum
337 2518 422 2558 fere
438 2518 623 2557 omnium
640 2531 797 2568 magna
812 2517 887 2557 fuit
903 2517 1142 2565 consensio,
1160 2517 1309 2570 quibus
1326 2517 1442 2556 multi
1461 2530 1483 2556 e
1502 2516 1803 2556 recentioribus

224 2585 519 2625 adhaeserunt.
543 2584 716 2631 Deinde,
735 2583 929 2636 quidquid
947 2583 1000 2623 sit
1017 2583 1067 2623 de
1080 2583 1363 2636 discrepantia
1373 2583 1730 2635 philosophorum,
1751 2596 1803 2622 ex

223 2666 274 2692 ea
293 2650 433 2690 inferri
463 2651 606 2703 nequit
635 2664 734 2699 rem,
766 2650 884 2690 circa
913 2664 1036 2701 quam
1066 2657 1270 2699 versatur,
1302 2664 1398 2692 esse
1428 2650 1645 2699 incertam,
1678 2662 1806 2690 secus

220 2720 354 2758 multa
375 2723 630 2765 corruerent,
657 2730 764 2769 quae
787 2723 928 2756 tamen
949 2722 1045 2756 sunt
1068 2716 1318 2757 certissima.

264 2825 314 2866 (1)
341 2825 497 2857 Summa
521 2823 568 2855 th.
594 2824 635 2855 1.·
657 2823 718 2854 2²12
753 2832 784 2863 q.
809 2823 935 2860 XCIV,
959 2833 980 2855 a
1002 2823 1021 2855 2
1044 2824 1091 2855 ad
1107 2823 1162 2855 Lm

265 2879 315 2920 (2)
342 2879 484 2911 Critica
510 2879 592 2910 [eat.
612 2877 813 2920 practicae
837 2886 925 2918 pars
949 2877 973 2915 Ι,
997 2877 1016 2908 1.
1043 2878 1072 2915 1,
1098 2887 1126 2909 c.
1151 2877 1179 2915 1,
1204 2876 1222 2917 ἓ
1245 2876 1273 2909 7.

261 2932 313 2970 (3)
340 2931 458 2964 Com-s
481 2930 615 2964 a‘Hist.
643 2929 687 2962 de
708 2929 801 2972 phil.
824 2939 914 2961 mor.
940 2928 1005 2968 leg.
1035 2929 1057 2960 Ι.
