1970 3203
330 180 381 219 94
1039 188 1259 215 E'rnicA

329 272 572 307 verteretur,
598 266 733 318 Saepe
757 265 866 305 enim
889 265 1055 305 obiecta
1075 264 1284 314 inferiora,
1306 278 1414 319 quae
1435 279 1631 319 supremo
1651 265 1761 306 bono
1783 263 1912 306 animi

329 336 607 385 opponuntur,
624 329 826 369 maiorem
849 328 1168 369 delectationem
1190 330 1369 370 afferunt
1389 335 1555 382 propter
1581 329 1912 378 sensibilitatem,

323 413 432 453 quae
462 398 638 438 vividior
668 402 732 437 est
748 402 787 437 et
803 395 957 436 mentis
974 395 1169 436 iudicium
1187 396 1336 436 turbat.
1367 396 1568 446 Tandem,
1599 397 1696 450 quia
1722 396 1794 437 illa
1822 409 1907 436 non

322 469 422 504 sunt
443 461 654 515 proprium
676 459 885 501 obiectum
896 459 1082 509 rationis,
1100 473 1206 513 quae
1227 460 1412 500 ordinem
1421 467 1582 513 spectat
1598 468 1720 515 atque
1738 461 1778 500 id
1794 459 1903 514 quod

322 527 456 567 ordini
478 532 542 566 est
562 530 911 566 consentaneum.
929 524 1051 565 Unde
1070 524 1204 576 prima
1220 538 1319 576 pars
1341 524 1596 565 difficultatis
1615 525 1724 565 salsa
1745 529 1809 565 est
1826 523 1908 563 evi-

321 590 578 631 dentissime.
611 591 699 630 Nec
729 589 880 629 mirum
899 588 1030 628 videri
1052 588 1183 637 debet,
1200 589 1236 628 si
1261 601 1353 628 eam
1375 588 1566 641 probavit
1587 588 1805 629 Helvetius
1827 589 1919 639 (1);ζ

321 654 390 708 qui
411 654 513 694 nihil
527 654 570 694 in
588 654 759 694 homine
771 658 935 706 praeter
953 665 1124 692 sensum
1141 646 1324 705 agnovit.
1348 652 1497 699 Quoad
1515 652 1689 692 alteram
1711 664 1811 691 vero
1834 650 1904 691 dif-

322 720 524 762 ficultatis
554 727 730 774 partem,
766 719 988 773 propensio
1019 731 1094 758 seu
1122 718 1348 759 instinctus
1378 724 1554 758 naturae
1578 717 1802 770 opitulatur
1822 717 1905 770 qui-

325 789 419 828 dem
448 789 502 829 ad
531 788 742 828 actionem
774 786 1028 827 exerendam
1060 793 1099 825 et
1127 785 1326 825 indicium
1357 784 1566 837 quoddam
1595 784 1782 832 exhibet,
1823 796 1903 836 quo

324 855 514 895 ordinem
546 868 571 893 a
604 855 692 894 Deo
722 853 764 892 in
795 852 921 892 rebus
942 852 1253 894 constabilitum
1274 851 1561 900 coniiciamus3
1582 856 1625 890 at
1646 864 1790 891 veram
1817 863 1909 890 nor-

323 932 435 958 mam
466 917 667 970 operandi
710 930 784 969 pro
815 922 910 956 ente
944 916 1138 956 rationali
1172 916 1425 956 constituere
1453 928 1715 968 nequaquam
1751 919 1904 967 potest.

325 983 413 1022 Ens
442 983 552 1022 enim
583 980 822 1021 huiusmodi
852 993 936 1020 non
967 993 1094 1020 caece
1123 980 1165 1019 in
1196 980 1402 1020 obiectum
1432 979 1559 1019 fertur
1580 1012 1588 1028 ,
1619 979 1694 1020 sed
1722 980 1814 1019 luce
1842 978 1904 1018 in-

321 1048 589 1101 telligentiae,
608 1061 690 1100 qua
706 1047 893 1087 ordinem
916 1046 1081 1099 detegit,
1102 1046 1318 1100 ipsumque
1339 1046 1592 1087 servandum
1615 1060 1709 1087 esse
1732 1046 1902 1094 iudicat,

321 1111 485 1152 etiamsi
516 1112 632 1150 nulla
660 1110 877 1151 inclinatio
907 1111 1151 1151 instinctiva
1181 1111 1234 1150 ad
1253 1111 1294 1150 id
1313 1111 1519 1151 incitaret.
1541 1112 1598 1152 Ut
1618 1110 1804 1150 omittam
1826 1123 1901 1151 ce-

320 1183 433 1218 teras
471 1177 658 1218 rationes
681 1210 691 1226 ‚
731 1191 838 1230 quae
877 1191 1003 1230 supra
1033 1177 1087 1216 ad
1124 1177 1414 1218 exsistentiam
1443 1177 1548 1230 legis
1582 1177 1786 1218 naturalis
1816 1190 1904 1229 pro-

323 1245 502 1285 bandam
533 1244 738 1284 adductae
768 1249 875 1284 sunt.

953 1363 1198 1403 ARTicULUs
1229 1363 1281 1402 Π.

763 1448 830 1488 De
858 1448 1080 1488 sanctione
1111 1448 1215 1500 legis
1245 1448 1464 1487 naturalis

377 1538 440 1577 95.
473 1536 576 1585 Quid
605 1536 790 1577 Sanctio.
824 1536 994 1576 Sanctio
1024 1536 1263 1576 nominatur
1293 1536 1524 1588 praemium
1545 1545 1616 1576 aut
1636 1549 1782 1589 poena,
1804 1537 1908 1577 ale-

324 1600 526 1653 gislatore
543 1612 618 1651 pro
637 1600 967 1640 custodientibus
988 1607 1060 1640 aut
1082 1600 1486 1653 transgredientibus
1507 1601 1641 1653 legem
1668 1600 1906 1640 constituta.

327 1669 456 1707 Porro
488 1667 585 1718 quid
617 1667 666 1706 de
697 1680 747 1706 ea
776 1675 968 1717 respectu
998 1666 1103 1718 legis
1133 1666 1335 1706 naturalis
1365 1666 1518 1705 lumine
1557 1665 1731 1706 rationis
1762 1666 1908 1707 docea-

322 1747 426 1782 mur,
455 1733 694 1773 summatim
724 1733 972 1785 aperiemus.

872 1862 1344 1902 PROPOSITIONES.

373 1984 435 2024 96.
459 1984 716 2024 Paoposmo
735 1982 790 2022 1³.
811 1984 901 2023 Leoe
923 1983 1143 2022 naturalis
1158 1983 1422 2023 sanctionem
1444 1982 1638 2036 aliquam
1660 1982 1902 2023 necessario

319 2051 399 2090 siba·
430 2050 629 2089 vindicat.

374 2116 580 2155 Probatur
612 2118 744 2168 primo
761 2128 814 2155 ex
836 2123 1039 2168 conceptu
1061 2115 1255 2156 iustitiae.
1278 2117 1398 2164 Nam,
1419 2121 1464 2154 ut
1485 2115 1742 2156 ostendimus
1763 2129 1911 2168 supra,v

319 2181 445 2220 homo
475 2180 641 2219 actibus
672 2180 760 2220 suis
790 2185 975 2220 meretur
1005 2188 1077 2220 aut
1108 2180 1342 2219 demeretur
1371 2180 1480 2232 apud
1509 2182 1650 2219 Deum.
1673 2179 1798 2231 Atqui
1824 2192 1905 2219 me-

321 2246 399 2286 rito
431 2246 675 2298 praemium,
708 2246 910 2286 demerito
928 2259 1064 2298 poena
1083 2246 1321 2298 respondet,
1351 2245 1391 2284 vi
1406 2245 1599 2285 iustitiae.
1621 2246 1734 2285 Deus
1760 2246 1898 2298 igitur,

321 2314 418 2351 dum
449 2313 653 2352 honestas
682 2312 871 2351 actiones
900 2312 1012 2352 iubet
1034 2326 1085 2351 ac
1107 2318 1222 2352 vetat
1251 2319 1404 2364 turpes,
1428 2311 1548 2351 debet
1568 2311 1751 2364 profecto
1773 2319 1904 2353 utras-

317 2389 398 2428 que
429 2375 617 2428 praemio
648 2382 719 2415 aut
748 2388 885 2427 poena
916 2375 1157 2428 rependere;
1184 2375 1326 2427 nequit
1355 2375 1478 2415 enimi
1509 2376 1598 2416 eius
1628 2376 1819 2416 voluntas
1849 2375 1902 2416 ab

323 2443 469 2482 ordine
499 2442 681 2482 iustitiae
711 2442 921 2481 recedere.

368 2507 460 2545 Hoc
479 2511 786 2558 argumentum,
799 2506 894 2544 dum
908 2505 1203 2546 necessitatem
1217 2506 1449 2546 sanctionis
1459 2507 1636 2558 prolege
1647 2506 1827 2545 naturali
1839 2506 1905 2546 de-

316 2569 723 2618 monstrat,ostendit
739 2569 864 2609 etiam
881 2570 1193 2622 Deum‚quoties
1210 2577 1411 2610 nocentes
1427 2570 1554 2622 punit,
1572 2582 1655 2608 non
1671 2569 1901 2609 ulciscendi

318 2634 544 2686 cupiditate
569 2635 741 2684 moveri,
763 2635 836 2675 sed
857 2649 1000 2676 amore
1019 2641 1178 2676 tantum
1201 2635 1397 2676 bonitatis
1418 2641 1458 2675 et
1477 2635 1643 2674 ordinis.
1666 2635 1898 2675 Retributio

311 2702 442 2748 enim,
469 2714 575 2752 quae
596 2715 669 2753 pro
691 2702 889 2754 qualitate
910 2715 1081 2754 operum
1105 2715 1159 2741 ex
1189 2702 1332 2741 ordine
1361 2700 1541 2740 iustitiae
1557 2701 1780 2750 derivatur,
1814 2714 1900 2742 rec-

315 2764 504 2805 titudinis
536 2771 576 2804 et
605 2765 804 2805 bonitatis
834 2772 1083 2817 conceptum
1127 2765 1331 2817 importat.
1369 2763 1569 2816 Apposite
1609 2765 1650 2804 S.
1686 2766 1898 2808 Thomas:

403 2872 452 2912 (1)
478 2871 532 2903 De
554 2871 712 2914 Z’Esprit.
739 2872 824 2905 disc.
851 2873 876 2904 3.
902 2872 954 2904 ch.
980 2873 1006 2903 1.
