1970 3203
219 176 296 215 122
540 189 606 217 ms
635 190 838 217 NATURAE
868 191 1027 225 <PARS
1056 192 1079 218 1.
1110 192 1176 220 1us
1205 193 1475 221 inmvaAL-iz

216 267 365 306 saltem
396 274 693 308 consentanea.
725 268 846 315 Quod
875 267 1038 321 quidem
1059 268 1266 322 importat,
1288 277 1331 310 ut
1351 277 1546 312 creatura
1572 271 1791 313 rationalis

226 332 385 382 ordini,
416 347 442 374 a
471 334 611 373 divina
640 333 847 386 sapientia
876 334 1029 374 dictato
1047 367 1055 382 ‚
1087 335 1204 388 eique
1235 349 1307 389 per
1334 337 1538 377 rationem
1567 338 1795 390 proposito,

224 399 415 440 subiecta
443 400 706 452 intelligatur.
737 402 873 453 Atque
902 400 1000 440 hinc
1031 400 1140 442 effici
1170 402 1364 450 diximus,
1383 408 1427 442 ut
1446 403 1537 443 iura
1557 403 1609 443 ab
1639 403 1791 444 officiis

216 464 369 505 limites
398 466 632 518 accipiant;
664 480 742 506 nec
763 466 956 515 ambitus,
977 467 1018 506 in
1041 481 1120 520 quo
1141 467 1234 507 iura
1253 467 1494 520 spatientur,
1526 470 1702 522 cogitari
1723 483 1790 522 po-

219 536 311 578 test,
342 532 439 583 quin
469 538 566 571 ante
596 532 883 586 intelligantur
912 532 1052 572 officia
1077 565 1087 582 ,
1115 547 1222 586 quae
1251 533 1483 574 subiectum
1513 535 1790 588 adstringunt,

217 600 257 633 et
287 595 434 645 quibus
465 597 581 636 nulla
608 595 769 636 ratione
799 602 993 636 noceant.

271 662 334 701 17.
364 661 600 702 officiorum
628 663 784 714 triplex
814 674 955 714 genus.
979 663 1082 702 Cum
1107 663 1207 702 ordo
1226 662 1268 702 in
1286 676 1426 702 rerum
1448 664 1718 704 relationibus
1735 664 1787 703 sit

216 727 389 779 positus,
408 741 461 768 ex
481 728 546 767 his
567 728 802 768 officiorum
819 728 1002 769 varietas
1019 735 1058 768 et
1074 729 1333 780 praestantia
1354 729 1612 769 diiudicatur.
1636 731 1786 778 Quare,

217 807 290 846 pro
321 795 562 835 diversitate
592 794 770 842 termini,
794 807 917 846 quem
934 794 1058 834 homo
1081 795 1168 834 suis
1198 795 1508 847 operationibus
1529 802 1702 848 spectat,
1725 795 1788 836 di—

216 873 344 900 versa
372 866 539 900 exstant
555 860 720 909 officia;
743 874 795 900 ex
815 860 947 913 iisque
966 860 1037 900 illa
1057 861 1363 913 praestantiora
1384 862 1477 903 duci
1500 862 1661 912 debent,
1685 876 1792 915 quae

218 926 435 966 altioribus
465 926 720 978 respondent
748 926 1031 966 relationibus.
1063 928 1254 967 Iamvero
1281 928 1447 968 nonnisi
1477 928 1679 981 triplicem
1707 934 1794 968 ter-

219 989 378 1029 minum
388 990 512 1029 homo
529 996 722 1041 spectare
734 991 987 1042 potest‚dum
1005 998 1212 1043 operatur:
1229 991 1423 1031 nimirum
1436 993 1589 1041 Deum,
1606 993 1793 1046 seipsum

220 1059 380 1095 ceteros
409 1057 609 1095 homines.
634 1057 685 1097 Et
706 1070 809 1096 sane
831 1057 865 1096 si
887 1057 1084 1109 perfectio
1107 1058 1394 1110 operationum
1412 1059 1631 1099 moralium
1647 1059 1688 1098 in
1714 1060 1796 1098 hoc

219 1123 427 1170 cernitur,
458 1123 566 1175 quod
597 1123 784 1163 ordinem
813 1130 990 1164 naturae
1032 1131 1284 1176 sequantur;
1326 1125 1439 1165 entia
1475 1125 1547 1164 illa
1577 1125 1792 1164 dumtaxat

223 1187 402 1226 actionis
431 1187 595 1226 termini
622 1200 716 1227 esse
745 1195 931 1240 possunt,
962 1202 1069 1241 quae
1090 1188 1185 1228 finis
1206 1189 1412 1228 rationem
1432 1188 1599 1228 habenta
1617 1189 1672 1227 At
1692 1200 1791 1228 vero

218 1250 258 1289 id
287 1251 330 1290 in
349 1250 493 1303 primis
515 1252 602 1291 Deo
625 1252 830 1304 competit3
854 1253 921 1304 qui
952 1259 995 1292 ut
1016 1252 1192 1304 primum
1218 1251 1476 1304 principium,
1499 1251 1559 1291 sic
1580 1251 1706 1290 etiam
1728 1258 1793 1291 est

218 1317 388 1357 ultimus
418 1317 515 1357 finis
544 1330 681 1357 rerum
711 1318 907 1358 omnium.
940 1319 1143 1358 Creatura
1172 1318 1295 1370 igitur
1325 1318 1553 1366 rationalis,
1584 1317 1619 1356 si
1649 1329 1792 1369 opera-

219 1383 357 1423 tiones
385 1397 498 1431 suas,
530 1384 668 1423 ordini
701 1385 1022 1424 accommodare
1044 1385 1167 1432 velit;
1192 1385 1324 1423 Deum
1344 1397 1419 1436 pro
1442 1383 1619 1424 termino
1640 1383 1798 1423 habere

220 1447 352 1495 debet,
384 1454 507 1499 atque
535 1447 627 1486 ideo
648 1448 785 1499 quoad
805 1448 920 1487 illum
941 1448 1117 1488 diversis
1137 1454 1311 1500 urgetur
1331 1447 1493 1496 officiis,
1524 1461 1630 1500 quae
1660 1446 1703 1486 in
1723 1460 1794 1486 se-

221 1510 362 1563 quenti
393 1512 529 1564 capite
558 1511 879 1552 declarabimus,
911 1512 1071 1553 Deinde
1091 1513 1196 1552 alter
1217 1511 1515 1564 adspectabilis
1535 1510 1677 1550 mundi
1698 1509 1795 1549 finis

218 1577 262 1617 in
277 1577 368 1629 ipso
384 1578 553 1617 homine
570 1577 729 1630 positus
746 1583 821 1627 est;
838 1581 891 1618 ad
908 1578 995 1618 eius
1013 1578 1122 1618 enim
1140 1578 1357 1618 utilitatem
1374 1591 1454 1626 res,
1471 1591 1577 1630 quae
1598 1576 1795 1615 mundum

221 1650 442 1690 exornant,
460 1642 652 1681 conditae
665 1656 690 1681 a
708 1643 795 1682 Deo
812 1648 919 1682 sunt.
938 1644 1074 1681 Homo
1094 1642 1228 1693 igitur,
1246 1642 1365 1682 iuxta
1384 1640 1569 1681 ordinem
1587 1653 1613 1678 a
1630 1651 1794 1678 summo

223 1708 384 1760 Opifice
414 1708 698 1756 constitutum,
727 1721 773 1748 se
803 1708 931 1749 etiam
951 1708 1162 1760 respicere
1193 1707 1312 1747 debet
1331 1713 1544 1759 tamquam
1573 1705 1797 1746 terminum

221 1787 390 1814 suarum
409 1774 695 1826 operationum
707 1787 716 1822 ;
739 1787 790 1813 ac
810 1774 982 1826 proinde
1004 1773 1155 1814 officiis
1176 1772 1449 1825 adstringitur
1481 1785 1584 1823 erga
1600 1770 1797 1823 seipsum.

221 1838 421 1890 Denique,
452 1851 547 1877 cum
569 1840 674 1878 haec
696 1837 1005 1891 argumentatio
1027 1851 1101 1889 pro
1122 1837 1216 1877 aliis
1237 1837 1361 1877 etiam
1392 1835 1635 1875 hominibus
1652 1835 1789 1873 locum

220 1905 402 1954 habeat,
433 1905 678 1957 quibuscum
708 1911 884 1944 naturae
915 1903 1183 1944 similitudine
1214 1902 1518 1951 convenimus;
1550 1901 1649 1941 ordo
1682 1900 1795 1939 iubet

220 1978 263 2012 ut
284 1972 326 2011 in
345 1971 395 2010 iis
417 1985 579 2024 quoque
600 1971 804 2011 rationem
825 1971 920 2011 finis
941 1985 991 2010 ac
1013 1983 1221 2023 personae
1248 1969 1492 2021 dignitatem
1513 1980 1792 2008 revereamur.

222 2039 332 2077 Hinc
362 2051 497 2078 novus
528 2038 718 2090 exsurgit
747 2038 947 2077 terminus
968 2037 1254 2090 operationum
1278 2041 1528 2084 nostrarum,
1551 2048 1600 2073 ac
1621 2033 1795 2086 proinde

220 2102 386 2143 tertium
423 2102 656 2142 officiorum
688 2115 835 2154 genus,
869 2102 1086 2154 Completa
1114 2101 1242 2153 igitur
1280 2099 1459 2152 partitio,
1489 2112 1515 2137 a
1545 2096 1708 2137 termini
1738 2096 1802 2134 di-

221 2168 419 2208 versitate
449 2169 680 2219 desumpta,
702 2169 851 2220 triplex
873 2168 1105 2208 officiorum
1126 2179 1261 2218 genus
1286 2165 1532 2217 suppeditat,
1553 2162 1701 2215 quibus
1723 2167 1800 2201 aut

222 2247 325 2287 erga
353 2237 500 2284 Deum,
530 2241 602 2275 aut
631 2248 735 2287 erga
763 2249 853 2282 nos,
884 2241 955 2274 aut
985 2248 1088 2286 erga
1118 2234 1224 2273 alios
1252 2233 1445 2272 homines
1476 2229 1750 2271 devincimur.

274 2300 337 2340 18.
366 2300 471 2339 Num
499 2300 543 2339 in
569 2300 735 2339 homine
767 2299 919 2338 dentur
947 2299 1086 2339 officia
1116 2309 1217 2349 erqa
1244 2297 1382 2345 bruta,
1408 2299 1482 2335 aut
1511 2299 1657 2334 cetera
1689 2292 1802 2332 entia

220 2367 383 2406 ratione
395 2366 612 2406 destituta.
629 2365 796 2404 Ahrens
816 2377 894 2403 nos
910 2363 1132 2414 adstringit
1147 2361 1297 2401 officiis
1319 2375 1422 2414 erga
1442 2360 1561 2400 bruta
1582 2357 1796 2405 animalia,

223 2431 370 2484 quibus
398 2431 490 2470 iura
517 2431 656 2470 tribuit
685 2431 759 2482 (1).
778 2429 977 2468 Damiron
1007 2441 1107 2468 vero
1137 2427 1377 2467 universam
1407 2432 1600 2466 naturam
1633 2424 1708 2463 Dei
1740 2423 1792 2461 fi—

221 2495 321 2535 liam
341 2508 608 2547 sororemque
628 2493 809 2533 hominis
831 2500 870 2533 et
890 2491 1049 2532 sociam
1070 2492 1300 2544 appellans,
1316 2496 1460 2529 mutua
1479 2489 1571 2528 iura
1592 2495 1632 2528 et
1653 2486 1797 2526 officia

220 2559 328 2598 inter
357 2571 435 2597 nos
464 2572 515 2597 ac
545 2572 613 2598 res
634 2570 779 2597 omnes
800 2557 960 2596 ratione
982 2556 1201 2596 destitutas
1222 2555 1479 2594 intercedere
1509 2557 1696 2592 autumat
1723 2551 1796 2602 (2).

274 2624 380 2664 Vide
391 2624 570 2663 hominis
583 2621 927 2665 benevolentiam!
941 2623 1096 2662 Amore
1111 2634 1213 2674 erga
1224 2627 1388 2661 ceteros
1399 2619 1591 2659 homines
1603 2629 1684 2656 non
1701 2629 1796 2656 con-

220 2696 377 2739 tentus,
406 2703 508 2729 oves
532 2690 657 2729 etiam
688 2696 811 2742 atque
833 2688 1005 2729 arbores
1037 2701 1226 2728 sororum
1249 2687 1341 2726 loco
1371 2684 1516 2737 recipit
1546 2697 1597 2723 ac
1618 2683 1802 2722 fraterna

263 2844 313 2884 (1)
341 2844 459 2876 Com-s
484 2842 552 2875 doe
576 2842 677 2874 droit
704 2845 781 2874 nat.
807 2843 825 2874 2
850 2842 976 2883 partie,
1002 2850 1097 2882 spec.
1125 2841 1152 2878 1,
1176 2839 1274 2873 divis.
1294 2839 1346 2873 ch.
1362 2840 1388 2872 2.

263 2900 313 2939 (2)
339 2899 392 2931 Dc
417 2898 455 2930 ἰα
481 2897 635 2935 mos-alc,
658 2900 682 2928 t.
707 2896 731 2933 1,
757 2897 809 2928 ch.
835 2897 867 2928 2.
