1970 3203
188 201 240 240 32
874 212 1091 240 ETHICA

189 303 262 331 rae
279 296 318 330 et
334 291 513 340 luminis,
531 305 611 345 quo
628 304 894 343 cognoscens
915 297 1097 330 ornatur.
1124 291 1251 331 Cuius
1271 291 1331 331 rei
1353 291 1394 330 in
1412 291 1623 344 praesenti
1645 291 1770 332 etiam

190 356 428 407 exemplum
441 355 656 404 habemus;
668 354 870 408 siquidem
886 354 1031 394 eadem
1049 354 1225 407 simplex
1242 354 1775 409 veritas‚verbigratia.spi-

189 421 398 463 ritualitas
419 422 559 469 animi,
581 422 738 461 maiore
759 421 1055 474 perspicuitate
1078 434 1129 461 ac
1155 421 1332 474 plurium
1354 421 1602 461 relationum
1626 422 1777 463 intuitu

190 486 407 540 attingitur
428 501 453 526 a
473 487 674 539 sapiente,
691 500 815 539 quam
837 487 889 526 ab
910 486 1079 526 homine
1094 486 1196 526 rudi.
1216 487 1355 533 Quare
1373 487 1496 534 Deus,
1515 493 1656 538 utpote
1678 488 1772 527 sim-

188 553 298 605 plex,
321 567 346 592 a
367 566 529 605 quoque
558 552 724 592 vidente
753 552 970 604 attingitur
1001 552 1165 604 quidem
1198 555 1320 601 totas,
1351 552 1427 592 sed
1454 565 1538 592 non
1571 554 1772 593 totaliter.

247 616 376 656 Obiic.
407 617 455 656 V.
483 616 628 657 Ultimi
658 616 754 656 finis
776 616 998 668 vestigatio
1020 615 1097 654 iuri
1118 623 1304 664 naturae,
1327 615 1380 654 ad
1401 616 1510 667 quod
1531 616 1653 656 huius
1676 616 1769 656 libri

191 683 412 723 tractactio
443 682 645 735 dirigitur,
675 682 832 722 inutilis
863 690 936 722 est.
972 683 1092 730 Nam,
1125 689 1166 721 ut
1196 681 1326 734 inquit
1347 682 1674 732 Puffendorfius,
1707 683 1774 724 ius

189 754 366 789 naturae
396 748 561 789 nonnisi
591 754 855 801 praesentem
886 748 1016 787 vitam
1048 754 1221 800 spectat,
1244 754 1284 788 et
1304 760 1377 800 pro
1399 760 1527 799 scopo
1551 761 1634 787 non
1656 749 1767 788 aliud

192 812 331 861 habet,
353 813 434 853 nisi
454 812 667 853 hominem
690 812 854 852 civilem
876 812 1055 852 efficere.
1080 812 1317 859 Praeterea,
1340 815 1383 850 ut
1404 811 1554 851 asserit
1576 811 1773 860 Voltaire,

195 889 405 917 summum
426 878 580 918 bonum
599 884 638 917 et
657 890 864 917 summum
886 877 1042 916 malurn
1065 876 1280 916 chimaera
1301 888 1409 917 sunt.

251 947 300 985 R.
322 943 596 986 Pusfendorfii
613 942 792 982 assertio
809 942 904 982 inde
921 942 1062 990 oritur,
1079 942 1187 994 quod
1202 941 1306 981 iuris
1324 948 1500 981 naturae
1518 949 1558 982 et
1575 954 1773 993 praesen-

191 1012 243 1052 tis
256 1011 365 1051 vitae
380 1010 562 1049 indolem
579 1021 663 1047 non
680 1007 756 1047 rite
774 1007 1043 1060 perspexerit.
1062 1008 1170 1047 Nam
1185 1007 1250 1046 ius
1268 1006 1375 1057 (sive
1391 1006 1481 1047 eius
1501 1007 1671 1046 nornine
1687 1007 1767 1054 lex,

189 1077 281 1118 sive
310 1081 469 1116 rectum
491 1079 562 1113 aut
580 1073 735 1113 iustum
757 1072 1030 1125 intelligatur)
1047 1086 1072 1111 a
1092 1073 1175 1113 fine
1197 1071 1340 1112 ultimo
1371 1072 1668 1125 praescindere
1690 1086 1768 1112 ne-

190 1143 286 1197 quit.
310 1144 400 1182 Lex
420 1141 542 1190 enim,
565 1153 660 1179 cum
675 1139 719 1178 in
738 1139 999 1179 ordinatione
1030 1138 1247 1187 consistat,
1271 1137 1649 1179 considerationem
1667 1151 1772 1177 avo-

190 1223 287 1250 care
302 1209 444 1262 nequit
460 1222 485 1248 a
500 1209 597 1255 fine;
615 1213 654 1247 et
669 1214 828 1246 rectum
846 1206 1003 1246 morale
1023 1218 1107 1244 non
1124 1204 1380 1257 agnoscitur,
1397 1205 1477 1244 nisi
1499 1204 1538 1243 vi
1555 1205 1663 1244 finis.
1676 1203 1774 1243 Vita

191 1282 332 1316 autem
351 1287 554 1329 praesens
576 1280 639 1314 est
667 1272 920 1320 huiusmodi,
944 1277 987 1311 ut
1018 1271 1070 1311 ad
1098 1270 1281 1310 futuram
1310 1276 1457 1323 suapte
1487 1270 1527 1310 vi
1550 1270 1770 1310 ordinetur.

192 1341 340 1381 Civilis
370 1346 509 1380 autem
531 1339 669 1379 cultus
690 1338 782 1378 sine
801 1337 960 1378 iustitia
979 1337 1087 1376 inter
1107 1336 1223 1376 cives
1243 1336 1388 1376 haberi
1417 1349 1501 1376 non
1523 1342 1669 1388 potest,
1692 1348 1771 1375 nec

189 1407 346 1449 iustitia
375 1406 465 1447 sine
495 1405 641 1446 ordine
670 1404 832 1454 morali3
863 1403 929 1456 qui
961 1409 1070 1443 totus
1100 1411 1363 1455 quantusque
1383 1408 1447 1443 est
1473 1416 1499 1442 a
1519 1403 1601 1442 fine
1622 1402 1766 1442 ultimo

190 1485 382 1512 normam
413 1469 579 1522 accipit.

246 1539 443 1578 Scomma
471 1548 570 1576 vero
600 1533 889 1574 Volterianum
918 1545 1001 1578 una
1029 1538 1092 1572 est
1122 1545 1174 1572 ex
1197 1532 1411 1573 consuetis
1427 1532 1642 1585 sophistae
1662 1531 1776 1572 illius

189 1603 370 1656 ineptiis,
391 1614 474 1642 non
497 1599 679 1640 alienum
698 1598 859 1638 homini
880 1598 1003 1638 atheo
1021 1603 1061 1637 et
1082 1596 1393 1645 materialistae‚
1415 1597 1483 1649 qui
1501 1610 1584 1636 non
1602 1596 1772 1636 aliunde

193 1680 318 1720 quam
348 1679 400 1705 ex
429 1663 554 1716 impio
585 1663 672 1702 risu
702 1669 743 1702 et
772 1673 989 1701 sarcasmo
1012 1659 1328 1700 delectationem
1349 1660 1493 1712 carpit.
1512 1661 1568 1699 At
1598 1674 1649 1700 ne
1679 1673 1776 1699 con-

190 1733 391 1774 futatione
421 1731 584 1784 quidem
614 1729 785 1781 dignum
816 1734 879 1768 est
908 1726 1065 1767 homini
1097 1739 1214 1775 sano,
1235 1727 1304 1779 qui
1332 1726 1655 1779 propensionem
1676 1727 1771 1767 ine-

190 1799 430 1840 luctabilem
460 1803 499 1836 et
519 1795 755 1835 naturalem
785 1794 837 1833 ad
867 1805 1076 1834 summurn
1105 1791 1260 1831 bonum
1290 1792 1495 1844 agnoscit;
1515 1805 1566 1832 ac
1596 1791 1774 1844 proinde

190 1864 382 1917 intelligit
411 1861 613 1903 eiusmodi
643 1861 797 1900 bonum
819 1860 932 1899 reale
958 1871 1053 1898 esse
1083 1863 1122 1897 et
1142 1859 1195 1897 ad
1227 1857 1541 1910 adipiscendum
1563 1858 1773 1909 possibile,

190 1932 271 1972 nisi
300 1932 426 1971 homo
458 1935 671 1981 tamquam
703 1939 808 1979 opus
837 1925 987 1965 rationi
1018 1924 1234 1965 dissonum
1264 1924 1365 1977 fingi
1396 1924 1507 1964 velit.

807 2057 1056 2095 Aaricunus
1087 2056 1161 2094 III.

192 2193 258 2233 De
277 2193 371 2246 fine
401 2190 586 2230 hominis
604 2188 816 2241 proximo,
839 2201 914 2228 seu
934 2187 985 2226 cle
1005 2187 1288 2226 destinatione
1307 2186 1489 2225 hominis
1512 2185 1555 2224 in
1577 2187 1655 2225 liae
1678 2185 1775 2225 vita.

244 2328 306 2366 23.
338 2325 438 2374 Quid
466 2323 555 2362 vita
574 2332 777 2373 praesens
798 2321 841 2359 in
873 2319 1213 2360 consideratione
1233 2319 1395 2360 morali.
1419 2319 1481 2357 Ex
1498 2317 1562 2366 iis,
1586 2330 1691 2370 quae
1712 2330 1776 2357 su.

189 2392 329 2445 perius
350 2389 559 2442 explicata
578 2392 686 2435 sunt,
708 2385 860 2438 liquido
880 2391 992 2437 patet
1018 2383 1259 2423 felicitatem
1282 2383 1368 2423 veri
1391 2382 1572 2422 nominis
1593 2383 1637 2421 in
1657 2395 1774 2434 prae-

188 2458 296 2498 senti
312 2457 397 2498 vita
412 2455 580 2495 minime
597 2466 847 2494 concessam
859 2465 966 2500 esse;
978 2465 1072 2491 cum
1085 2451 1238 2491 bonum
1255 2452 1474 2501 infinitum,
1488 2452 1608 2491 cuius
1625 2464 1772 2491 amore

187 2523 231 2563 in
251 2522 430 2574 singulis
450 2518 772 2572 appetitionibus
788 2518 1047 2571 impellimur,
1065 2517 1231 2557 nonnisi
1249 2524 1339 2570 post
1361 2518 1446 2558 fata
1462 2516 1650 2568 corporis
1669 2515 1770 2555 obti-

187 2588 278 2630 neri
307 2586 450 2640 possit.
487 2585 636 2624 Restat
664 2583 789 2635 igitur
819 2589 862 2622 ut
892 2582 977 2622 vita
1006 2594 1221 2634 praesens,
1252 2589 1465 2635 tamquam
1496 2582 1707 2632 palaestra
1736 2588 1777 2621 et

189 2656 317 2696 veluti
336 2650 571 2693 tirocinium
602 2649 655 2688 ad
685 2655 838 2689 statum
868 2648 981 2687 illum
1002 2653 1227 2699 reputetur.
1251 2647 1339 2687 Nisi
1360 2648 1467 2687 haec
1488 2647 1643 2686 veritas
1667 2660 1776 2698 prae

191 2720 324 2761 oculis
343 2717 561 2765 habeatur;
579 2728 658 2755 nec
680 2714 780 2754 ordo
803 2719 988 2761 naturae,
1005 2725 1083 2752 nec
1101 2713 1306 2765 sapientia
1323 2711 1562 2752 Conditoris
1584 2711 1771 2763 intelligi,

190 2799 270 2827 nec
290 2784 376 2824 vita
395 2796 445 2822 ac
467 2794 606 2821 mores
622 2779 699 2820 rite
721 2778 912 2831 componi
931 2783 1132 2830 poterunt.
1155 2779 1297 2818 Virtus
1318 2777 1429 2818 omni
1453 2782 1671 2817 venustate
1694 2791 1771 2817 ca-

191 2851 309 2899 rebit,
334 2863 405 2890 cor
424 2846 607 2888 hominis
637 2858 750 2897 vaga
777 2851 819 2884 et
848 2843 1085 2896 inexplebili
1117 2843 1340 2895 cupiditate
1360 2843 1631 2895 torquebitur,
1653 2844 1771 2884 exsi—

194 2916 352 2958 stentiav
368 2915 460 2967 ipsa
480 2910 685 2953 insomnio
708 2909 922 2950 delirantis
943 2908 1193 2962 phantasiae
1209 2908 1518 2951 assimilabitur.
1540 2910 1672 2950 Immo
1693 2924 1770 2952 nec
