1970 3203
320 239 455 267 CAPUT
483 238 506 264 1.
534 237 588 263 DE
616 236 807 263 GENTIUM
833 237 1133 264 RELATioNissus
1162 238 1201 263 IN
1232 238 1369 264 sTATU
1397 239 1513 266 PAC1s
1641 225 1718 264 347

213 317 277 356 16.
303 316 359 356 De
380 313 584 354 solutione
604 314 829 353 foederum.
851 312 914 351 Ad
934 312 1145 351 foederum
1166 312 1411 352 solutionem
1434 313 1542 365 quod
1564 312 1725 360 attinet,

167 381 341 434 primum
371 378 611 418 dissolvitur
627 378 771 417 foedus
792 391 864 429 per
882 384 1068 417 mutuum
1098 391 1350 417 consensum
1388 378 1579 430 partium.
1611 378 1725 418 Nihil

161 447 275 487 enim
304 451 388 486 tam
409 445 598 484 naturale
616 449 690 491 est,
709 457 831 496 quam
852 449 894 483 ut
910 443 1107 495 obligatio
1137 443 1282 483 iisdem
1305 444 1445 483 causis
1476 444 1725 493 destruatur,

161 512 311 565 quibus
328 510 450 550 unice
466 510 661 562 gignitur.
678 510 798 556 Quod
815 509 849 548 si
866 523 949 548 una
968 522 1064 560 pars
1086 515 1242 548 tantum
1260 523 1285 549 a
1304 510 1498 561 pactione
1514 510 1728 561 implenda

160 575 336 623 resiliat,
370 574 542 613 liberum
559 579 699 613 manet
715 572 832 613 alteri
849 572 954 625 parti
971 578 1042 610 aut
1062 572 1268 612 infidelem
1286 574 1446 612 socium
1463 574 1516 612 ad
1537 573 1730 612 standum

163 638 379 679 conventis
398 638 579 689 adigere,
594 643 664 677 aut
680 637 833 677 foederi
846 636 1032 675 nuntium
1047 637 1206 677 mittere
1221 651 1272 676 ac
1289 651 1332 677 se
1344 639 1455 677 omni
1469 637 1724 689 obligatione

164 704 342 743 solutam
361 701 615 742 existimare.
634 701 803 749 Deinde,
825 708 965 740 cessat
986 700 1128 740 foedus
1146 706 1275 740 morte
1292 701 1501 740 foederati.
1526 701 1661 749 Unde,
1690 700 1725 739 si

165 767 312 808 foedus
333 773 421 806 erat
442 767 673 818 personale,
696 765 888 805 defuncto
905 764 1105 817 principe,
1134 766 1202 816 qui
1222 765 1320 804 illud
1340 765 1438 813 iniit,
1460 765 1726 817 extinguitur,

164 832 227 871 sin
240 831 362 881 suerit
373 832 497 879 reale,
511 831 749 870 dissolvitur
762 835 892 870 morte
903 829 1010 868 civili
1023 829 1286 881 reipublicae,
1297 843 1390 869 cum
1400 830 1594 870 videlicet
1605 843 1710 882 gens
1720 862 1729 877 ,

165 897 330 936 foedere
347 897 559 943 adstricta,
573 896 778 948 propriam
791 895 939 934 amittit
952 894 1161 946 politicam
1178 896 1465 935 exsistentiam
1483 909 1534 935 ex
1552 908 1599 935 eo
1617 897 1725 947 quod

164 962 334 1002 alterius
353 962 489 1012 gentis
513 961 674 1013 corpori
697 961 863 1013 politico
883 960 1116 1000 adnectitur
1135 968 1205 999 aut
1225 961 1312 1000 eius
1334 961 1474 1000 ditioni
1496 962 1724 1002 subiicitur.

166 1026 317 1074 Tertio,
335 1025 570 1065 dissolvitur
587 1025 731 1064 foedus
746 1026 865 1076 lapsu
887 1025 1092 1076 temporis,
1110 1025 1161 1064 ab
1183 1038 1231 1064 eo
1250 1025 1441 1077 explicite
1463 1026 1723 1066 determinati

165 1095 236 1130 aut
257 1089 380 1130 etiarn
398 1088 831 1140 implicite.Postremo
853 1096 991 1127 cessat
1004 1094 1169 1140 propter
1185 1088 1416 1128 absolutam
1430 1095 1468 1128 et
1483 1096 1724 1141 perpetuam

163 1152 474 1205 impotentiam;
506 1165 601 1191 cum
630 1152 824 1191 videlicet
853 1152 1051 1190 alterutra
1080 1165 1177 1202 pars
1206 1165 1292 1191 rem
1324 1159 1490 1203 pactam
1529 1152 1620 1191 sine
1650 1165 1728 1191 sua

166 1220 290 1271 culpa
318 1219 487 1271 implere
517 1231 601 1257 non
631 1224 777 1269 potest,
808 1230 886 1256 nec
916 1230 1015 1269 spes
1045 1223 1216 1269 apparet
1238 1218 1346 1269 quod
1368 1217 1564 1270 deinceps
1584 1217 1729 1270 possit.

777 1349 1020 1386 ARTICULUS
1053 1347 1121 1385 IV.

728 1475 794 1514 Dc
826 1475 918 1513 iare
947 1474 1174 1526 legationis

217 1608 279 1647 17.
299 1609 381 1648 Hoc
411 1608 476 1648 ius
498 1608 633 1648 oritur
656 1619 680 1647 a
700 1610 863 1647 natura.
881 1606 1091 1653 Nationes,
1110 1612 1152 1644 ut
1173 1618 1298 1657 saepe
1321 1605 1473 1643 dictum
1496 1611 1569 1652 est,
1591 1605 1728 1644 officio

165 1679 357 1713 tenentur
377 1673 455 1712 sibi
475 1673 654 1712 invicem
676 1672 915 1724 opitulandi,
932 1685 981 1711 ac
998 1671 1162 1710 fovendi
1183 1678 1368 1709 mutuam
1391 1670 1663 1719 dilectionem,
1677 1671 1729 1709 ad

166 1751 289 1790 quam
308 1743 482 1777 naturae
500 1737 694 1789 cognatio
707 1743 853 1789 gentes
865 1748 1009 1774 omnes
1022 1734 1251 1786 adstringit.
1266 1734 1375 1773 Hinc
1386 1734 1652 1785 consequitur
1666 1734 1730 1773 ius

170 1803 508 1843 communicandi
523 1803 628 1842 inter
649 1808 756 1851 se,et
771 1802 953 1842 officium
969 1814 1051 1840 non
1069 1799 1302 1839 declinandi
1315 1798 1564 1846 media,sine
1583 1799 1731 1850 quibus

166 1867 366 1906 eiusmodi
380 1866 778 1906 communicationes
792 1872 832 1905 et
845 1870 1012 1904 mutuae
1027 1863 1234 1903 amicitiae
1252 1863 1436 1903 exerceri
1448 1876 1528 1901 non
1542 1870 1727 1914 possent.

219 1932 350 1969 Immo
382 1930 508 1970 etiarn
538 1943 591 1968 ne
620 1936 805 1981 tempore
833 1929 995 1981 quidem
1026 1927 1119 1967 belli
1141 1928 1246 1966 haec
1268 1933 1443 1965 naturae
1464 1933 1604 1966 cessat
1631 1926 1727 1965 obli-

165 1993 301 2044 gatio,
331 1993 532 2045 siquidem
561 2006 645 2032 non
675 1993 727 2031 ad
757 1992 1037 2032 dissidendum
1082 1991 1187 2030 inter
1216 2004 1286 2039 se,
1316 1991 1390 2030 sed
1430 1990 1482 2028 ad
1512 2003 1656 2041 pacem
1689 1998 1731 2030 et

168 2059 435 2098 concordiam
466 2059 656 2099 alendam
686 2064 833 2110 gentes
867 2058 1111 2097 naturaliter
1152 2057 1408 2095 ordinantur.
1440 2057 1561 2096 Unde
1592 2057 1724 2108 quod-

167 2136 346 2175 cumque
378 2123 431 2163 sit
460 2123 634 2176 litigium
664 2136 744 2176 quo
774 2123 876 2162 sorte
906 2123 1159 2173 disceptent;
1181 2128 1327 2173 patens
1357 2121 1427 2160 via
1455 2134 1619 2172 semper
1642 2135 1726 2160 ma-

167 2203 264 2229 nere
295 2190 413 2230 debet
442 2190 496 2229 ad
526 2190 637 2230 litem
667 2189 841 2241 pacifice
871 2188 1143 2227 dirimendam
1174 2194 1296 2240 atque
1326 2188 1377 2226 ad
1408 2197 1588 2226 veterem
1618 2187 1725 2225 ami-

168 2256 305 2295 citiam
350 2256 647 2295 renovandam.
678 2256 863 2307 Utraque
893 2260 1030 2294 autem
1074 2253 1179 2293 ratio
1208 2253 1439 2292 luculenter
1482 2253 1634 2291 evincit
1662 2252 1726 2291 ius

166 2318 353 2359 mittendi
381 2319 544 2371 legatos
574 2326 644 2358 aut
674 2318 969 2365 internuncios,
990 2325 1075 2356 tum
1097 2317 1279 2356 officium
1301 2330 1373 2356 eos
1394 2316 1635 2355 admittendi
1653 2330 1729 2356 eo-

164 2397 337 2436 rumque
354 2384 701 2435 postulationibus
722 2383 996 2424 auscultandi.
1018 2384 1124 2422 Nam
1145 2382 1211 2434 qui
1232 2383 1296 2422 ius
1312 2383 1436 2422 habet
1457 2388 1528 2421 aut
1547 2382 1729 2421 officium

163 2450 440 2502 persequendi
468 2451 606 2498 finem,
635 2452 699 2489 ius
717 2450 839 2490 etiam
858 2450 981 2489 habet
997 2449 1219 2488 adhibendi
1235 2449 1382 2496 media,
1404 2462 1510 2501 quae
1532 2449 1584 2487 ad
1604 2450 1730 2488 finem

165 2514 433 2553 obtinendum
465 2521 560 2553 sunt
578 2515 830 2554 necessaria.
852 2516 1043 2553 Iamvero
1065 2515 1260 2554 nationes
1281 2526 1505 2565 earumque
1528 2520 1729 2561 rectores,

168 2591 262 2617 cum
292 2577 492 2618 eiusmodi
523 2578 923 2618 communicationes
962 2576 1198 2616 immediate
1227 2589 1299 2629 per
1338 2590 1382 2616 se
1413 2589 1612 2615 exercere
1655 2589 1733 2615 ne-

168 2649 332 2695 queant,
354 2643 514 2695 aliquos
535 2644 715 2696 seligant
734 2656 909 2683 necesse
930 2647 993 2682 est
1013 2648 1129 2681 catos
1146 2642 1406 2694 scientesque
1428 2642 1554 2690 viros,
1580 2641 1729 2693 quibus

166 2711 326 2745 tantum
357 2707 548 2758 delegerit
576 2720 751 2755 munus,
783 2714 823 2746 et
852 2707 919 2759 qui
962 2705 1134 2757 proinde
1172 2706 1280 2757 apud
1308 2712 1472 2758 gentem
1492 2739 1501 2754 ,
1526 2705 1578 2744 ad
1608 2718 1732 2756 quam

169 2769 395 2819 mittuntur,
423 2771 632 2823 propriam
657 2771 868 2812 nationem
898 2776 969 2810 aut
997 2770 1224 2823 principem
1253 2775 1581 2822 repraesentent.

221 2836 283 2876 18.
311 2836 509 2878 Diversae
524 2839 770 2889 Legatorum
791 2838 965 2889 species.
989 2838 1083 2875 Mos
1105 2841 1145 2875 et
1165 2837 1419 2876 consuetudo
1437 2834 1623 2887 gentium
1653 2848 1730 2874 va-

167 2899 253 2940 rios
283 2902 535 2953 Legatorum
564 2902 730 2942 ordines
759 2902 955 2948 distinxit,
973 2902 1120 2954 quibus
1151 2903 1317 2942 diversa
1345 2900 1507 2948 munia,
1539 2900 1728 2939 diversas
