1970 3203
416 250 552 277 CAPUT
580 250 631 276 111.
654 250 705 276 DE
737 251 905 280 OFFICIIS
934 253 1102 281 HOMINIS
1132 255 1244 281 ERGA
1275 256 1452 283 SEIPSUM
1649 247 1722 285 16].

162 328 415 377 comparato,
440 324 607 364 omnino
625 325 784 366 desunt.
805 326 990 367 Victoria
1006 329 1130 378 enim,
1148 330 1348 382 singulari
1369 332 1598 372 certamine
1620 347 1724 373 con-

163 389 330 442 quisita,
360 401 444 427 non
473 389 583 428 aliud
613 390 820 441 patefacit,
851 391 931 430 nisi
961 391 1211 432 fortunatum
1239 393 1366 434 fuisse
1388 408 1494 444 eum,
1525 396 1591 448 qui
1614 397 1722 445 vicit,

157 459 231 494 aut
262 453 538 493 valentiorem
559 454 728 502 viribus,
750 462 821 494 aut
841 457 978 507 magis
999 457 1041 495 in
1062 459 1242 508 equestri
1260 466 1347 499 arte
1368 460 1554 512 peritum.
1573 463 1722 502 Utrum

153 531 254 558 vero
289 517 424 557 bonus
455 525 495 558 et
524 519 631 571 frugi
663 520 716 559 sit
745 526 784 560 et
804 520 954 560 iniuste
975 521 1161 561 offensus
1178 523 1229 562 ab
1261 524 1366 573 alio;
1397 525 1437 564 id
1465 526 1578 566 nullo
1599 528 1722 568 modo

156 583 318 634 probat.
351 585 430 630 Qui
451 590 588 624 autem
611 585 745 625 duello
766 585 969 625 honorem
991 587 1186 635 tribuunt,
1206 588 1332 640 inepti
1353 591 1520 631 omnino
1551 600 1645 632 sunt
1666 594 1720 633 ad

154 659 296 686 verum
330 648 531 687 honorem
560 648 852 698 iudicandum;
884 664 977 689 cum
998 652 1239 703 plerumque
1256 654 1400 692 effreni
1422 655 1504 694 sint
1533 656 1718 706 iuvenes,

149 713 299 753 leviter
327 720 397 753 aut
427 726 481 753 ne
509 714 654 754 leviter
682 715 845 766 quidem
876 716 1032 756 eruditi.
1065 717 1219 756 Contra
1250 718 1497 771 philosophi,
1519 730 1718 775 quotquot

154 785 334 827 exstant,
367 794 418 819 ac
449 794 601 832 graves
622 787 662 821 et
682 781 845 821 honesti
868 782 1058 822 homines
1079 782 1257 822 duellum
1280 783 1488 833 reiiciunt,
1507 791 1717 840 tamquam

151 841 370 881 ridiculum
408 843 626 883 barbariae
656 845 808 884 veteris
836 851 1162 885 monumentum.

208 908 327 954 Quod
359 922 456 948 vero
487 909 722 949 huiusmodi
743 910 952 962 singulare
975 918 1184 951 certamen
1212 912 1439 953 intrinseca
1468 916 1718 967 turpitudine

156 973 332 1022 vitietur,
365 974 486 1015 facile
515 981 627 1027 patet
656 988 708 1015 ex
738 976 801 1024 iis,
832 990 938 1028 quae
969 978 1078 1017 dicta
1107 985 1204 1019 sunt
1234 980 1446 1031 superius,
1478 982 1592 1022 circa
1622 983 1717 1023 offi-

153 1041 263 1081 cium
296 1043 434 1090 tuendi
456 1043 594 1083 vitam.
614 1044 655 1084 Si
678 1045 786 1083 enim
804 1046 926 1084 homo
948 1044 989 1084 in
1010 1045 1136 1085 vitam
1158 1052 1242 1084 tum
1275 1060 1392 1086 suam
1423 1054 1506 1087 tum
1537 1049 1716 1090 alienam

146 1105 210 1146 ius
240 1107 396 1146 nullum
419 1108 567 1156 habet;
598 1108 782 1160 profecto
807 1108 990 1160 iniquum
1012 1114 1073 1148 est
1095 1114 1133 1148 et
1154 1109 1230 1148 iuri
1253 1111 1432 1150 naturali
1462 1125 1715 1164 repugnans,

146 1176 261 1211 certo
277 1171 459 1223 periculo
477 1177 691 1224 utramque
710 1172 861 1212 directe
883 1185 1103 1224 exponere.
1117 1175 1170 1212 At
1191 1187 1288 1214 vero
1309 1175 1349 1214 id
1370 1176 1413 1214 fit
1432 1189 1504 1227 per
1522 1177 1713 1217 duellum.

149 1233 264 1285 Ergo
293 1234 399 1274 haec
424 1235 590 1274 insania
619 1235 770 1287 duplici
794 1235 950 1275 malitia
978 1236 1229 1277 intrinsecus
1260 1238 1436 1279 vitiatur.

637 1364 877 1402 Solvuntur
905 1364 1196 1416 clgfficzcltates.

201 1492 264 1532 60.
297 1492 425 1531 Obz'z'c.
455 1494 485 1532 I.
516 1507 568 1533 ex
597 1493 775 1541 Ahrens,
804 1499 948 1532 contra
976 1492 1150 1544 primam
1180 1495 1513 1546 propositionem.
1547 1499 1711 1538 Morum

143 1558 349 1597 honestas
379 1559 492 1598 nullo
522 1559 643 1598 modo
661 1559 866 1599 consentit
885 1565 930 1599 ut
950 1558 1075 1598 homo
1096 1560 1307 1601 hominem
1334 1561 1516 1604 scienter
1536 1565 1711 1612 occidat,

144 1629 368 1675 utcumque
397 1623 649 1663 necessitate
679 1625 852 1663 adactus
880 1637 925 1663 se
954 1624 1105 1664 tuendi.
1137 1627 1243 1664 Nam
1264 1639 1388 1666 secus
1414 1627 1709 1669 adstruendum

145 1693 259 1726 esset
287 1687 369 1725 hoc
398 1686 672 1739 principium:
702 1687 852 1726 Licere
872 1688 1033 1726 malum
1047 1691 1244 1740 patrare,
1273 1690 1377 1742 quia
1409 1692 1520 1730 aller·
1550 1695 1712 1733 malum

147 1753 268 1792 nohis
300 1753 461 1805 inferre
485 1756 671 1805 par-atus
692 1756 762 1793 est.
790 1753 881 1793 Hoc
902 1760 1038 1793 autem
1061 1767 1184 1806 quam
1205 1754 1354 1795 falsum
1385 1756 1451 1804 sit,
1481 1770 1603 1799 nemo
1625 1774 1707 1799 non

142 1816 264 1864 videt,
297 1830 390 1856 cum
421 1817 574 1856 malum
603 1823 770 1869 patrare
799 1830 1009 1868 nunquam
1040 1817 1178 1858 liceat.

193 1882 241 1920 R.
269 1882 549 1921 Adversarius
564 1881 605 1920 in
627 1881 706 1920 hoc
722 1880 939 1920 ratiocinio
957 1881 1117 1921 laborat
1133 1881 1239 1922 falso
1263 1884 1490 1935 supposito.
1509 1887 1709 1929 Subaudit

140 1947 251 1986 enim
282 1947 538 1987 occisionem
567 1946 846 2000 aggressoris,
876 1946 1056 1986 servatis
1086 1947 1248 1999 legibus
1278 1948 1413 1989 iustae
1443 1951 1706 2002 defensionis,

139 2012 286 2051 morali
315 2012 473 2052 malitia
502 2013 669 2065 turpari.
694 2013 784 2052 Hoc
806 2018 943 2052 autem
966 2025 1088 2052 nemo
1115 2014 1340 2063 concedet,
1371 2015 1576 2067 siquidem
1596 2019 1708 2059 inest

136 2077 294 2116 homini
323 2078 388 2117 ius
415 2076 639 2129 repellendi
662 2077 740 2115 vim
767 2076 815 2124 vi,
838 2089 915 2115 nec
935 2076 1021 2115 ulla
1042 2075 1295 2127 obligatione
1316 2078 1588 2131 adstringitur
1609 2094 1707 2121 con-

140 2142 300 2182 sulendi
330 2143 422 2195 plus
463 2143 574 2182 vitae
604 2142 798 2189 alterius,
837 2155 960 2194 quam
990 2141 1066 2180 sui.
1108 2141 1375 2180 Potissimum
1420 2144 1515 2195 quia
1543 2144 1606 2193 is,
1638 2146 1705 2198 qui

139 2206 456 2259 aggressionem
484 2206 647 2258 patitur,
677 2205 804 2245 invite
825 2212 865 2245 et
884 2205 1036 2244 iniuria
1055 2205 1096 2243 in
1127 2204 1351 2244 discrimen
1381 2207 1613 2256 adducitur,
1635 2222 1704 2262 ag-

139 2284 309 2323 gressor
326 2276 471 2310 contra
485 2270 665 2323 prudens
681 2269 894 2321 libensque
915 2282 959 2308 se
979 2268 1021 2307 in
1042 2268 1140 2307 illud
1162 2269 1341 2308 coniicit.
1359 2271 1556 2310 Fatemur
1576 2272 1702 2324 igitur

137 2349 348 2388 nunquam
376 2336 501 2375 licere
530 2336 685 2374 malum
714 2336 896 2384 morale;
928 2340 971 2373 at
995 2335 1147 2373 malum
1170 2335 1326 2374 morale
1356 2348 1450 2375 esse
1480 2350 1701 2388 negamus,

132 2399 329 2439 iniustum
345 2408 638 2450 aggressorem
654 2399 900 2447 interimere,
915 2404 957 2437 ut
974 2397 1181 2449 piopriam
1199 2398 1326 2437 vitam
1346 2405 1545 2439 tueamur.
1565 2402 1700 2442 Immo

133 2464 349 2511 addimus,
384 2462 634 2502 contrariam
663 2462 798 2514 potius
840 2462 1076 2514 opinionem
1119 2461 1302 2502 moribus
1333 2476 1600 2514 repugnare:
1638 2466 1700 2504 si—

131 2531 295 2583 quidem
324 2530 416 2569 iura
444 2528 634 2568 nocentis
661 2527 820 2566 iuribus
840 2527 1075 2567 innocentis
1101 2527 1326 2579 anteponit,
1348 2534 1387 2566 et
1417 2529 1700 2571 conditionem

134 2597 412 2648 improborum
443 2596 655 2635 hominum
685 2593 876 2633 tutiorem
905 2592 1123 2632 efficiendo
1146 2624 1154 2639 ,
1192 2592 1299 2631 viam
1330 2593 1478 2633 sceleri
1508 2595 1698 2636 latiorem

134 2660 290 2700 sternit.

187 2725 313 2765 Obiz'e.
346 2727 397 2765 II.
416 2730 564 2764 contra
585 2724 813 2764 secundam
833 2721 1170 2775 propositionem:
1193 2722 1347 2761 Saltem
1369 2723 1543 2762 concedi
1565 2725 1695 2773 debet,

130 2791 290 2830 licitum
319 2803 412 2830 esse
441 2796 664 2842 acceptare
693 2789 873 2829 duellum
895 2820 904 2836 ,
936 2787 987 2827 ab
1017 2786 1098 2826 alio
1128 2787 1323 2835 oblatum,
1363 2801 1414 2828 ne
1445 2789 1535 2841 quis
1566 2790 1695 2831 timidi

132 2862 174 2897 et
203 2855 352 2895 abiecti
382 2855 509 2895 animi
537 2861 679 2895 notam
708 2855 903 2894 incurrat.

185 2922 234 2960 R.
265 2920 430 2965 Quaero
461 2931 513 2957 an
535 2919 753 2970 aggressio
774 2917 946 2970 patriae,
968 2923 1039 2957 aut
1060 2917 1170 2957 aliud
1196 2917 1358 2957 facinus
1387 2924 1549 2958 armata
1568 2933 1694 2959 manu

211 3000 492 3031 LinERATonE—
504 2996 635 3029 Etlzica
660 2999 693 3028 et
715 2996 780 3027 Ius
802 2998 974 3028 naturae.
1573 2997 1609 3029 11
