1970 3203
193 184 271 224 294
557 195 623 222 ius
653 193 856 221 NATURAE
877 203 897 209 -
919 193 1026 220 PARS
1056 193 1175 221 11.1us
1203 193 1374 221 soeiALE

208 274 306 315 illae
328 274 650 314 considerantur
679 279 750 313 aut
779 278 973 325 respectu
995 271 1184 325 partium,
1206 272 1354 325 quibus
1383 273 1565 313 societas
1596 278 1782 322 constat,

207 348 280 379 aut
310 346 503 391 respectu
534 339 712 379 aliarum
743 339 990 379 societatum
1022 338 1074 377 ab
1105 351 1155 378 ea
1175 337 1554 390 independentium;
1592 340 1702 380 idem
1733 339 1783 379 de

210 405 363 445 officiis
382 411 422 444 et
443 404 600 445 iuribus
622 404 843 445 dicendum
865 412 939 445 est.
963 404 1115 444 Officia
1134 408 1174 443 et
1194 403 1298 452 iura,
1323 418 1429 456 quae
1457 405 1649 446 societati
1675 419 1786 446 com—

206 477 351 524 petunt
380 477 576 524 respectu
607 471 784 511 aliarum
814 471 1076 518 societatum,
1106 470 1148 509 in
1178 469 1303 521 tertia
1331 475 1449 522 parte
1487 472 1612 512 huius
1648 472 1787 525 operis

205 537 521 586 tractabuntur3
552 537 621 576 hic
653 537 702 577 de
732 537 883 577 officiis
914 542 953 576 et
983 536 1142 576 iuribus
1171 536 1345 576 internis
1374 536 1642 587 disserimus,
1679 552 1810 591 quae,

206 603 313 643 inter
342 603 457 655 ipsas
487 608 640 655 partes,
659 604 904 644 societatem
937 609 1249 655 componentes,
1274 602 1550 644 intercedunt.
1573 606 1660 644 Iam
1683 618 1784 644 vero

208 668 411 710 eiusmodi
443 673 582 721 partes
613 671 663 709 ad
696 670 800 709 duas
829 674 1094 717 revocantur,
1125 667 1320 707 nimirum
1351 668 1404 708 ad
1436 668 1622 710 subditos
1653 675 1692 710 et
1713 670 1784 710 im-

207 742 417 788 perantes,
448 742 569 788 prout
598 736 663 776 vel
685 749 906 788 supremae
928 734 1123 787 potestati
1144 734 1331 784 subsunt,
1350 735 1417 774 vel
1436 734 1548 774 illam
1571 742 1782 777 exercent.

204 803 266 842 De
297 801 450 842 mutuis
480 802 630 842 harum
661 802 815 842 officiis
846 807 885 841 et
914 801 1072 841 iuribus
1102 801 1233 842 multa
1262 801 1427 853 quidem
1462 801 1670 843 hactenus
1700 803 1784 842 iam

208 867 319 906 dicta
349 872 457 906 sunt.
489 868 628 914 Quare
658 866 873 914 nonnulla,
907 866 1124 906 dumtaxat
1154 865 1235 913 hic,
1258 871 1469 917 tamquam
1491 866 1655 918 proprio
1677 866 1784 914 loco,

208 929 484 982 adiungemus
516 930 678 970 duabus
707 929 1011 982 paragraphis:
1057 942 1161 981 quos
1190 934 1331 969 tamen
1359 929 1409 968 de
1440 929 1588 982 officiis
1622 936 1785 971 tantum
1845 947 1848 949 “

209 993 490 1041 inscribimus,
522 999 608 1033 tum
639 993 735 1046 quia
765 993 905 1033 officia
935 999 974 1033 et
1003 994 1094 1032 iura
1122 999 1290 1046 propter
1319 1000 1507 1034 mutuam
1540 995 1785 1035 relationem

210 1075 255 1103 se
286 1061 465 1101 invicem
497 1068 712 1109 revocant,
736 1068 821 1100 tum
844 1061 939 1114 quia
960 1062 1085 1102 homo
1107 1062 1229 1102 valde
1249 1061 1408 1114 indiget
1427 1069 1470 1102 ut
1491 1063 1631 1103 officia
1650 1062 1787 1116 magis

206 1143 331 1182 quam
362 1129 454 1168 iura
483 1128 561 1180 ipsi
593 1133 982 1169 commemorentur

953 1258 1034 1308 §L

717 1387 784 1427 De
813 1387 1081 1427 subditorum
1112 1386 1275 1439 officiis.

263 1516 352 1556 102.
386 1516 530 1556 Officia
560 1515 666 1556 civis
697 1527 797 1567 erga
826 1515 931 1555 alios
962 1516 1088 1555 cives.
1122 1515 1325 1562 Quamvis
1354 1515 1613 1555 subditorum
1649 1516 1791 1556 officia

211 1590 410 1634 respectu
440 1582 701 1622 auctoritatis
731 1581 992 1634 potissimum
1023 1588 1277 1633 spectamus;
1309 1588 1448 1622 tamen
1469 1582 1624 1634 aliquid
1645 1583 1783 1631 etiam,

210 1649 338 1688 veluti
368 1662 440 1700 per
470 1655 757 1696 transennam,
787 1648 998 1687 innuimus
1030 1648 1078 1687 de
1109 1647 1270 1696 officiis,
1300 1648 1446 1700 quibus
1477 1647 1579 1687 socii
1600 1648 1709 1688 inter
1730 1662 1789 1697 se,

210 1718 283 1752 aut
313 1725 415 1765 erga
444 1718 574 1753 totam
605 1712 852 1752 societatem
875 1718 1079 1752 tenentur.
1102 1712 1239 1752 Homo
1261 1712 1384 1760 enim,
1405 1712 1447 1751 in
1470 1713 1671 1753 societate
1694 1726 1788 1753 con-

212 1777 378 1816 stitutus
409 1777 462 1816 ad
493 1776 697 1829 triplicem
727 1776 948 1817 terminum
979 1775 1121 1816 referri
1156 1782 1321 1828 potest:
1362 1775 1414 1814 ad
1453 1776 1643 1828 singulos
1674 1779 1790 1817 cives

214 1854 408 1882 seorsum
438 1846 663 1893 acceptos,
694 1841 747 1880 ad
777 1847 907 1882 totam
939 1842 1181 1880 societatem
1220 1847 1427 1892 quatenus
1470 1854 1598 1880 unum
1642 1855 1792 1894 corpus

213 1913 288 1956 est,
322 1907 374 1946 ad
406 1906 697 1947 auctoritatem
728 1920 834 1958 quae
865 1907 1167 1947 multitudinem
1198 1906 1437 1946 moderatur
1466 1913 1506 1946 et
1536 1907 1656 1958 regit.

269 1971 359 2010 Iam
376 1983 455 2022 age
477 1976 671 2023 respectu
694 1970 964 2023 singulorum,
988 1971 1150 2011 etiamsi
1172 1984 1245 2022 per
1266 1984 1311 2010 se
1334 1977 1374 2010 et
1393 1984 1582 2011 seorsum
1602 1972 1796 2012 conside-

210 2043 369 2083 rentur,
393 2034 566 2087 quisque
597 2035 701 2074 civis
731 2035 771 2074 in
804 2036 943 2088 primis
973 2035 1246 2087 adstringitur
1275 2035 1425 2075 officiis
1454 2036 1716 2076 naturalibus
1738 2051 1789 2077 ex

212 2099 307 2151 ipsa
334 2099 519 2138 essentia
539 2099 721 2139 hominis
743 2099 1064 2149 dimanantibus;
1086 2113 1192 2152 quae
1214 2105 1326 2140 certe
1347 2112 1419 2151 per
1440 2099 1685 2140 societatem
1706 2114 1791 2141 non

216 2167 428 2214 tolluntur,
451 2166 524 2206 sed
555 2167 871 2206 confirmantur.
904 2167 1077 2214 Deinde,
1099 2180 1149 2206 ea
1169 2167 1261 2206 iura
1281 2166 1463 2206 revereri
1485 2167 1617 2215 debet,
1641 2167 1791 2219 quibus

210 2230 268 2268 illi
303 2230 507 2269 donantur
538 2244 563 2269 a
592 2231 684 2282 lege
715 2230 837 2279 civili,
866 2238 991 2282 atque
1020 2230 1177 2269 idcirco
1208 2242 1259 2269 ea
1289 2236 1503 2281 praestare
1536 2235 1698 2283 tenetur
1728 2230 1793 2269 of-

212 2296 321 2344 ficia,
355 2310 461 2349 quae
493 2296 696 2336 eiusmodi
728 2296 887 2336 iuribus
918 2296 1181 2347 respondent.
1215 2295 1387 2342 Deinde,
1408 2296 1461 2334 ad
1482 2296 1650 2335 eosdem
1672 2308 1794 2348 pecu-

218 2362 308 2401 liari
340 2363 561 2402 dilectione
591 2363 906 2415 prosequendos
927 2361 1209 2413 adstringitur,
1230 2368 1397 2414 propter
1419 2362 1602 2402 arctiora
1624 2362 1804 2407 vincula,

213 2428 360 2480 quihus
379 2442 481 2481 erga
502 2430 617 2481 ipsos
637 2434 815 2477 tenetur,
833 2435 974 2480 utpote
992 2427 1177 2467 eiusdem
1197 2428 1384 2480 corporis
1406 2428 1576 2468 socialis
1594 2428 1793 2476 membra3

211 2505 263 2533 ex
295 2507 373 2545 quo
405 2495 450 2533 fit
480 2501 522 2533 ut
552 2493 703 2534 ceteris
732 2493 973 2533 hominibus
994 2492 1034 2531 in
1055 2492 1349 2532 benevolentia
1369 2492 1567 2544 praeferri
1601 2492 1798 2533 debeant.

263 2559 351 2599 103.
370 2560 427 2599 De
445 2571 586 2600 amore
602 2559 755 2611 patrio.
773 2560 986 2611 Respectu
1008 2571 1107 2598 vero
1130 2557 1356 2607 societatis,
1379 2559 1431 2597 ad
1453 2571 1576 2610 quam
1597 2557 1787 2609 pertinet,

210 2638 316 2678 opus
337 2632 400 2665 est
420 2633 466 2666 ut
487 2626 590 2665 civis
612 2628 777 2677 cogitet,
801 2639 846 2664 se
869 2638 945 2677 ope
966 2625 1233 2677 reipublicae,
1257 2624 1299 2663 in
1316 2637 1399 2676 qua
1416 2630 1538 2663 natus
1555 2632 1632 2672 est,
1657 2625 1798 2664 omnia

211 2702 319 2742 quae
340 2689 525 2741 possidet
546 2690 770 2741 recepisse;
799 2689 864 2729 cui
887 2688 1059 2741 proinde
1081 2687 1190 2739 grati
1211 2687 1339 2727 animi
1360 2700 1487 2727 sensu
1508 2687 1795 2739 maximopere

210 2754 431 2807 obligatur.
444 2757 650 2796 Parentes
672 2756 794 2804 enim,
813 2769 838 2794 a
855 2755 1003 2807 quibus
1025 2761 1162 2795 ortum
1179 2754 1306 2802 duxit,
1324 2759 1464 2806 partes
1482 2760 1600 2793 erant
1622 2755 1795 2795 societa-

208 2820 261 2860 tis
278 2820 530 2874 illius,atque
545 2821 711 2860 nonnisi
730 2820 916 2860 eiusdem
935 2819 1186 2859 adminiculo
1204 2819 1341 2870 ipsum
1359 2819 1593 2859 nutrierunt
1611 2833 1660 2859 ac
1675 2820 1795 2860 disci-

207 2886 323 2938 plina
333 2894 372 2928 et
384 2887 505 2927 bonis
516 2886 673 2926 artibus
685 2886 1103 2932 exornarunt.Quare
1119 2885 1232 2924 illam
1245 2890 1363 2925 tanta
1379 2884 1552 2926 caritate
1570 2887 1790 2939 complecti
