1970 3203
173 238 253 279 262
548 248 612 274 ius
646 246 848 274 NATURAE
869 256 889 262 -
911 245 1019 272 PARS
1049 245 1087 271 11.
1116 244 1183 271 lus
1212 244 1382 272 scolALE

175 332 318 382 plures
348 328 576 378 imperent3
608 325 753 365 haberi
784 330 920 377 potest
949 323 1084 363 forma
1112 321 1329 374 regiminis
1360 321 1544 362 felicitati
1577 321 1754 373 populo-

178 409 271 435 rum
301 393 594 446 procurandae
623 392 785 431 idonea.

228 460 291 500 65.
323 461 580 499 Paoposrrio
610 458 667 498 2³.
700 457 749 497 Sc·
778 456 972 510 aptitudo
993 455 1261 509 populorum
1296 454 1603 503 consideretur,
1635 455 1760 494 nulla

183 530 247 566 est
261 528 432 579 forma,
465 537 575 578 quae
606 537 739 577 aeque
770 522 964 562 omnibus
995 521 1226 567 convenit;
1262 520 1335 560 sed
1363 520 1760 573 illa-praeferenda

174 596 245 640 est,
277 605 388 644 quae
410 604 523 644 prae
552 591 704 630 ceteris
736 589 961 642 respondet
990 586 1393 635 consuetudinibus,
1427 587 1588 636 indoli,
1619 588 1761 626 cultu-

176 669 264 703 rae,
296 655 488 694 moribus
517 655 723 707 cuiusque
750 653 905 706 gentis.

227 722 350 762 Prob.
373 722 418 761 Id
440 721 620 761 fatentur
641 719 874 772 generatim
896 718 1135 770 scriptores,
1157 717 1226 769 qui
1246 729 1333 756 rem
1356 714 1568 768 politicam
1592 721 1757 757 tracta-

170 794 332 828 verunt.
365 787 476 827 Satis
497 787 577 826 erit
597 799 724 824 unum
747 789 817 824 aut
838 785 1016 824 alterum
1051 794 1396 822 commemorare.
1430 781 1755 820 Burlamachius

172 855 254 894 ait:
287 869 306 892 «
331 853 374 894 Si
396 853 546 906 petitur
566 866 592 891 a
611 865 677 891 me
707 864 914 903 quaenam
944 850 997 888 sit
1030 849 1187 901 optima
1213 847 1476 900 gubernandi
1497 846 1648 895 forma;
1681 860 1748 886 re-

172 918 400 972 spondebo,
431 931 514 957 non
541 916 682 956 omnia
703 916 813 954 bona
841 913 1048 966 regimina
1067 912 1260 952 omnibus
1291 924 1422 964 aeque
1453 910 1614 963 populis
1647 923 1752 950 con-

167 985 324 1033 venire,
346 984 419 1023 sed
451 984 530 1022 hac
551 982 591 1021 in
614 995 658 1021 re
678 980 918 1020 habendam
940 992 1034 1018 esse
1056 978 1261 1019 rationem
1282 986 1368 1018 tum
1398 975 1688 1016 inclinationis
1712 983 1754 1015 et

171 1050 432 1091 characteris
463 1049 720 1100 singulorum
744 1047 1002 1098 populorum,
1037 1051 1123 1084 tum
1154 1043 1437 1096 amplitudinis
1468 1042 1640 1083 dominii
1672 1056 1754 1095 quo

168 1116 360 1156 fruuntur
383 1116 456 1167 (1).
481 1130 500 1154 »
527 1115 641 1154 Idem
663 1113 791 1154 ferme
813 1112 966 1153 asserit
987 1111 1293 1163 Montesquieu,
1316 1111 1376 1151 sic
1398 1110 1603 1161 inquiens:
1625 1124 1646 1148 «
1666 1111 1756 1148 Re-

172 1183 329 1236 gimen,
361 1182 470 1234 quod
492 1180 676 1220 maxime
706 1187 883 1220 naturae
914 1177 1134 1225 consentit,
1172 1177 1272 1216 illud
1302 1182 1378 1224 est,
1409 1177 1518 1229 quod
1549 1189 1648 1228 prae
1679 1189 1755 1216 ce—

170 1247 273 1287 teris
303 1251 469 1298 aptatur
499 1244 844 1297 dispositionibus
872 1242 1024 1295 populi,
1054 1254 1129 1293 pro
1160 1254 1241 1293 quo
1272 1241 1507 1281 institutum
1539 1248 1603 1280 est
1637 1241 1710 1292 (2).
1736 1257 1754 1278 »

175 1311 225 1350 Et
255 1323 359 1349 sane
382 1310 517 1349 forma
537 1310 710 1361 quaevis
727 1322 752 1347 a
774 1307 1082 1348 conditionibus
1103 1306 1289 1354 subiecti,
1321 1305 1431 1358 quod
1453 1305 1625 1357 perficit,
1657 1318 1751 1344 ma-

174 1375 283 1415 xime
313 1376 475 1427 pendet;
507 1389 558 1414 ac
589 1388 715 1426 saepe
737 1387 843 1426 quae
873 1373 944 1412 uni
974 1377 1192 1418 consonat,
1218 1375 1426 1422 repugnat
1449 1370 1584 1410 alteri.
1613 1371 1752 1409 Homo

173 1449 314 1482 autem
345 1441 483 1493 (idem
515 1441 580 1480 dic
611 1442 660 1480 de
691 1439 906 1479 hominum
934 1437 1216 1488 collectione)
1247 1450 1330 1476 non
1361 1436 1572 1477 abstracte
1592 1468 1600 1484 ,
1632 1443 1756 1488 prout

172 1507 268 1546 idea
289 1513 449 1547 tantum
473 1507 722 1553 continetur,
745 1504 993 1556 cogitandus
1025 1510 1087 1544 est
1106 1503 1149 1544 in
1170 1503 1306 1550 rebus
1335 1516 1444 1555 quae
1466 1504 1519 1542 ad
1541 1502 1755 1554 agendum

175 1572 408 1623 pertinent;
441 1572 514 1611 sed
538 1570 793 1624 cogitandus
816 1575 879 1609 est
900 1568 941 1607 in
959 1574 1157 1608 concreto
1179 1573 1300 1619 prout
1320 1567 1387 1607 his
1410 1567 1473 1606 vel
1500 1566 1583 1605 illis
1605 1566 1753 1605 condi-

174 1637 358 1677 tionibus
380 1643 420 1676 et
440 1636 767 1677 circumstantiis
788 1647 938 1686 reapse
974 1633 1167 1673 afficitur.
1201 1634 1392 1672 Iamvero
1422 1632 1464 1670 in
1494 1631 1576 1670 hac
1611 1631 1755 1670 consi-

173 1702 389 1742 deratione
412 1702 641 1740 humanum
664 1715 797 1753 genus
816 1700 1102 1740 incredibilem
1138 1699 1258 1738 offert
1288 1697 1534 1736 varietatem
1553 1728 1562 1744 ‚
1586 1703 1754 1747 propter

176 1782 301 1820 quam
321 1767 497 1807 diversis
518 1767 701 1806 elateriis
722 1766 893 1815 moveri,
917 1766 1083 1805 diversa
1104 1764 1265 1804 ratione
1286 1763 1391 1811 duci,
1417 1762 1598 1802 diversis
1618 1761 1758 1801 fulciri

176 1831 455 1879 adminiculis,
479 1831 655 1870 diversis
676 1830 821 1883 augeri
842 1829 1063 1882 praesidiis
1085 1828 1231 1880 poscit.
1255 1829 1367 1880 Ergo
1398 1840 1481 1866 non
1503 1826 1613 1865 idem
1634 1826 1752 1878 regi-

177 1911 273 1938 men
304 1903 581 1949 opportunum
609 1897 685 1936 erit
705 1910 838 1948 aeque
859 1909 932 1948 pro
968 1894 1157 1946 singulis.
1183 1896 1313 1933 Immo
1336 1894 1434 1933 illud
1464 1893 1610 1944 ipsum,
1643 1893 1753 1945 quod

175 1964 389 2004 abstracte
406 1962 756 2015 perfectissimum
773 1962 952 2002 fortasse
970 1961 1142 2008 videtur,
1161 1974 1234 2012 pro
1252 1960 1392 2011 aliqua
1411 1958 1609 2011 peculiari
1630 1964 1754 2009 gente

176 2043 261 2069 non
277 2030 399 2068 modo
417 2029 704 2080 incongruens
726 2028 799 2067 sed
819 2028 943 2080 plane
964 2039 1207 2079 repugnans
1230 2025 1392 2065 censeri
1414 2023 1573 2077 poterit.
1594 2023 1664 2062 Sic
1686 2037 1749 2063 ex.

176 2109 238 2147 gr.
262 2095 446 2135 absurda
467 2100 580 2134 esset
600 2093 860 2146 hypothesis,
881 2106 964 2145 qua
985 2092 1097 2132 natio
1128 2090 1373 2131 americana
1392 2090 1591 2128 Statuum
1615 2089 1758 2142 Unito-

179 2173 276 2198 rum
299 2159 375 2198 sub
396 2159 644 2198 monarchia
665 2159 938 2210 concipiatur.
962 2159 1129 2205 Contra,
1154 2157 1263 2196 aliae
1283 2161 1379 2195 sunt
1402 2160 1550 2206 gentes
1570 2185 1579 2201 ,
1610 2153 1760 2206 quibus

172 2225 363 2278 regimen
385 2226 585 2278 populare
602 2225 741 2264 minus
757 2224 1114 2272 accommodatur,
1131 2228 1295 2275 propter
1313 2221 1484 2260 nimium
1505 2220 1751 2272 phantasiae

174 2298 351 2337 aestum,
374 2289 574 2329 novitatis
595 2289 791 2336 studium,
814 2288 1123 2340 loquacitatem,
1147 2286 1432 2334 invidentiam,
1463 2286 1652 2338 aliosque
1674 2286 1749 2325 de—

175 2353 324 2400 fectu&
348 2353 386 2391 vi
409 2365 583 2404 quorum
605 2353 717 2404 apud
739 2365 811 2392 eos
833 2351 1093 2391 democratia
1113 2364 1196 2390 non
1216 2350 1559 2403 tranquillitatem
1581 2356 1621 2389 et
1644 2349 1760 2387 ordi-

175 2431 283 2464 nem.
314 2419 387 2457 sed
420 2416 721 2464 confusionem,
745 2417 977 2464 tumultum,
1010 2415 1147 2455 studia
1177 2415 1367 2467 partium,
1399 2413 1580 2454 mediu'm
1612 2412 1755 2464 oppri-

175 2483 313 2523 mendi
345 2484 462 2531 alios,
480 2484 522 2522 in
552 2496 718 2523 summa
748 2496 890 2523 veram
922 2482 1184 2533 tyrannidem
1215 2481 1469 2532 importaret.

229 2550 292 2588 66.
327 2551 583 2589 Paorosm‘io
615 2549 670 2589 3³.
701 2550 790 2589 Illa
809 2550 965 2599 forma
991 2562 1074 2600 pro
1104 2548 1291 2599 singulis
1326 2546 1560 2599 quibusque
1585 2546 1759 2598 populis

175 2613 320 2666 aptior
351 2617 421 2660 est,
455 2627 564 2666 quae
595 2614 712 2666 apud
743 2614 839 2653 illos
871 2613 1140 2665 lcgyz'tz'mc'tate
1167 2611 1340 2663 gaudet.

229 2676 354 2716 Prob.
378 2677 469 2715 Pax
488 2684 527 2715 ct
547 2677 753 2716 stabilitas
777 2676 1001 2724 ordinis,in
1019 2689 1100 2728 quo
1117 2676 1373 2728 reipublicae
1390 2676 1545 2715 bonum
1572 2674 1760 2713 maxime

173 2742 375 2790 cernitur,
392 2747 476 2781 tota
498 2748 653 2794 quanta
673 2749 748 2791 est,
771 2743 925 2795 pendet
945 2755 998 2781 ex
1020 2742 1265 2782 certitudine
1287 2741 1485 2788 subiecti,
1513 2740 1554 2778 in
1580 2753 1659 2792 quo
1698 2740 1763 2781 ius

219 2898 270 2936 (1)
295 2898 393 2930 Loco
418 2895 586 2938 superius
612 2895 733 2928 citato.

225 2949 279 2989 (2)
305 2948 461 2990 L’esprit
486 2946 552 2980 des
576 2947 656 2986 lois,
680 2949 701 2979 t.
729 2948 751 2986 I,
774 2948 792 2979 l.
818 2948 841 2986 Ι,
867 2959 894 2981 c.
919 2949 946 2979 3.
