1970 3203
595 239 731 267 CAPUT
760 242 797 269 11.
826 243 879 269 DE
909 242 1139 270 SOCIETATE
1168 244 1285 271 CIVILI
1646 233 1723 273 303

158 314 315 356 ordinis
345 313 536 352 nimirum
566 314 752 362 externi,
781 327 1043 368 nequaquam
1073 318 1260 357 excedat.
1301 319 1392 357 Non
1432 319 1553 358 modo
1592 319 1718 372 igitur

159 380 412 427 academias,
442 387 482 418 et
510 380 659 430 lycaea
689 381 912 421 constituet
940 395 990 421 ac
1022 381 1155 422 debito
1186 383 1425 435 organismo
1457 385 1648 433 donabit,
1680 393 1727 426 ut

158 445 199 483 in
228 444 279 483 iis
307 443 632 496 praestantiores
660 444 956 497 intelligentiae
985 445 1246 485 convenienti
1280 461 1374 486 cum
1405 448 1593 489 libertate
1622 462 1722 500 per-

161 507 382 555 ficiantur,
412 506 486 545 sed
516 506 640 545 etiam
671 506 794 546 saciet
823 512 866 545 ut
909 507 951 546 in
981 508 1130 559 vulgus
1160 509 1293 561 ipsum
1337 510 1551 552 sufficiens
1589 526 1728 552 rerum

164 570 359 623 cognitio,
391 576 429 610 et
459 570 679 622 disciplina
708 571 1013 612 disseminetur.

215 637 306 683 Qua
335 636 376 674 in
407 649 450 675 re
481 636 629 688 duplex
652 642 882 677 extremum
904 637 1117 677 vitandum
1139 646 1225 678 est:
1244 641 1305 680 Ne
1327 642 1442 693 plebs
1463 649 1534 682 aut
1554 643 1729 683 nimium

155 700 280 748 rudis,
311 705 381 738 aut
402 700 504 751 plus,
527 713 650 751 quam
668 700 758 740 eius
774 700 954 740 conditio
976 701 1141 753 patitur,
1159 704 1319 744 erudita
1346 706 1559 746 habeatur.
1577 710 1724 748 Utrin-

156 778 234 817 que
263 765 372 805 enim
403 778 488 804 non
526 765 637 804 levia
666 766 777 804 mala
805 766 1062 817 proveniunt.
1105 768 1348 819 Ignorantia
1387 772 1493 810 enirn
1526 772 1720 822 ferocem,

154 829 358 877 obtusum,
391 829 616 881 voluptatis
647 837 889 878 amatorem,
919 829 1230 882 immorigerum
1261 835 1456 885 populum
1486 836 1612 885 facit余
1646 837 1727 877 im-

154 894 320 933 modica
348 907 447 934 vero
478 894 664 942 eruditio,
695 907 800 946 quae
829 908 1039 947 nunquam
1068 896 1108 935 in
1140 910 1188 936 eo
1210 898 1331 950 plena
1361 912 1455 939 esse
1485 907 1631 951 potest,
1664 916 1729 942 su-

160 960 345 1010 perbum,
363 959 597 1007 indocilem,
611 960 836 1000 mutandae
852 960 1041 1001 fortunae
1059 962 1238 1011 avidum,
1251 964 1531 1016 impatientem
1550 967 1718 1017 laboris,

153 1023 476 1062 tumultuantem
508 1023 651 1061 reddit.

207 1089 289 1129 Sed
309 1088 491 1129 omnium
512 1088 695 1128 maxime
716 1090 892 1128 colenda
913 1096 975 1130 est
996 1091 1172 1144 Religio,
1204 1094 1293 1134 sine
1324 1108 1405 1147 qua
1435 1106 1575 1137 cetera
1603 1099 1725 1139 flocci

152 1157 310 1195 fierent.
332 1156 388 1195 Ut
411 1153 518 1193 enim
539 1153 664 1193 homo
684 1154 932 1202 individuus,
954 1156 1015 1195 sic
1036 1157 1159 1196 etiam
1180 1161 1456 1202 communitas
1487 1162 1528 1201 in
1562 1170 1721 1203 tantum

159 1221 398 1274 spectabilis
420 1226 495 1268 est,
516 1220 556 1258 in
583 1227 779 1272 quantum
803 1221 953 1261 virtute
974 1227 1013 1261 et
1029 1222 1217 1263 honestis
1231 1226 1421 1266 'moribus
1442 1236 1626 1278 ornatur余
1648 1231 1724 1269 vir-

157 1292 222 1324 tus
244 1291 380 1324 autem
404 1283 618 1336 pulcrique
639 1296 775 1323 mores
797 1284 837 1322 in
857 1285 1059 1337 religione
1093 1286 1326 1327 fundantur.
1351 1291 1461 1330 Sane
1497 1293 1531 1332 si
1568 1294 1724 1333 civium

154 1349 365 1390 honestati
383 1355 522 1389 cetera
539 1349 821 1401 adiungantur
837 1349 959 1397 bona,
981 1364 1031 1390 ex
1049 1352 1195 1403 quibus
1213 1354 1344 1394 virtus
1362 1358 1486 1396 veluti
1503 1359 1724 1399 materiam

157 1420 366 1453 mutuetur
382 1413 435 1452 ad
452 1413 533 1451 vim
556 1426 674 1452 suam
693 1413 893 1464 ampliore
914 1427 1017 1465 gyro
1039 1416 1332 1467 explicandam
1350 1433 1358 1467 余
1382 1420 1535 1460 nemini
1557 1422 1725 1462 dubium

157 1479 234 1518 erit
263 1478 359 1530 quin
381 1478 562 1518 societas
582 1477 648 1516 his
669 1478 854 1530 locuples
879 1479 997 1518 alteri
1020 1481 1209 1521 societati
1239 1486 1472 1534 antecellat,
1495 1501 1600 1539 quae
1631 1490 1723 1528 sola

157 1544 307 1584 virtute
337 1545 500 1596 polleat.
532 1545 585 1582 At
614 1543 649 1582 si
679 1543 871 1583 omnibus
892 1544 985 1583 aliis
1005 1547 1148 1585 affluat
1169 1547 1303 1597 bonis,
1325 1550 1474 1591 virtute
1495 1560 1633 1593 autem
1656 1556 1723 1594 vel

151 1613 297 1648 careat
320 1609 383 1647 vel
404 1620 550 1659 parum
573 1607 799 1655 decoretur,
822 1607 945 1660 longe
967 1608 1138 1649 inferior
1173 1611 1391 1652 habebitur
1426 1627 1476 1653 ea
1512 1616 1726 1665 societate,

149 1684 269 1723 quae,
300 1671 396 1710 licet
421 1677 652 1710 ceterorum
674 1670 876 1709 bonorum
898 1673 1071 1722 penuria
1108 1674 1279 1718 laboret,
1303 1676 1451 1717 virtute
1490 1684 1629 1718 tamen
1670 1681 1728 1720 sit

151 1737 508 1789 praestans.Haec
522 1736 630 1776 enim
642 1749 791 1789 reapse
801 1738 926 1777 finem
940 1748 1165 1790 assequuta
1177 1748 1298 1789 esset,
1311 1743 1501 1783 societati
1512 1745 1726 1787 humanae

150 1814 175 1839 a
196 1807 347 1839 natura
380 1800 668 1853 praestitutum
686 1815 695 1849 3
717 1814 767 1840 ac
791 1801 1032 1841 dulcissima
1052 1803 1347 1855 tranquillitate
1368 1807 1581 1858 gauderet,
1614 1822 1720 1861 quae

153 1879 236 1906 non
262 1867 426 1906 aliunde
447 1879 569 1919 quam
592 1880 618 1905 a
636 1866 785 1907 virtute
806 1867 1088 1919 ingeneratur.
1112 1869 1251 1914 Quare
1273 1872 1434 1911 virtutis
1455 1873 1722 1914 incolumitas

154 1938 193 1972 et
221 1932 524 1972 incrementum
545 1944 807 1985 summopere
827 1933 1126 1985 imperantibus
1148 1935 1262 1974 cordi
1283 1949 1376 1977 esse
1403 1938 1533 1979 debet.
1554 1942 1608 1980 At
1633 1942 1724 1982 sine

151 1998 305 2049 pietate
337 2011 438 2050 erga
468 1999 614 2045 Deum,
644 1998 712 2050 qui
734 1998 897 2038 virtutis
917 1998 1010 2038 sons
1031 2008 1093 2039 est
1114 2008 1154 2040 et
1183 2001 1443 2056 principium,
1466 2012 1505 2044 et
1526 2007 1578 2045 ad
1599 2008 1723 2049 cuius

149 2063 391 2115 obsequium
423 2069 510 2104 tota
540 2068 695 2114 quanta
708 2063 965 2102 esthonesta
982 2063 1066 2103 vita
1083 2065 1268 2114 refertur,
1294 2069 1455 2109 virtutis
1476 2072 1713 2112 aedificium

156 2127 198 2165 in
226 2126 440 2166 hominum
471 2127 670 2166 societate
700 2126 927 2166 subsistere
958 2141 1218 2181 nequaquam
1252 2138 1398 2183 potest.

203 2192 291 2229 114.
320 2189 540 2229 frenanda
570 2189 825 2240 scriptorum
852 2190 1037 2231 licentia.
1070 2192 1173 2231 Cum
1204 2194 1414 2236 humanae
1447 2197 1718 2241 imbecillitati

150 2255 367 2295 cautiones
390 2260 645 2307 opportunae
666 2262 705 2294 et
725 2256 933 2307 praesidia
953 2257 1226 2310 requirantur,
1258 2261 1518 2312 potissimum
1549 2279 1641 2305 cum
1673 2268 1724 2308 de

149 2319 409 2360 multitudine
439 2320 587 2371 agitur,
607 2332 712 2372 quae
739 2326 889 2359 natura
911 2334 988 2360 sua
1017 2323 1226 2363 mutabilis
1256 2333 1319 2365 est
1349 2334 1387 2366 et
1416 2329 1468 2367 ad
1498 2329 1722 2371 labendum

149 2399 307 2438 prona余
334 2385 461 2424 oritur
480 2384 578 2424 hinc
600 2385 783 2424 officium
806 2388 1045 2426 removendi
1067 2388 1251 2440 pericula
1271 2401 1310 2431 et
1340 2397 1633 2446 compescendi
1657 2411 1724 2438 co-

147 2456 285 2497 natus,
317 2448 384 2500 qui
406 2448 704 2499 aggrediantur
723 2449 1014 2500 patrimonium
1047 2451 1221 2501 virtutis,
1244 2469 1321 2507 quo
1351 2457 1536 2498 societas
1556 2460 1714 2500 fruitur.

148 2513 257 2552 Hinc
276 2513 340 2552 ius
363 2511 606 2564 prohibendi
627 2525 843 2553 sermones
865 2520 904 2553 et
923 2515 1079 2567 scripta
1100 2530 1205 2568 quae
1230 2520 1420 2572 religioni
1445 2529 1513 2562 aut
1532 2526 1721 2567 moribus

152 2576 353 2625 officiant3
369 2582 453 2614 tum
476 2575 598 2614 etiarn
616 2575 816 2624 actiones,
834 2590 938 2628 quae
959 2579 1012 2617 ad
1030 2579 1170 2618 vitium
1192 2582 1388 2622 alliciant.
1412 2586 1556 2638 Neque
1576 2588 1618 2626 in
1640 2590 1721 2629 hoc

148 2642 272 2681 ullius
292 2641 355 2680 ius
388 2646 458 2680 aut
492 2640 661 2680 libertas
684 2641 872 2681 laeditur.
896 2643 965 2682 Ius
987 2646 1094 2684 enim
1131 2647 1183 2685 ad
1205 2648 1359 2687 malum
1388 2663 1473 2691 non
1503 2654 1642 2703 datur,
1676 2663 1719 2696 et

152 2707 304 2746 nullius
334 2707 503 2747 libertas
525 2719 678 2746 nocere
699 2706 793 2746 aliis
811 2707 941 2747 debet.
959 2712 1014 2749 At
1030 2724 1127 2751 vero
1150 2713 1270 2753 valde
1290 2715 1383 2756 aliis
1404 2728 1529 2760 nocet
1558 2721 1624 2773 qui
1646 2735 1723 2762 eos

150 2769 313 2810 actione
330 2770 465 2810 suain
482 2769 688 2822 peccandi
704 2769 933 2822 periculum
953 2773 1133 2814 adducit.
1154 2777 1274 2817 Unde
1296 2779 1407 2820 hunc
1429 2796 1712 2835 compescere,

151 2833 204 2872 ad
233 2833 415 2872 officium
437 2833 611 2885 pertinet
641 2846 720 2885 quo
743 2839 906 2874 tenetur
927 2837 1108 2878 societas
1131 2841 1389 2893 singulorum
1409 2846 1500 2886 iura
1521 2849 1644 2888 tutari
1666 2863 1717 2889 ac

156 2899 344 2950 publicae
375 2899 596 2938 moralitati
625 2899 874 2952 prospicere.
