1970 3203
159 221 237 262 190
522 237 589 264 ius
626 237 828 264 NATURAE
851 248 870 253 -
893 238 1002 266 PARS
1030 239 1067 265 11.
1097 239 1164 267 ms
1194 240 1364 269 sochLE

158 310 240 350 lam
273 313 508 362 efformant‚
525 314 604 353 nisi
626 314 779 353 bonum
800 314 912 363 illud,
934 325 1141 368 quatenus
1161 331 1383 359 commune
1405 327 1479 369 est,
1502 321 1732 369 intendant,

154 378 381 431 eidemque,
413 386 534 432 prout
563 380 605 419 in
636 393 781 421 omnes
813 382 1047 422 redundare
1077 383 1209 433 debet,
1241 386 1552 438 conspiratione
1585 395 1733 428 mutua

153 450 387 495 operentur.
429 445 568 491 Quare
597 445 689 498 ipsa
718 447 935 487 multitudo
966 448 1123 489 entium
1154 450 1316 490 ratione
1345 452 1626 503 praeditorum
1658 467 1731 506 per

148 521 194 548 se
223 510 389 550 nonnisi
419 517 579 563 partem
609 513 864 553 materialem
896 514 1111 555 societatis
1137 516 1398 568 suppeditat;
1430 519 1502 558 sed
1525 533 1621 572 pars
1652 520 1734 560 for-

147 574 268 613 malis
297 587 380 614 non
412 575 579 616 aliunde
609 577 799 626 habetur,
828 578 909 618 nisi
940 592 992 618 ex
1023 578 1238 631 principio.
1269 581 1381 633 quod
1412 584 1734 623 consensionem

148 640 407 680 voluntatum
447 648 487 682 et
516 642 747 682 mediorum
784 644 825 683 in
856 645 1047 684 eumdem
1086 646 1213 685 finem
1245 646 1577 699 conspirantium
1615 649 1656 688 in
1687 662 1738 689 ea

147 705 293 757 gignit.

206 772 398 811 Iamvero
430 786 536 825 quae
568 781 666 814 sunt
685 775 737 814 ad
759 774 926 827 aliquid,
946 782 990 814 ut
1010 790 1076 816 ex.
1095 790 1157 828 gr.
1179 783 1330 824 motus,
1352 790 1378 816 a
1399 777 1588 825 termino,
1609 792 1732 831 quern

151 843 356 888 spectant,
389 839 720 880 determinantur
750 847 837 880 tum
867 842 1004 894 quoad
1034 848 1241 891 naturam,
1273 848 1357 882 tum
1389 844 1526 896 quoad
1554 857 1605 884 ea
1624 858 1730 897 quae

152 909 345 943 naturam
376 912 698 958 consequuntur.
733 907 926 947 Societas
955 908 1104 960 igitur,
1126 922 1245 961 quae,
1268 915 1356 949 tota
1374 916 1528 961 quanta
1548 916 1622 958 est,
1643 924 1736 963 pro-

153 974 242 1019 pter
270 971 396 1010 finem
428 979 491 1012 est
520 971 742 1024 (siquidem
773 979 816 1012 ut
846 975 971 1013 finem
1003 974 1182 1026 aliquem
1217 975 1402 1015 obtineat
1436 975 1663 1016 instituitur
1692 983 1733 1017 et

152 1039 473 1088 conservatur),
506 1051 532 1077 a
560 1039 669 1084 fine,
701 1040 843 1090 procul
874 1039 1011 1087 dubio,
1041 1041 1189 1093 recipit
1219 1041 1401 1094 speciem
1429 1049 1469 1081 et
1498 1042 1738 1083 denomina-

152 1099 307 1139 tionem
339 1108 378 1140 et
407 1101 498 1141 iura
519 1102 668 1155 quibus
689 1103 918 1144 instruitur.
942 1104 1005 1144 Ob
1027 1105 1138 1144 hanc
1160 1105 1365 1144 rationem
1386 1105 1482 1144 finis
1506 1105 1585 1144 diei
1605 1105 1730 1145 etiam

152 1165 259 1204 solet
289 1165 424 1205 forma
454 1167 697 1208 societatis:
730 1175 772 1208 at
801 1168 936 1208 forma
966 1168 1207 1208 extrinseca
1232 1182 1315 1209 non
1345 1169 1604 1218 intrinseca;
1637 1183 1734 1209 narn

150 1229 285 1271 forma
313 1232 543 1273 intrinseca
571 1240 634 1273 est
662 1235 905 1283 auctoritas,
937 1248 1044 1288 quae
1075 1248 1157 1276 una
1187 1249 1280 1275 cum
1313 1235 1575 1276 multitudine
1596 1235 1735 1276 socie-

153 1302 280 1336 tatem
312 1297 355 1336 in
390 1299 586 1351 preoprio
617 1312 711 1340 esse
743 1300 968 1340 constituit.

210 1363 275 1401 Ex
307 1363 428 1403 dictis
458 1372 644 1416 apparet,
675 1366 890 1406 societatis
912 1366 1227 1405 fundamentum
1248 1366 1412 1418 proprie
1431 1366 1472 1404 in
1494 1371 1638 1405 mutua
1658 1365 1732 1405 be-

150 1426 388 1465 nevolentia
417 1428 628 1468 sociorum
657 1429 816 1480 reponi.
850 1430 957 1468 Nam
987 1429 1182 1477 societas,
1219 1442 1505 1482 quaecumque
1535 1429 1588 1469 sit
1612 1462 1621 1478 ‚
1651 1429 1734 1469 hoc

151 1490 336 1530 maxime
365 1492 541 1543 perficit,
571 1499 615 1531 ut
644 1494 876 1541 confirmet,
906 1501 948 1534 et
977 1493 1210 1546 generatim
1247 1495 1311 1533 vel
1346 1494 1626 1547 particulatim
1659 1494 1734 1534 de-

150 1557 344 1597 terminet
375 1562 415 1597 et
443 1558 485 1597 in
516 1558 763 1611 quibusdam
785 1560 910 1600 etiam
933 1565 1088 1611 augeat
1109 1560 1372 1613 explicetque
1397 1561 1638 1608 relationes,
1660 1560 1743 1613 qui-

150 1620 225 1661 bus
255 1629 406 1662 natura
435 1636 513 1662 sua
542 1623 667 1664 homo
697 1624 857 1664 homini
889 1624 1132 1664 devincitur.
1166 1624 1258 1664 Hae
1293 1638 1392 1664 vero
1412 1624 1652 1672 relationes,
1679 1624 1735 1663 ad

149 1688 392 1739 generalem
424 1688 645 1729 formulam
676 1690 899 1738 redactae,
930 1690 1013 1730 huc
1043 1696 1317 1738 revocantur,
1349 1695 1392 1729 ut-
1422 1690 1595 1743 quisque
1625 1690 1732 1729 alios

151 1753 323 1806 diligere
350 1761 555 1803 teneatur,
586 1755 718 1808 iisque
749 1757 848 1796 velit
877 1756 987 1796 idem
1018 1756 1184 1804 bonum,
1202 1756 1312 1808 quod
1333 1757 1488 1808 appetit
1510 1757 1599 1796 sibi.
1623 1754 1732 1795 Huic

152 1831 252 1870 ergo
273 1819 500 1859 iunctionis
521 1820 734 1860 humanae
753 1821 1022 1860 fundamento
1042 1821 1286 1860 societatem
1306 1821 1536 1872 superstrui
1557 1833 1736 1860 necesse

152 1890 227 1931 est,
258 1885 338 1923 nisi
369 1886 411 1923 in
441 1899 492 1925 ea
523 1885 818 1925 constituenda
848 1886 948 1925 ordo
979 1891 1155 1925 naturae
1186 1891 1410 1925 evertatur.

207 1949 312 1988 Cum
341 1950 480 1999 homo,
511 1956 555 1990 ut
584 1950 626 1989 in
658 1951 955 2003 Metaphysica
976 1956 1191 1990 ostensum
1213 1956 1287 1999 est,
1310 1950 1481 2003 sitfinis
1501 1951 1542 1990 in
1564 1951 1730 2000 mundo,

151 2015 286 2066 quoad
316 2015 534 2056 utilitatem
564 2015 813 2068 capiendam
845 2028 897 2055 ex
928 2015 1055 2054 rebus
1085 2014 1238 2054 creatis
1256 2047 1264 2063 ‚
1287 2022 1327 2054 et
1349 2015 1459 2054 nullo
1481 2015 1604 2054 modo
1625 2028 1730 2055 con—

150 2080 254 2120 verti
286 2081 418 2133 possit
446 2082 488 2121 in
521 2082 707 2122 mediam
727 2098 741 2129 ,·
773 2082 902 2122 oritur
932 2081 1029 2121 hinc
1061 2087 1104 2120 ut
1135 2081 1333 2130 societas,
1356 2081 1565 2121 rationem
1588 2082 1744 2122 habeat

153 2145 285 2184 medii
310 2158 394 2184 non
418 2146 535 2197 finis,
566 2152 759 2198 respectu
790 2146 1013 2187 sociorum.
1047 2145 1242 2186 Societas
1275 2145 1385 2185 enim
1416 2145 1574 2186 idcirco
1603 2146 1743 2187 inten-

155 2208 264 2247 ditur
294 2222 320 2247 a
348 2217 511 2259 natura,
544 2217 587 2250 ut
616 2210 807 2262 suppleat
838 2210 1045 2251 defectum
1071 2210 1218 2249 virium
1240 2210 1513 2262 singulorum,
1538 2210 1606 2263 qui
1627 2224 1743 2251 seor-

154 2285 247 2311 sum
264 2285 390 2323 aegre
412 2279 451 2312 et
472 2274 693 2313 difficulter
710 2269 1035 2327 assequerentur
1055 2275 1193 2322 finem,
1212 2274 1265 2313 ad
1282 2287 1404 2326 quem
1426 2274 1605 2313 ordinati
1629 2280 1739 2315 sunt.

154 2339 256 2378 Non
300 2342 362 2378 est
395 2339 550 2378 bonum
589 2353 676 2379 esse
707 2341 918 2380 hominem
949 2340 1088 2379 solum
1108 2340 1370 2392 , sczciamus
1400 2340 1439 2379 ei
1469 2340 1739 2381 adiutorium

155 2402 296 2441 simile
325 2402 408 2441 sibi
434 2405 511 2454 (1).
543 2403 589 2442 Id
620 2403 776 2443 dictum
807 2418 833 2442 a
863 2404 952 2444 Deo
983 2403 1032 2443 de
1061 2403 1263 2444 societate
1294 2404 1519 2456 coniugali,
1551 2404 1639 2444 iure
1669 2404 1736 2443 in—

156 2468 288 2520 telligi
317 2474 454 2521 potest
483 2469 533 2509 de
564 2482 827 2522 quacumque
858 2469 1060 2509 societate
1090 2469 1337 2522 generatim.
1369 2469 1559 2510 Societas
1588 2469 1732 2522 igitur,

153 2549 442 2588 quaecumque
473 2536 554 2584 sit,
586 2549 753 2589 semper
784 2543 947 2589 spectat
976 2536 1130 2576 bonum
1162 2536 1372 2576 sociorum
1394 2568 1403 2584 ,
1435 2536 1488 2575 ad
1517 2536 1736 2588 ipsumque

153 2603 392 2642 immediate
413 2604 477 2642 vel
499 2603 678 2643 mediate
699 2603 970 2644 obtinendum
1003 2603 1183 2655 dirigere
1205 2602 1325 2643 debet
1346 2601 1542 2655 quidquid
1562 2601 1649 2654 agit
1670 2601 1736 2641 vel

153 2667 379 2708 constituit.
412 2668 504 2706 Hoc
536 2674 676 2708 tamen
706 2669 1021 2721 intelligendum
1051 2675 1116 2709 est
1146 2669 1194 2708 de
1224 2668 1350 2708 sociis
1381 2680 1464 2708 non
1496 2680 1568 2718 per
1599 2680 1644 2706 se
1665 2679 1738 2706 se-

153 2731 333 2782 paratim
364 2731 561 2783 acceptis,
585 2732 659 2771 sed
682 2739 804 2785 prout
826 2733 1166 2773 communitatem
1189 2733 1422 2781 efformant,
1444 2731 1502 2771 ita
1522 2735 1566 2771 ut
1589 2730 1746 2771 bonum

156 2795 266 2847 quod
296 2801 558 2847 procuratur,
590 2796 729 2849 aliquo
760 2803 883 2850 pacto
914 2797 1116 2838 redundet
1145 2796 1187 2836 in
1218 2808 1377 2836 omnes.

199 2940 250 2980 (1)
279 2939 452 2978 Genesi&
474 2939 514 2978 ΙΙ,
538 2940 584 2973 18.
