1970 3203
214 205 267 247 SO
891 223 1113 249 ETHmA

272 294 446 343 Iustitia,
478 303 522 334 ut
551 295 681 335 virtus
710 296 992 348 particularis,
1024 297 1149 338 dividi
1176 300 1282 339 solet
1315 300 1358 340 in
1387 302 1737 342 commatativam
1758 308 1799 342 et

215 361 545 410 distributivam,
568 368 688 414 prout
717 363 886 415 respicit
916 363 1102 404 ordinem
1128 366 1196 405 vel
1225 366 1349 407 unius
1377 381 1583 420 personae
1609 369 1663 408 ad
1693 369 1798 408 alte-

215 439 319 474 ram,
351 427 416 467 vel
446 426 757 467 communitatis
781 428 834 466 ad
864 429 1032 481 singula
1061 429 1267 469 membra.
1292 431 1434 470 Prima
1463 431 1504 471 in
1531 432 1799 472 retribuendo

213 492 383 545 respicit
412 493 709 545 aequalitatem
739 493 823 534 dati
854 500 893 533 et
923 493 1096 545 accepti,
1120 495 1312 534 secunda
1341 496 1647 548 proportionem
1681 496 1800 536 meri-

212 563 360 595 torum.
394 557 516 596 Unde
547 557 703 597 iustitia
727 571 781 597 ex
810 558 891 597 hac
922 564 1039 609 parte
1061 558 1233 611 respicit
1263 560 1448 599 mediam
1472 561 1536 600 rei
1566 561 1694 613 (quod
1715 561 1798 600 hoc

212 620 304 672 ipso
334 620 377 658 in
406 621 616 673 praesenti
638 635 741 661 casu
771 631 834 662 est
854 623 1035 661 medium
1071 623 1280 675 rationis),
1309 624 1352 663 in
1374 625 1677 665 commutativa
1700 625 1795 678 qui-

214 685 307 725 dem
338 687 570 726 secundum
600 688 909 740 proportionem
939 688 1248 729 arithmeticam
1273 722 1282 738 ‚
1318 690 1361 730 in
1401 690 1663 732 distributiva
1695 705 1793 732 vero

213 751 445 790 secundum
475 752 784 804 proportionem
813 752 1131 804 geometricam.

264 817 327 857 84.
360 818 459 866 Quid
488 819 718 859 Fortitudo.
748 818 964 858 Fortitudo
990 826 1064 858 est.
1090 820 1373 860 Considerata
1395 820 1698 873 periculorum
1719 835 1794 861 su-

208 885 364 938 sceptio
394 887 433 924 et
463 885 660 924 laborum
686 885 918 937 perpessio.
960 887 1017 925 Ut
1053 892 1166 938 patet
1203 886 1488 938 maximopere
1521 887 1704 926 deservit
1738 889 1792 927 ad

211 952 493 1004 superandum
524 952 664 991 animo
694 951 1050 1004 impedimentum,
1073 953 1183 1004 quod
1213 953 1343 994 oritur
1372 967 1424 994 ex
1445 953 1696 1006 praegrandi
1720 955 1789 994 ali-

210 1033 293 1071 qua
323 1018 576 1059 difficultate.
610 1018 678 1058 Sic
710 1026 774 1059 est
804 1019 1001 1071 specialis
1030 1019 1174 1068 virtus,
1206 1033 1313 1072 quae
1342 1026 1504 1072 partem
1534 1019 1789 1061 irascibilem

209 1083 384 1122 ordinat.
420 1084 526 1122 Nam
557 1083 591 1122 si
621 1083 824 1134 accipitur
853 1096 981 1123 sensu
1011 1083 1192 1135 quodam
1227 1083 1448 1132 latissimo,
1480 1093 1689 1136 quatenus
1719 1084 1790 1123 im-

206 1154 343 1200 portat
373 1148 598 1201 quamdam
629 1147 757 1187 animi
787 1147 1037 1196 firmitatem;
1070 1147 1132 1187 sic
1164 1155 1230 1188 est
1258 1147 1352 1200 ipsa
1380 1160 1543 1200 quoque
1580 1148 1792 1199 generalis

206 1211 351 1260 virtus
373 1225 447 1251 seu
468 1212 604 1264 potius
624 1211 805 1251 conditio
828 1211 1014 1250 omnium
1038 1212 1250 1261 virtutum,
1274 1213 1325 1251 acl
1356 1226 1462 1265 quas
1483 1211 1670 1264 profecto
1692 1225 1789 1263 per-

206 1277 307 1319 tinet
336 1278 511 1318 firmiter
541 1286 580 1318 et
610 1283 853 1318 constanter
883 1277 1060 1330 operari.
1094 1279 1281 1318 Medium
1313 1279 1440 1319 veluti
1476 1286 1655 1331 occupat
1685 1279 1792 1318 inter

204 1342 466 1382 timiditatem
497 1347 537 1382 et
565 1342 800 1391 audaciam,
831 1348 1047 1395 quatenus,
1070 1349 1113 1382 ut
1142 1343 1198 1382 ait
1231 1344 1271 1382 S.
1295 1344 1498 1391 Thomas,
1531 1349 1593 1382 est
1624 1342 1792 1381 cohibi-

205 1409 291 1448 tiva
311 1408 518 1457 timorum,
541 1409 591 1448 ed
620 1408 892 1449 audaciarum
924 1409 1196 1449 moderativa.
1223 1409 1453 1462 Praecipue
1473 1423 1572 1450 vero
1596 1415 1791 1449 versatur

205 1474 320 1513 circa
348 1473 535 1526 pericula
565 1473 739 1521 mortis;
771 1487 868 1512 nam
900 1472 990 1513 eius
1019 1480 1082 1513 est
1121 1473 1565 1513 obfirmare⁴animum
1597 1478 1791 1525 respectu

203 1551 454 1590 magnorum
485 1538 948 1586 malorum‚maximum
971 1545 1110 1578 autem
1139 1538 1295 1577 malum
1325 1538 1544 1589 corporale
1575 1545 1637 1576 est
1659 1549 1785 1576 mors.

203 1603 314 1642 Hinc
344 1602 608 1655 potissimum
631 1609 850 1642 exercetur
878 1602 920 1641 in
944 1602 1063 1652 bello;
1086 1602 1119 1641 si
1142 1615 1213 1654 pro
1245 1602 1351 1641 bello
1377 1601 1633 1653 intelligatur
1654 1613 1789 1652 quae-

202 1668 301 1708 libet
328 1667 599 1719 impugnatio,
622 1667 664 1706 in
685 1680 768 1719 qua
793 1667 931 1715 homo,
964 1679 1036 1718 pro
1059 1665 1207 1705 virtute
1237 1664 1459 1712 servanda,
1490 1663 1601 1703 vitae
1631 1663 1787 1702 discri-

202 1748 297 1774 men
315 1734 498 1774 incurrit.
518 1733 706 1785 Denique
727 1733 1017 1774 manifestatur
1038 1733 1080 1771 in
1101 1731 1328 1785 repentinis
1350 1730 1559 1783 periculis;
1582 1729 1788 1782 siquidem

204 1802 374 1841 habitus
403 1800 492 1853 agit
520 1814 592 1852 per
621 1800 790 1840 modum
821 1806 1008 1839 naturae.

254 1866 317 1906 85.
350 1865 451 1914 Quid
481 1865 786 1916 Temperantia.
820 1863 1118 1916 Temperantia
1153 1863 1195 1902 in
1231 1875 1279 1902 eo
1309 1861 1520 1909 cernitur,
1564 1861 1673 1913 quod
1704 1861 1781 1900 sit:

207 1932 417 1971 Constans
449 1930 672 1970 inclinatio
703 1930 761 1970 acl
780 1930 1105 1982 praescriptam
1137 1929 1326 1968 rationis
1359 1928 1632 1980 sequendam,
1665 1927 1783 1966 circa

203 2008 325 2034 asam
358 2008 505 2033 reram
538 1993 720 2033 maa’ime
740 1993 1055 2033 delectabilium
1089 1994 1212 2033 iuncta
1236 2006 1419 2033 sensam.
1443 1993 1551 2031 Nam
1582 2005 1675 2031 curn
1707 1991 1785 2030 du—

203 2061 302 2114 plici
333 2075 385 2100 ex
416 2060 552 2112 capite
583 2063 777 2100 voluntas
807 2074 879 2113 per
908 2060 1106 2113 impetum
1139 2059 1353 2112 passionis
1382 2058 1538 2099 retrahi
1569 2056 1704 2110 possit
1732 2056 1786 2096 ba

205 2125 350 2165 ordine
381 2125 813 2173 sectandoenimirum
846 2125 910 2164 vel
932 2125 983 2164 ob
1005 2124 1196 2163 timorem
1230 2121 1478 2163 deterrentis
1500 2120 1611 2169 mali,
1642 2121 1708 2160 vel
1730 2120 1783 2160 ob

207 2189 475 2242 cupiditatem
507 2189 727 2229 allicientis
750 2189 858 2238 boni;
890 2197 1039 2229 contra
1059 2188 1237 2240 primum
1262 2186 1509 2226 roboramur
1529 2184 1782 2232 fortitudine,

206 2262 352 2296 contra
368 2257 543 2295 alterum
562 2256 848 2308 temperantia.
882 2256 999 2294 Haec
1022 2254 1145 2294 etiam
1170 2259 1304 2304 potest
1321 2251 1458 2304 accipi
1481 2252 1556 2291 sub
1576 2257 1783 2302 conceptu

206 2320 385 2372 quodam
417 2319 630 2372 generali,
660 2326 864 2371 quatenus
893 2318 1147 2370 intelligatur
1178 2325 1390 2368 tamquam
1420 2315 1677 2364 moderatio,
1709 2328 1782 2367 per

204 2386 409 2425 rationem
440 2385 634 2437 ponenda
662 2385 703 2423 in
733 2385 930 2424 humanis
961 2383 1273 2436 operationibus
1303 2388 1343 2422 et
1371 2381 1642 2435 passionibus
1674 2380 1783 2433 quod

198 2460 261 2492 est
291 2466 512 2493 commune
548 2451 661 2490 omni
692 2450 829 2490 virtuti
860 2450 1019 2490 morali.
1042 2450 1124 2489 Sed
1157 2455 1324 2500 sumpta
1353 2454 1397 2487 ut
1426 2447 1623 2499 specialis
1646 2447 1778 2487 virtus

198 2530 273 2570 pro
305 2517 482 2557 materia
511 2517 658 2562 habet,
689 2521 732 2554 ut
763 2515 965 2562 diximus,
996 2526 1102 2566 quae
1133 2512 1316 2552 maxime
1347 2511 1536 2551 alliciunt
1565 2510 1781 2549 hominem

198 2584 477 2624 delectatione
492 2582 690 2623 sensibili.
707 2583 758 2621 Et
773 2580 970 2634 quoniam
987 2579 1289 2620 delectationes
1306 2577 1559 2630 praecipuae
1581 2589 1780 2616 sensuum

199 2648 297 2687 illae
327 2653 437 2693 sunt,
459 2659 565 2698 quae
595 2645 822 2697 respiciunt
844 2644 1122 2697 operationes,
1152 2643 1301 2695 quibus
1321 2643 1387 2681 vel
1410 2646 1687 2680 conservatur
1708 2653 1777 2678 na-

198 2720 296 2753 tura
328 2711 527 2751 individui
549 2724 621 2763 per
651 2711 787 2750 cibum
818 2719 858 2751 et
879 2718 1031 2762 potum,
1065 2709 1129 2749 vel
1152 2712 1427 2748 conservatur
1448 2714 1600 2745 natura
1621 2704 1779 2755 speciei

202 2790 275 2830 per
292 2775 626 2828 generationem3
645 2775 758 2814 circa
780 2781 977 2826 utrasque
995 2772 1256 2825 potissimum
1278 2777 1467 2809 versatur
1488 2768 1778 2819 temperantia;

206 2853 313 2893 quae
335 2846 477 2878 tamen
499 2838 748 2877 secundario
767 2838 818 2876 ad
836 2837 940 2876 alias
971 2836 1094 2876 etiam
1117 2833 1478 2886 concupiscentias
1499 2831 1778 2871 moderandas

202 2905 449 2948 extenditur.
