1970 3203
722 420 897 476 PARS
944 420 1244 478 SECUNDA

662 579 813 631 IUS
878 578 1290 630 SOCIALE

788 1006 1182 1048 INTRODUCTIO

240 1140 305 1178 Ex
333 1144 513 1190 angusto
543 1137 848 1177 individuorum
879 1151 996 1189 gyro,
1028 1138 1081 1176 ad
1113 1137 1296 1189 amplum
1327 1136 1541 1176 societatis
1573 1149 1767 1187 campum

189 1204 479 1257 gradientibus
500 1204 623 1255 longe
643 1203 921 1255 praestantior
942 1202 1200 1242 tractationis
1221 1202 1397 1242 materia
1418 1202 1538 1241 nobis
1564 1201 1769 1241 obiicitur.

188 1271 236 1309 In
268 1270 411 1322 primis
442 1269 550 1309 enirn
581 1282 691 1308 nova
712 1269 802 1308 iura
824 1275 862 1309 et
883 1268 1034 1315 officia,
1056 1275 1221 1321 propter
1243 1282 1376 1308 novas
1404 1268 1639 1316 relationes,
1661 1281 1770 1320 quas

186 1334 311 1373 homo
341 1332 524 1384 suscipit,
556 1333 890 1378 manifestantur,·
922 1331 1068 1371 deinde
1100 1333 1169 1371 illa
1199 1332 1337 1381 etiam,
1363 1333 1451 1371 sive
1474 1332 1566 1370 iura
1587 1331 1676 1372 sive
1698 1332 1766 1371 of-

190 1398 299 1445 ficia,
330 1411 436 1450 quae
467 1411 520 1436 ex
550 1403 699 1436 natura
729 1398 955 1445 dimanant,
988 1398 1163 1449 amplius
1193 1410 1239 1437 se
1269 1398 1456 1449 produnt,
1490 1404 1530 1437 et
1561 1397 1769 1437 diversam

190 1462 271 1500 vim
302 1461 552 1500 exserentia.
582 1461 805 1501 Enimvero
836 1461 931 1513 quid
962 1460 1175 1500 rationalis
1196 1468 1345 1500 natura
1365 1461 1444 1500 sert
1466 1462 1584 1513 plene
1606 1475 1765 1501 cumu-

188 1527 352 1579 lateque
381 1526 550 1578 intelligi
580 1526 730 1578 nequit,
762 1526 840 1565 nisi
870 1527 1016 1565 eadem
1047 1526 1331 1566 consideretur
1359 1540 1442 1565 non
1465 1533 1585 1578 prout
1606 1528 1646 1566 in
1686 1527 1770 1567 sin-

188 1592 298 1645 gulis
326 1593 483 1631 relucet
503 1592 749 1639 hominibus,
772 1593 844 1631 sed
867 1598 985 1643 prout
1006 1593 1046 1630 in
1068 1605 1212 1631 eorum
1234 1593 1531 1632 communitate
1569 1606 1614 1632 se
1635 1594 1770 1645 expli-

191 1664 270 1698 cat.
302 1659 350 1697 In
379 1659 460 1697 hac
492 1657 602 1696 enim
634 1658 850 1697 dumtaxat
880 1658 968 1697 eius
1000 1658 1061 1698 vis
1083 1690 1091 1705 ,
1127 1658 1358 1710 pulcritudo
1381 1691 1389 1707 ‚
1420 1659 1618 1711 perfectio
1645 1691 1653 1707 ,
1684 1664 1771 1698 tota

190 1729 347 1774 quanta
363 1728 437 1769 est,
460 1721 723 1773 splendescit;
742 1735 835 1760 cum
853 1727 1000 1761 contra
1022 1722 1189 1760 nonnisi
1207 1722 1428 1761 admodum
1451 1721 1622 1761 definita
1644 1729 1769 1775 atque

189 1787 372 1827 arctibus
400 1787 596 1827 limitibus
626 1787 944 1839 circumscripta
971 1787 1013 1826 in
1043 1787 1190 1840 quovis
1219 1788 1387 1827 homine
1425 1801 1614 1828 seorsum
1645 1802 1772 1841 appa-

189 1859 290 1893 reat.
322 1853 438 1899 Quae
466 1866 561 1892 cum
591 1852 648 1891 ita
677 1852 771 1900 sint,
802 1865 924 1892 nemo
948 1866 1031 1891 non
1053 1852 1161 1892 videt
1183 1853 1324 1905 quanti
1347 1853 1543 1892 momenti
1564 1854 1616 1892 sit
1638 1867 1771 1906 argu-

189 1922 385 1963 mentum,
417 1916 524 1968 quod
555 1916 835 1968 aggredimur.
873 1917 928 1956 Ut
958 1922 1096 1955 autem
1127 1917 1297 1956 claritas
1328 1924 1367 1957 et
1398 1918 1497 1957 ordo
1531 1918 1769 1958 tractationi

189 1979 309 2028 adsit,
340 1979 478 2032 aliqua
507 1980 619 2019 velut
646 1979 688 2018 in
718 1980 922 2020 vestibulo
953 1980 1164 2020 innuenda
1193 1988 1300 2029 sunt,
1331 1995 1438 2035 quae
1468 1982 1680 2022 notionem
1712 1996 1775 2022 so-

191 2045 353 2086 cietatis
382 2045 613 2097 generatim
643 2045 864 2097 attingunt.

244 2109 420 2150 Nomine
449 2107 662 2148 societatis
695 2109 797 2147 nihil
827 2109 938 2148 aliud
967 2109 1221 2161 intelligitur,
1253 2110 1332 2150 nisi
1363 2112 1534 2150 Ittnctc'o
1550 2113 1769 2164 plurium,

192 2175 237 2214 in
267 2187 529 2214 communem
555 2174 686 2224 finem
715 2175 805 2214 suis
836 2174 999 2214 actibus
1029 2175 1384 2228 conspirantiam.
1427 2178 1537 2217 Hinc
1586 2186 1769 2231 apparet,

193 2251 286 2277 eam
316 2237 482 2277 nonnisi
513 2251 566 2277 ex
595 2237 757 2277 entibus
788 2238 948 2278 ratione
978 2239 1176 2290 praeditis
1206 2240 1446 2280 coalescere
1479 2255 1612 2293 posse.
1647 2244 1767 2284 Haec

191 2303 300 2342 enim
330 2303 441 2342 entia
471 2303 688 2343 dumtaxat.
708 2304 834 2343 finem
855 2304 1182 2356 apprehendunt,
1204 2312 1370 2358 propter
1390 2321 1512 2359 quem
1535 2309 1767 2357 sociantur,

191 2371 315 2418 atque
344 2366 397 2404 ad
416 2366 551 2418 ipsum
572 2366 840 2407 obtinendum
861 2381 945 2407 una
965 2381 1058 2407 cum
1080 2369 1174 2408 aliis
1195 2370 1384 2410 actiones
1401 2384 1500 2411 suas
1521 2372 1764 2414 collineant.

192 2432 257 2471 Ad
287 2431 328 2470 id
357 2431 466 2471 enim
496 2432 715 2484 requiritur
740 2440 824 2473 tum
855 2433 917 2472 vis
947 2434 1256 2486 intelligentiae,
1289 2442 1373 2475 tum
1404 2437 1535 2477 libera
1555 2439 1766 2488 voluntas,

195 2510 302 2550 quae
330 2497 479 2537 intuitu
507 2498 604 2538 finis
633 2498 850 2539 inferiores
881 2499 1102 2540 facultates
1133 2501 1185 2540 ad
1207 2502 1328 2540 simul
1350 2504 1606 2554 operandum
1628 2505 1770 2558 impel-

194 2560 275 2609 lat;
307 2574 412 2613 quas
433 2574 536 2601 sane
558 2561 599 2600 in
621 2561 905 2602 animantibus
925 2563 1087 2603 ratione
1109 2565 1315 2605 destitutis
1337 2566 1474 2606 locum
1496 2581 1581 2608 non
1602 2570 1778 2610 habent.

195 2626 315 2666 Haec
328 2627 452 2675 enim,
469 2627 593 2666 etiam
617 2641 711 2667 cum
727 2628 768 2666 in
789 2642 917 2668 unum
939 2634 1090 2669 coeunt
1111 2636 1152 2670 et
1171 2629 1264 2670 ideo
1292 2630 1504 2673 iunctione
1536 2635 1674 2687 aliqua
1690 2650 1778 2675 ma-

191 2688 329 2728 teriali
350 2695 555 2739 tenentur,
576 2691 730 2730 bonum
752 2705 985 2740 commune,
1007 2692 1124 2732 cuius
1145 2693 1249 2733 socii
1270 2695 1495 2748 participes
1518 2698 1778 2751 efficiantur,

194 2766 458 2807 nequaquam
489 2755 742 2808 percipiunt3
773 2758 847 2798 sed
875 2758 928 2797 ad
948 2758 1070 2797 simul
1099 2758 1308 2810 agendum
1324 2759 1525 2802 instinctu
1556 2762 1776 2802 dumtaxat

195 2822 370 2857 naturae
399 2818 597 2858 feruntur.
618 2821 749 2860 Immo
780 2821 970 2862 homines
987 2822 1124 2870 etiam,
1142 2823 1219 2863 etsi
1240 2823 1495 2865 coniunctim
1525 2826 1678 2866 alicubi
1700 2840 1778 2866 ex-

196 2887 306 2922 stent
327 2888 366 2923 et
385 2884 539 2936 singuli
559 2885 667 2926 idem
688 2887 843 2927 bonum
865 2888 968 2929 forte
990 2896 1213 2941 procurent
1232 2904 1241 2939 ;
1267 2895 1406 2931 tamen
1427 2891 1670 2931 societatem
1691 2893 1778 2931 nul-
