1970 3203
504 225 640 253 CAPUT
670 228 724 254 111.
754 227 807 254 DE
837 227 993 256 SOCIALI
1022 228 1207 257 UNITATE
1235 229 1426 258 GENTIUM
1670 220 1746 260 365

180 303 399 356 imprimit3
425 309 510 344 tum
540 303 636 355 quia
664 304 920 357 singularum
948 306 1131 358 gentium
1170 306 1449 359 cognitionem
1490 321 1541 348 ac
1571 308 1741 360 proinde

180 369 383 410 desideria
412 369 585 418 dilatat,
615 376 700 409 tum
730 371 825 424 quia
854 372 1063 412 sociarum
1093 372 1372 414 additamento
1403 375 1512 415 vires
1541 375 1741 428 cuiusque

174 435 311 486 gentis
343 433 628 486 maximopere
656 436 884 489 amplificat
912 442 952 477 et
981 437 1165 477 omnium
1195 452 1446 480 concursum
1476 453 1526 479 ac
1557 446 1743 481 mutuam

173 498 498 540 aemulationem
529 506 656 541 creat.
686 502 741 542 At
769 508 918 551 motus,
948 509 992 543 ut
1020 502 1062 541 in
1088 503 1252 551 bonum,
1270 504 1330 543 sic
1362 504 1484 544 etiam
1509 505 1551 545 in
1582 507 1736 545 malum

171 566 268 606 ferri
298 571 445 618 potest,
471 580 705 607 concursus
735 581 833 608 vero
862 570 1038 620 plurium
1067 568 1189 609 facile
1218 570 1271 608 ad
1310 571 1530 611 debiliores
1560 573 1734 612 concul-

173 632 330 672 candos
347 639 387 673 et
403 633 674 684 proterendos
690 632 869 673 adducit.
886 635 1116 686 Utrumque
1137 635 1316 675 breviter
1338 637 1610 685 enuncleabo,
1631 642 1740 690 post-

174 710 296 750 quam
326 710 574 749 progressus
604 697 739 738 ideam
769 713 795 738 a
822 699 999 739 fallaciis
1029 700 1300 752 quorumdam
1331 700 1605 742 liberaverim.

228 762 331 801 Sunt
359 776 442 802 non
458 762 591 815 pauci,
609 764 895 815 pantheisticis
917 764 1197 805 deliramentis
1217 765 1376 815 imbuti,
1399 767 1468 819 qui
1490 772 1646 807 motum
1675 784 1744 823 ge-

172 826 348 866 neratim
377 831 594 879 acceptum
633 841 726 867 cum
746 841 971 881 progressu
1004 829 1282 880 confundunt;
1314 844 1376 879 ac,
1406 832 1527 871 modo
1559 834 1742 876 societas

173 895 394 942 utcumque
423 890 638 938 incitetur,
668 906 760 932 eam
790 893 983 946 progredi
1012 893 1276 934 arbitrantur.
1309 896 1440 942 Quem
1485 910 1668 938 errorem
1699 904 1741 939 ut

172 962 376 1005 tueantur,
398 956 509 996 aliud
529 957 752 998 absurdum
774 959 955 1008 addunt,
977 973 1244 1012 progressum
1262 974 1355 1002 esse
1364 964 1568 1014 fatalem,
1590 978 1640 1004 ac
1657 979 1740 1005 non

172 1036 295 1076 posse
323 1035 456 1074 genus
485 1022 725 1073 humanum,
757 1024 836 1064 nisi
870 1024 1185 1078 progrediendo,
1216 1026 1385 1067 moveri.
1416 1029 1471 1067 At
1499 1028 1647 1068 mirum
1677 1035 1741 1071 est

172 1094 424 1142 quantopere
435 1087 476 1127 in
492 1088 572 1128 hoc
588 1103 614 1128 a
630 1089 803 1130 veritate
821 1091 1004 1131 delirent.
1019 1093 1075 1132 Ut
1093 1091 1201 1131 enim
1218 1093 1515 1144 experientiam
1539 1083 1739 1146 omittam,

172 1167 277 1208 quae
306 1159 464 1206 gentes,
484 1158 580 1194 ante
601 1154 867 1203 cultissimas,
888 1161 1033 1208 postea
1053 1156 1093 1195 in
1115 1157 1360 1209 profundam
1380 1159 1620 1200 barbariam
1643 1175 1739 1202 cor-

169 1220 304 1260 ruisse
333 1233 460 1271 saepe
475 1225 673 1269 testatum
706 1226 816 1261 certe
844 1222 956 1261 nulla
986 1228 1080 1261 sunt
1108 1223 1282 1262 rationis
1311 1224 1525 1277 principia,
1557 1239 1663 1278 quae
1683 1227 1734 1266 il—

169 1286 302 1324 lorum
319 1284 552 1337 opinionem
566 1284 742 1336 probatu
759 1285 927 1337 dignam
945 1285 1139 1325 efficiant.
1172 1287 1279 1325 Nam
1296 1287 1385 1336 etsi,
1406 1288 1524 1328 iuxta
1545 1290 1736 1330 Leibnitii

170 1351 491 1405 pronuntiatum,
502 1364 717 1404 praesens,
737 1352 929 1404 genitam
947 1366 996 1392 eae
1014 1355 1243 1402 transacto,
1255 1354 1486 1406 gravidum
1503 1357 1736 1407 estfactum,-

169 1422 308 1457 tamen
336 1416 377 1455 id
405 1430 488 1456 non
516 1416 627 1455 aliud
655 1416 860 1469 importat,
881 1417 961 1456 nisi
983 1431 1135 1457 causas
1156 1423 1194 1457 et
1217 1419 1391 1459 effectus
1417 1419 1522 1458 inter
1552 1432 1598 1459 se
1629 1433 1734 1459 con-

169 1480 277 1522 necti
307 1480 380 1528 sic,
412 1486 454 1520 ut
483 1480 524 1519 hi
555 1493 718 1533 semper
746 1480 787 1519 in
817 1481 977 1520 illarum
1000 1481 1155 1521 viribus
1183 1489 1221 1522 et
1242 1482 1434 1534 proxima
1464 1483 1738 1535 dispositione

169 1548 374 1588 rationem
404 1546 467 1587 sui
496 1546 770 1586 sufficientem
799 1545 1024 1586 inveniant.
1054 1548 1109 1587 At
1138 1561 1399 1601 nequaquam
1428 1548 1625 1597 includit,
1658 1563 1736 1590 nec

167 1612 379 1652 includere
421 1616 581 1664 potest,
620 1611 914 1652 necessitatem
956 1611 1124 1652 assidue
1168 1612 1413 1652 deveniendi
1443 1612 1496 1652 ad
1525 1613 1736 1654 meliorem

168 1682 333 1726 statum,
362 1677 420 1717 ita
449 1683 492 1716 ut
520 1676 699 1716 futurum
729 1683 939 1718 transacto
970 1677 1120 1730 iugiter
1149 1683 1343 1730 praestet.

222 1746 359 1794 Atque
387 1742 429 1781 id
458 1755 602 1782 verum
646 1747 708 1782 est
751 1741 914 1782 etiamsi
943 1755 969 1782 a
996 1742 1185 1782 libertate
1226 1742 1412 1782 humana
1441 1741 1736 1795 cogitationem
1789 1752 1796 1761 ·

168 1808 474 1856 abstrahamus,
505 1822 599 1848 cum
629 1808 782 1861 optime
815 1808 1057 1861 contingere
1086 1808 1218 1860 possit
1247 1815 1290 1848 ut
1319 1822 1474 1849 causae
1503 1809 1627 1848 etiam
1656 1822 1734 1849 ne-

168 1875 381 1916 cessariae
395 1875 570 1928 gignant
590 1876 762 1915 effectus
782 1875 986 1928 prioribus
1008 1875 1246 1923 deteriores,
1267 1875 1355 1915 sive
1372 1882 1537 1926 propter
1558 1876 1733 1915 effoetas

167 1941 292 1990 vires,
315 1954 422 1994 quae
455 1940 699 1981 assiduitate
719 1941 896 1981 actionis
929 1940 1201 1989 debilitentur,
1231 1940 1320 1981 sive
1356 1946 1522 1993 propter
1555 1941 1731 1993 impedi-

167 2013 318 2056 menta,
346 2021 450 2060 quae
480 2007 584 2048 sorte
616 2006 852 2047 efficacitati
887 2006 1125 2046 earumdem
1156 2005 1413 2047 obiiciantur.
1435 2007 1554 2053 Quod
1584 2008 1733 2046 confir-

166 2080 303 2114 matur
332 2073 528 2125 analogia
548 2078 722 2113 naturae
743 2086 980 2126 corporeae,
1004 2073 1045 2112 in
1065 2086 1147 2125 qua
1168 2072 1354 2112 videmus
1378 2086 1447 2112 res
1467 2086 1550 2112 non
1571 2086 1729 2124 paucas

165 2138 302 2179 statim
333 2144 425 2190 post
453 2138 713 2179 nativitatem
730 2150 923 2178 arescere
944 2142 1016 2177 aut
1035 2137 1242 2189 gradatim
1263 2137 1485 2188 corrumpi,
1507 2137 1612 2177 alias
1629 2150 1727 2176 vero

167 2209 383 2256 postquam
414 2203 467 2242 ad
496 2202 774 2243 maturitatem
806 2203 1081 2254 pervenerint,
1113 2201 1309 2242 continuo
1340 2201 1566 2249 tabescere,
1605 2207 1727 2254 atque

167 2268 220 2307 ad
252 2266 563 2306 dissolutionem
594 2273 633 2306 et
660 2272 835 2307 mortem
864 2266 1113 2318 pedetentim
1144 2266 1366 2306 declinare.

220 2329 326 2377 Quid
347 2342 445 2369 vero
463 2330 680 2370 dicendum
697 2330 786 2378 erit,
803 2330 838 2370 si
869 2330 1098 2370 libertatem
1120 2330 1334 2378 addamus,
1355 2343 1448 2383 qua,
1471 2335 1514 2369 ut
1533 2329 1726 2370 homines

164 2396 376 2444 individui,
398 2396 457 2436 sic
479 2396 603 2437 etiarn
624 2397 812 2436 nationes
840 2404 879 2436 et
900 2402 1029 2437 totum
1050 2397 1278 2436 humanum
1307 2410 1440 2449 genus
1470 2395 1687 2436 instruitur
1708 2395 1726 2435 ⁶3

165 2462 358 2502 Profecto
388 2462 584 2502 mutabile
611 2462 825 2514 ingenium
855 2463 976 2502 huius
1006 2476 1172 2511 causae,
1202 2475 1307 2515 quae
1350 2462 1513 2514 proprie
1542 2462 1730 2502 actiones

162 2525 344 2566 hominis
377 2526 442 2565 vel
472 2526 583 2566 elicit
613 2527 677 2566 vel
705 2526 891 2579 imperat,
923 2532 962 2567 et
991 2526 1126 2578 ipsum
1156 2526 1358 2566 influxum
1395 2539 1619 2565 causarum
1648 2539 1727 2565 na-

163 2593 355 2632 turalium
386 2593 674 2645 quadantenus
703 2594 943 2634 moderatur
964 2626 973 2642 ,
1004 2595 1155 2636 thesim
1186 2595 1522 2635 adversariorum
1559 2595 1726 2635 omnino

163 2657 293 2697 diruit.
325 2659 517 2698 Libertas
547 2659 655 2699 enim
685 2661 880 2709 humana,
911 2671 952 2700 ut
982 2660 1023 2699 in
1052 2661 1217 2709 bonum,
1249 2661 1311 2701 sic
1341 2662 1464 2702 etiam
1494 2662 1536 2700 in
1567 2661 1722 2699 malum

163 2722 315 2762 flexilis
344 2730 419 2772 est,
450 2737 512 2772 ac,
542 2724 639 2764 licet
666 2724 794 2764 homo
824 2725 866 2764 vi
895 2730 1069 2765 naturae
1098 2726 1151 2764 ad
1180 2726 1476 2777 perfectionem
1505 2725 1728 2774 ordinetur,

165 2792 304 2826 tamen
333 2788 443 2828 hanc
473 2794 646 2829 naturae
677 2789 978 2830 ordinationem
1009 2804 1135 2842 saepe
1164 2791 1395 2832 frustratur.

219 2854 307 2893 Nec
337 2854 482 2894 melius
511 2856 733 2908 quidquam
762 2856 798 2896 is
827 2857 1066 2908 proficeret,
1098 2857 1190 2910 qui,
1221 2858 1274 2897 ad
1302 2858 1595 2898 necessitatem
1625 2872 1726 2909 pro-

166 2929 338 2969 gressus
366 2919 572 2968 tuendam,
594 2920 777 2960 divinam
798 2920 1099 2972 providentiam
1128 2921 1170 2961 in
1200 2921 1378 2962 medium
1408 2921 1584 2963 afferret.
1605 2922 1723 2963 Haec
