<?xml version="1.0" encoding="UTF-8"?>
<!DOCTYPE html PUBLIC "-//W3C//DTD XHTML 1.0 Transitional//EN"
    "http://www.w3.org/TR/xhtml1/DTD/xhtml1-transitional.dtd">
<html xmlns="http://www.w3.org/1999/xhtml" xml:lang="en" lang="en">
 <head>
  <title>
</title>
<meta http-equiv="Content-Type" content="text/html;charset=utf-8" />
  <meta name='ocr-system' content='tesseract 3.04.00' />
  <meta name='ocr-capabilities' content='ocr_page ocr_carea ocr_par ocr_line ocrx_word'/>
</head>
<body>
  <div class='ocr_page' id='page_1' title='image "./institutioneseth00libe_0223.png"; bbox 0 0 1970 3203; ppageno 0'>
   <div class='ocr_carea' id='block_1_1' title="bbox 531 226 1764 266">
    <p class='ocr_par' dir='ltr' id='par_1_1' title="bbox 531 226 1764 266">
     <span class='ocr_line' id='line_1_1' title="bbox 531 226 1764 266; baseline 0.004 -6"><span class='ocrx_word' id='word_1_1' title='bbox 531 235 667 261; x_wconf 86' lang='lat' dir='ltr'>CAPUT</span> <span class='ocrx_word' id='word_1_2' title='bbox 696 235 734 261; x_wconf 86' lang='lat'>11.</span> <span class='ocrx_word' id='word_1_3' title='bbox 768 235 821 261; x_wconf 80' lang='lat' dir='ltr'>DE</span> <span class='ocrx_word' id='word_1_4' title='bbox 851 235 1079 263; x_wconf 83' lang='lat' dir='ltr'><strong>SOCIETATE</strong></span> <span class='ocrx_word' id='word_1_5' title='bbox 1108 237 1228 264; x_wconf 89' lang='lat' dir='ltr'>ClVILI</span> <span class='ocrx_word' id='word_1_6' title='bbox 1685 226 1764 266; x_wconf 69' lang='lat'>219</span> 
     </span>
    </p>
   </div>
   <div class='ocr_carea' id='block_1_2' title="bbox 195 308 1772 2963">
    <p class='ocr_par' dir='ltr' id='par_1_2' title="bbox 195 308 1766 805">
     <span class='ocr_line' id='line_1_2' title="bbox 196 308 1765 366; baseline 0.001 -15"><span class='ocrx_word' id='word_1_7' title='bbox 196 313 241 351; x_wconf 92' lang='lat' dir='ltr'>Id</span> <span class='ocrx_word' id='word_1_8' title='bbox 272 324 355 351; x_wconf 90' lang='lat' dir='ltr'>non</span> <span class='ocrx_word' id='word_1_9' title='bbox 384 311 506 350; x_wconf 92' lang='lat' dir='ltr'>modo</span> <span class='ocrx_word' id='word_1_10' title='bbox 536 309 639 350; x_wconf 90' lang='lat' dir='ltr'>utile</span> <span class='ocrx_word' id='word_1_11' title='bbox 668 308 741 348; x_wconf 89' lang='lat' dir='ltr'>sed</span> <span class='ocrx_word' id='word_1_12' title='bbox 770 312 1057 351; x_wconf 88' lang='lat' dir='ltr'>necessarium</span> <span class='ocrx_word' id='word_1_13' title='bbox 1087 313 1325 364; x_wconf 88' lang='lat' dir='ltr'>plerumque</span> <span class='ocrx_word' id='word_1_14' title='bbox 1357 318 1430 360; x_wconf 89' lang='lat' dir='ltr'>est,</span> <span class='ocrx_word' id='word_1_15' title='bbox 1462 313 1514 352; x_wconf 90' lang='lat' dir='ltr'>ad</span> <span class='ocrx_word' id='word_1_16' title='bbox 1544 326 1631 353; x_wconf 90' lang='lat' dir='ltr'>rem</span> <span class='ocrx_word' id='word_1_17' title='bbox 1662 327 1765 366; x_wconf 88' lang='lat' dir='ltr'>gra-</span> 
     </span>
     <span class='ocr_line' id='line_1_3' title="bbox 200 374 1763 428; baseline 0.003 -13"><span class='ocrx_word' id='word_1_18' title='bbox 200 375 326 416; x_wconf 83' lang='lat' dir='ltr'>datim</span> <span class='ocrx_word' id='word_1_19' title='bbox 339 375 663 416; x_wconf 81' lang='lat' dir='ltr'>examinandam</span> <span class='ocrx_word' id='word_1_20' title='bbox 681 382 720 415; x_wconf 92' lang='lat' dir='ltr'>et</span> <span class='ocrx_word' id='word_1_21' title='bbox 731 374 965 416; x_wconf 90' lang='lat' dir='ltr'>distinctius</span> <span class='ocrx_word' id='word_1_22' title='bbox 978 377 1423 428; x_wconf 80' lang='lat' dir='ltr'>comprehendendam.</span> <span class='ocrx_word' id='word_1_23' title='bbox 1435 379 1489 417; x_wconf 87' lang='lat' dir='ltr'>At</span> <span class='ocrx_word' id='word_1_24' title='bbox 1506 378 1668 418; x_wconf 87' lang='lat' dir='ltr'>fabellis</span> <span class='ocrx_word' id='word_1_25' title='bbox 1689 380 1763 419; x_wconf 88' lang='lat' dir='ltr'>de-</span> 
     </span>
     <span class='ocr_line' id='line_1_4' title="bbox 201 440 1766 494; baseline 0.004 -15"><span class='ocrx_word' id='word_1_26' title='bbox 201 441 346 480; x_wconf 89' lang='lat' dir='ltr'>lectari</span> <span class='ocrx_word' id='word_1_27' title='bbox 375 447 415 480; x_wconf 90' lang='lat' dir='ltr'>et</span> <span class='ocrx_word' id='word_1_28' title='bbox 435 440 750 493; x_wconf 80' lang='lat' dir='ltr'>hypothesibus,</span> <span class='ocrx_word' id='word_1_29' title='bbox 771 455 873 494; x_wconf 83' lang='lat' dir='ltr'>quae</span> <span class='ocrx_word' id='word_1_30' title='bbox 903 442 1217 482; x_wconf 87' lang='lat' dir='ltr'>commenticiae</span> <span class='ocrx_word' id='word_1_31' title='bbox 1239 456 1411 494; x_wconf 88' lang='lat' dir='ltr'>prorsus</span> <span class='ocrx_word' id='word_1_32' title='bbox 1431 443 1526 492; x_wconf 78' lang='lat' dir='ltr'>sint3</span> <span class='ocrx_word' id='word_1_33' title='bbox 1548 444 1588 482; x_wconf 89' lang='lat' dir='ltr'>id</span> <span class='ocrx_word' id='word_1_34' title='bbox 1615 445 1766 484; x_wconf 88' lang='lat' dir='ltr'>nedum</span> 
     </span>
     <span class='ocr_line' id='line_1_5' title="bbox 195 507 1766 560; baseline 0.002 -14"><span class='ocrx_word' id='word_1_35' title='bbox 195 507 416 548; x_wconf 86' lang='lat' dir='ltr'>utilitatem</span> <span class='ocrx_word' id='word_1_36' title='bbox 447 508 602 547; x_wconf 90' lang='lat' dir='ltr'>nullam</span> <span class='ocrx_word' id='word_1_37' title='bbox 632 509 753 547; x_wconf 79' lang='lat' dir='ltr'>affert</span> <span class='ocrx_word' id='word_1_38' title='bbox 773 540 782 555; x_wconf 90' lang='lat'>,</span> <span class='ocrx_word' id='word_1_39' title='bbox 814 509 887 547; x_wconf 90' lang='lat' dir='ltr'>sed</span> <span class='ocrx_word' id='word_1_40' title='bbox 917 507 1065 547; x_wconf 81' lang='lat' dir='ltr'>obiecti</span> <span class='ocrx_word' id='word_1_41' title='bbox 1100 508 1418 560; x_wconf 77' lang='lat' dir='ltr'>vestigationem</span> <span class='ocrx_word' id='word_1_42' title='bbox 1451 509 1695 558; x_wconf 86' lang='lat' dir='ltr'>confundit,</span> <span class='ocrx_word' id='word_1_43' title='bbox 1726 517 1766 549; x_wconf 90' lang='lat' dir='ltr'>et</span> 
     </span>
     <span class='ocr_line' id='line_1_6' title="bbox 197 571 1764 624; baseline 0.001 -12"><span class='ocrx_word' id='word_1_44' title='bbox 197 572 317 612; x_wconf 86' lang='lat' dir='ltr'>falsis</span> <span class='ocrx_word' id='word_1_45' title='bbox 347 571 605 612; x_wconf 83' lang='lat' dir='ltr'>illationibus</span> <span class='ocrx_word' id='word_1_46' title='bbox 620 571 762 624; x_wconf 86' lang='lat' dir='ltr'>pandit</span> <span class='ocrx_word' id='word_1_47' title='bbox 778 572 946 611; x_wconf 87' lang='lat' dir='ltr'>aditum.</span> <span class='ocrx_word' id='word_1_48' title='bbox 978 574 1125 612; x_wconf 85' lang='lat' dir='ltr'>Restat</span> <span class='ocrx_word' id='word_1_49' title='bbox 1141 572 1266 624; x_wconf 90' lang='lat' dir='ltr'>igitur</span> <span class='ocrx_word' id='word_1_50' title='bbox 1287 582 1330 613; x_wconf 91' lang='lat' dir='ltr'>ut</span> <span class='ocrx_word' id='word_1_51' title='bbox 1351 587 1493 614; x_wconf 83' lang='lat' dir='ltr'>eorum</span> <span class='ocrx_word' id='word_1_52' title='bbox 1514 575 1764 614; x_wconf 90' lang='lat' dir='ltr'>sententiam</span> 
     </span>
     <span class='ocr_line' id='line_1_7' title="bbox 196 636 1764 690; baseline 0 -14"><span class='ocrx_word' id='word_1_53' title='bbox 196 636 496 685; x_wconf 80' lang='lat' dir='ltr'>discutiamus,</span> <span class='ocrx_word' id='word_1_54' title='bbox 526 637 594 688; x_wconf 91' lang='lat' dir='ltr'>qui</span> <span class='ocrx_word' id='word_1_55' title='bbox 624 639 781 676; x_wconf 70' lang='lat' dir='ltr'>statam</span> <span class='ocrx_word' id='word_1_56' title='bbox 821 636 933 674; x_wconf 91' lang='lat' dir='ltr'>illum</span> <span class='ocrx_word' id='word_1_57' title='bbox 966 640 1150 676; x_wconf 77' lang='lat' dir='ltr'>naturae</span> <span class='ocrx_word' id='word_1_58' title='bbox 1187 650 1271 675; x_wconf 92' lang='lat' dir='ltr'>non</span> <span class='ocrx_word' id='word_1_59' title='bbox 1302 644 1513 690; x_wconf 86' lang='lat' dir='ltr'>tamquam</span> <span class='ocrx_word' id='word_1_60' title='bbox 1543 639 1734 678; x_wconf 88' lang='lat' dir='ltr'>fictitium</span> <span class='ocrx_word' id='word_1_61' title='bbox 1756 671 1764 686; x_wconf 91' lang='lat'>,</span> 
     </span>
     <span class='ocr_line' id='line_1_8' title="bbox 199 699 1765 753; baseline 0 -13"><span class='ocrx_word' id='word_1_62' title='bbox 199 701 274 748; x_wconf 85' lang='lat' dir='ltr'>sed</span> <span class='ocrx_word' id='word_1_63' title='bbox 302 706 513 753; x_wconf 85' lang='lat' dir='ltr'>tamquam</span> <span class='ocrx_word' id='word_1_64' title='bbox 530 701 773 740; x_wconf 88' lang='lat' dir='ltr'>historicum</span> <span class='ocrx_word' id='word_1_65' title='bbox 789 701 1046 752; x_wconf 90' lang='lat' dir='ltr'>protulerunt</span> <span class='ocrx_word' id='word_1_66' title='bbox 1062 714 1070 748; x_wconf 85' lang='lat'>;</span> <span class='ocrx_word' id='word_1_67' title='bbox 1088 699 1194 740; x_wconf 88' lang='lat' dir='ltr'>inter</span> <span class='ocrx_word' id='word_1_68' title='bbox 1209 713 1313 752; x_wconf 89' lang='lat' dir='ltr'>quos</span> <span class='ocrx_word' id='word_1_69' title='bbox 1338 702 1560 753; x_wconf 79' lang='lat' dir='ltr'>praecipue</span> <span class='ocrx_word' id='word_1_70' title='bbox 1580 702 1765 741; x_wconf 86' lang='lat' dir='ltr'>eminent</span> 
     </span>
     <span class='ocr_line' id='line_1_9' title="bbox 201 765 751 805; baseline -0.002 -1"><span class='ocrx_word' id='word_1_71' title='bbox 201 765 375 804; x_wconf 92' lang='lat' dir='ltr'>Hobbes</span> <span class='ocrx_word' id='word_1_72' title='bbox 397 772 436 805; x_wconf 89' lang='lat' dir='ltr'>et</span> <span class='ocrx_word' id='word_1_73' title='bbox 456 765 688 804; x_wconf 87' lang='lat' dir='ltr'>Rousseau.</span> <span class='ocrx_word' id='word_1_74' title='bbox 738 779 751 791; x_wconf 61' lang='lat' dir='ltr'><strong><em>s</em></strong></span> 
     </span>
    </p>

    <p class='ocr_par' dir='ltr' id='par_1_3' title="bbox 195 830 1772 2123">
     <span class='ocr_line' id='line_1_10' title="bbox 249 830 1763 885; baseline 0.001 -16"><span class='ocrx_word' id='word_1_75' title='bbox 249 832 311 870; x_wconf 68' lang='lat'>3⁶2.</span> <span class='ocrx_word' id='word_1_76' title='bbox 328 832 522 882; x_wconf 82' lang='lat' dir='ltr'>systema</span> <span class='ocrx_word' id='word_1_77' title='bbox 537 831 740 871; x_wconf 88' lang='lat' dir='ltr'>Hobbesii.</span> <span class='ocrx_word' id='word_1_78' title='bbox 759 831 903 882; x_wconf 89' lang='lat' dir='ltr'>Itaque</span> <span class='ocrx_word' id='word_1_79' title='bbox 922 830 1105 878; x_wconf 88' lang='lat' dir='ltr'>Hobbes,</span> <span class='ocrx_word' id='word_1_80' title='bbox 1122 831 1302 871; x_wconf 89' lang='lat' dir='ltr'>recentis</span> <span class='ocrx_word' id='word_1_81' title='bbox 1323 831 1606 871; x_wconf 87' lang='lat' dir='ltr'>materialismi</span> <span class='ocrx_word' id='word_1_82' title='bbox 1628 832 1763 885; x_wconf 88' lang='lat' dir='ltr'>signi-</span> 
     </span>
     <span class='ocr_line' id='line_1_11' title="bbox 196 892 1763 947; baseline 0.001 -13"><span class='ocrx_word' id='word_1_83' title='bbox 196 894 267 942; x_wconf 79' lang='lat' dir='ltr'>fer,</span> <span class='ocrx_word' id='word_1_84' title='bbox 290 895 518 934; x_wconf 86' lang='lat' dir='ltr'>humanam</span> <span class='ocrx_word' id='word_1_85' title='bbox 534 892 777 934; x_wconf 86' lang='lat' dir='ltr'>societatem</span> <span class='ocrx_word' id='word_1_86' title='bbox 794 895 854 934; x_wconf 88' lang='lat' dir='ltr'>sic</span> <span class='ocrx_word' id='word_1_87' title='bbox 870 894 1063 946; x_wconf 81' lang='lat' dir='ltr'>explicat,</span> <span class='ocrx_word' id='word_1_88' title='bbox 1080 901 1124 933; x_wconf 87' lang='lat' dir='ltr'>ut</span> <span class='ocrx_word' id='word_1_89' title='bbox 1143 894 1195 933; x_wconf 88' lang='lat' dir='ltr'>ab</span> <span class='ocrx_word' id='word_1_90' title='bbox 1215 895 1401 946; x_wconf 89' lang='lat' dir='ltr'>egoismo</span> <span class='ocrx_word' id='word_1_91' title='bbox 1420 902 1459 934; x_wconf 91' lang='lat' dir='ltr'>et</span> <span class='ocrx_word' id='word_1_92' title='bbox 1480 896 1639 934; x_wconf 84' lang='lat' dir='ltr'>effrena</span> <span class='ocrx_word' id='word_1_93' title='bbox 1656 909 1763 947; x_wconf 87' lang='lat' dir='ltr'>qua-</span> 
     </span>
     <span class='ocr_line' id='line_1_12' title="bbox 198 960 1767 1013; baseline 0.001 -14"><span class='ocrx_word' id='word_1_94' title='bbox 198 960 292 1000; x_wconf 90' lang='lat' dir='ltr'>dam</span> <span class='ocrx_word' id='word_1_95' title='bbox 313 960 481 1000; x_wconf 89' lang='lat' dir='ltr'>licentia</span> <span class='ocrx_word' id='word_1_96' title='bbox 495 960 719 1000; x_wconf 80' lang='lat' dir='ltr'>exordiens</span> <span class='ocrx_word' id='word_1_97' title='bbox 738 960 780 998; x_wconf 94' lang='lat' dir='ltr'>in</span> <span class='ocrx_word' id='word_1_98' title='bbox 802 960 1054 1000; x_wconf 88' lang='lat' dir='ltr'>teterrimum</span> <span class='ocrx_word' id='word_1_99' title='bbox 1077 960 1373 1013; x_wconf 89' lang='lat' dir='ltr'>despotismum</span> <span class='ocrx_word' id='word_1_100' title='bbox 1394 961 1668 1002; x_wconf 88' lang='lat' dir='ltr'>sanciendum</span> <span class='ocrx_word' id='word_1_101' title='bbox 1691 969 1767 1002; x_wconf 88' lang='lat' dir='ltr'>ter-</span> 
     </span>
     <span class='ocr_line' id='line_1_13' title="bbox 195 1024 1764 1066; baseline 0 -3"><span class='ocrx_word' id='word_1_102' title='bbox 195 1024 336 1064; x_wconf 89' lang='lat' dir='ltr'>minet.</span> <span class='ocrx_word' id='word_1_103' title='bbox 354 1024 516 1064; x_wconf 88' lang='lat' dir='ltr'>Etenim</span> <span class='ocrx_word' id='word_1_104' title='bbox 529 1037 624 1063; x_wconf 90' lang='lat' dir='ltr'>cum</span> <span class='ocrx_word' id='word_1_105' title='bbox 641 1037 785 1064; x_wconf 85' lang='lat' dir='ltr'>omnes</span> <span class='ocrx_word' id='word_1_106' title='bbox 803 1024 982 1064; x_wconf 87' lang='lat' dir='ltr'>hominis</span> <span class='ocrx_word' id='word_1_107' title='bbox 999 1025 1219 1064; x_wconf 83' lang='lat' dir='ltr'>facultates</span> <span class='ocrx_word' id='word_1_108' title='bbox 1233 1025 1285 1063; x_wconf 90' lang='lat' dir='ltr'>ad</span> <span class='ocrx_word' id='word_1_109' title='bbox 1296 1025 1430 1064; x_wconf 87' lang='lat' dir='ltr'>solam</span> <span class='ocrx_word' id='word_1_110' title='bbox 1447 1024 1764 1066; x_wconf 85' lang='lat' dir='ltr'>sensibilitatem</span> 
     </span>
     <span class='ocr_line' id='line_1_14' title="bbox 195 1088 1767 1141; baseline 0 -13"><span class='ocrx_word' id='word_1_111' title='bbox 195 1088 443 1137; x_wconf 85' lang='lat' dir='ltr'>reduxisset,</span> <span class='ocrx_word' id='word_1_112' title='bbox 459 1088 627 1141; x_wconf 90' lang='lat' dir='ltr'>eiusque</span> <span class='ocrx_word' id='word_1_113' title='bbox 648 1090 773 1128; x_wconf 85' lang='lat' dir='ltr'>finem</span> <span class='ocrx_word' id='word_1_114' title='bbox 795 1097 835 1129; x_wconf 91' lang='lat' dir='ltr'>et</span> <span class='ocrx_word' id='word_1_115' title='bbox 857 1102 1046 1128; x_wconf 89' lang='lat' dir='ltr'>normam</span> <span class='ocrx_word' id='word_1_116' title='bbox 1067 1089 1264 1141; x_wconf 90' lang='lat' dir='ltr'>operandi</span> <span class='ocrx_word' id='word_1_117' title='bbox 1284 1089 1325 1127; x_wconf 92' lang='lat' dir='ltr'>in</span> <span class='ocrx_word' id='word_1_118' title='bbox 1337 1090 1548 1141; x_wconf 81' lang='lat' dir='ltr'>voluptate</span> <span class='ocrx_word' id='word_1_119' title='bbox 1565 1090 1767 1129; x_wconf 86' lang='lat' dir='ltr'>collocas-</span> 
     </span>
     <span class='ocr_line' id='line_1_15' title="bbox 197 1154 1768 1207; baseline -0.001 -12"><span class='ocrx_word' id='word_1_120' title='bbox 197 1161 272 1203; x_wconf 80' lang='lat' dir='ltr'>set;</span> <span class='ocrx_word' id='word_1_121' title='bbox 289 1168 424 1207; x_wconf 87' lang='lat' dir='ltr'>genus</span> <span class='ocrx_word' id='word_1_122' title='bbox 444 1155 670 1194; x_wconf 89' lang='lat' dir='ltr'>humanum</span> <span class='ocrx_word' id='word_1_123' title='bbox 691 1169 716 1194; x_wconf 91' lang='lat' dir='ltr'>a</span> <span class='ocrx_word' id='word_1_124' title='bbox 742 1155 851 1194; x_wconf 86' lang='lat' dir='ltr'>civili</span> <span class='ocrx_word' id='word_1_125' title='bbox 873 1154 1083 1194; x_wconf 87' lang='lat' dir='ltr'>consortio</span> <span class='ocrx_word' id='word_1_126' title='bbox 1099 1168 1171 1206; x_wconf 87' lang='lat' dir='ltr'>per</span> <span class='ocrx_word' id='word_1_127' title='bbox 1191 1167 1237 1193; x_wconf 89' lang='lat' dir='ltr'>se</span> <span class='ocrx_word' id='word_1_128' title='bbox 1254 1155 1434 1194; x_wconf 90' lang='lat' dir='ltr'>alienum</span> <span class='ocrx_word' id='word_1_129' title='bbox 1459 1167 1552 1194; x_wconf 90' lang='lat' dir='ltr'>esse</span> <span class='ocrx_word' id='word_1_130' title='bbox 1574 1155 1768 1206; x_wconf 87' lang='lat' dir='ltr'>opinatus</span> 
     </span>
     <span class='ocr_line' id='line_1_16' title="bbox 196 1220 1766 1273; baseline -0.001 -13"><span class='ocrx_word' id='word_1_131' title='bbox 196 1228 271 1260; x_wconf 87' lang='lat' dir='ltr'>est.</span> <span class='ocrx_word' id='word_1_132' title='bbox 293 1222 427 1272; x_wconf 86' lang='lat' dir='ltr'>Atque</span> <span class='ocrx_word' id='word_1_133' title='bbox 447 1221 487 1259; x_wconf 91' lang='lat' dir='ltr'>id</span> <span class='ocrx_word' id='word_1_134' title='bbox 508 1221 611 1260; x_wconf 85' lang='lat' dir='ltr'>satis</span> <span class='ocrx_word' id='word_1_135' title='bbox 633 1226 920 1273; x_wconf 76' lang='lat' dir='ltr'>congruenter.</span> <span class='ocrx_word' id='word_1_136' title='bbox 953 1222 1059 1260; x_wconf 86' lang='lat' dir='ltr'>Nam</span> <span class='ocrx_word' id='word_1_137' title='bbox 1086 1221 1291 1272; x_wconf 75' lang='lat' dir='ltr'>voluptas,</span> <span class='ocrx_word' id='word_1_138' title='bbox 1322 1234 1417 1259; x_wconf 91' lang='lat' dir='ltr'>cum</span> <span class='ocrx_word' id='word_1_139' title='bbox 1445 1220 1692 1273; x_wconf 90' lang='lat' dir='ltr'>principium</span> <span class='ocrx_word' id='word_1_140' title='bbox 1714 1220 1766 1259; x_wconf 87' lang='lat' dir='ltr'>sit</span> 
     </span>
     <span class='ocr_line' id='line_1_17' title="bbox 197 1283 1764 1336; baseline -0.001 -13"><span class='ocrx_word' id='word_1_141' title='bbox 197 1297 310 1324; x_wconf 88' lang='lat' dir='ltr'>mere</span> <span class='ocrx_word' id='word_1_142' title='bbox 331 1285 618 1332; x_wconf 88' lang='lat' dir='ltr'>subiectivum,</span> <span class='ocrx_word' id='word_1_143' title='bbox 639 1285 803 1324; x_wconf 91' lang='lat' dir='ltr'>nonnisi</span> <span class='ocrx_word' id='word_1_144' title='bbox 824 1285 876 1324; x_wconf 88' lang='lat' dir='ltr'>ad</span> <span class='ocrx_word' id='word_1_145' title='bbox 897 1285 1129 1336; x_wconf 88' lang='lat' dir='ltr'>egoismum</span> <span class='ocrx_word' id='word_1_146' title='bbox 1154 1283 1333 1323; x_wconf 81' lang='lat' dir='ltr'>adducit:</span> <span class='ocrx_word' id='word_1_147' title='bbox 1355 1284 1423 1335; x_wconf 90' lang='lat' dir='ltr'>qui</span> <span class='ocrx_word' id='word_1_148' title='bbox 1450 1294 1564 1324; x_wconf 88' lang='lat' dir='ltr'>certe</span> <span class='ocrx_word' id='word_1_149' title='bbox 1594 1291 1764 1323; x_wconf 88' lang='lat' dir='ltr'>mutuae</span> 
     </span>
     <span class='ocr_line' id='line_1_18' title="bbox 197 1349 1767 1402; baseline 0 -14"><span class='ocrx_word' id='word_1_150' title='bbox 197 1349 526 1398; x_wconf 88' lang='lat' dir='ltr'>benevolentiae,</span> <span class='ocrx_word' id='word_1_151' title='bbox 558 1358 681 1402; x_wconf 88' lang='lat' dir='ltr'>atque</span> <span class='ocrx_word' id='word_1_152' title='bbox 711 1350 802 1389; x_wconf 87' lang='lat' dir='ltr'>ideo</span> <span class='ocrx_word' id='word_1_153' title='bbox 825 1350 1057 1397; x_wconf 88' lang='lat' dir='ltr'>socialitati,</span> <span class='ocrx_word' id='word_1_154' title='bbox 1079 1350 1318 1390; x_wconf 86' lang='lat' dir='ltr'>reluctatur.</span> <span class='ocrx_word' id='word_1_155' title='bbox 1350 1350 1488 1396; x_wconf 83' lang='lat' dir='ltr'>Quare</span> <span class='ocrx_word' id='word_1_156' title='bbox 1511 1358 1665 1389; x_wconf 87' lang='lat' dir='ltr'>statum</span> <span class='ocrx_word' id='word_1_157' title='bbox 1687 1362 1767 1388; x_wconf 89' lang='lat' dir='ltr'>na-</span> 
     </span>
     <span class='ocr_line' id='line_1_19' title="bbox 205 1414 1769 1467; baseline 0 -13"><span class='ocrx_word' id='word_1_158' title='bbox 205 1416 380 1454; x_wconf 87' lang='lat' dir='ltr'>turalem</span> <span class='ocrx_word' id='word_1_159' title='bbox 410 1415 592 1454; x_wconf 88' lang='lat' dir='ltr'>hominis</span> <span class='ocrx_word' id='word_1_160' title='bbox 623 1415 665 1454; x_wconf 90' lang='lat' dir='ltr'>in</span> <span class='ocrx_word' id='word_1_161' title='bbox 689 1428 737 1454; x_wconf 94' lang='lat' dir='ltr'>eo</span> <span class='ocrx_word' id='word_1_162' title='bbox 757 1415 936 1467; x_wconf 90' lang='lat' dir='ltr'>positum</span> <span class='ocrx_word' id='word_1_163' title='bbox 958 1414 1086 1454; x_wconf 83' lang='lat' dir='ltr'>fuisse</span> <span class='ocrx_word' id='word_1_164' title='bbox 1108 1414 1222 1462; x_wconf 85' lang='lat' dir='ltr'>dixit,</span> <span class='ocrx_word' id='word_1_165' title='bbox 1244 1420 1287 1453; x_wconf 89' lang='lat' dir='ltr'>ut</span> <span class='ocrx_word' id='word_1_166' title='bbox 1307 1427 1527 1466; x_wconf 78' lang='lat' dir='ltr'>segregem</span> <span class='ocrx_word' id='word_1_167' title='bbox 1551 1414 1676 1453; x_wconf 85' lang='lat' dir='ltr'>vitam</span> <span class='ocrx_word' id='word_1_168' title='bbox 1703 1416 1769 1454; x_wconf 91' lang='lat' dir='ltr'>de-</span> 
     </span>
     <span class='ocr_line' id='line_1_20' title="bbox 199 1480 1769 1534; baseline -0.001 -13"><span class='ocrx_word' id='word_1_169' title='bbox 199 1487 330 1533; x_wconf 84' lang='lat' dir='ltr'>geret,</span> <span class='ocrx_word' id='word_1_170' title='bbox 353 1482 395 1520; x_wconf 91' lang='lat' dir='ltr'>in</span> <span class='ocrx_word' id='word_1_171' title='bbox 417 1495 499 1534; x_wconf 89' lang='lat' dir='ltr'>qua</span> <span class='ocrx_word' id='word_1_172' title='bbox 515 1481 708 1520; x_wconf 89' lang='lat' dir='ltr'>omnibus</span> <span class='ocrx_word' id='word_1_173' title='bbox 728 1482 780 1520; x_wconf 88' lang='lat' dir='ltr'>ad</span> <span class='ocrx_word' id='word_1_174' title='bbox 797 1481 936 1521; x_wconf 90' lang='lat' dir='ltr'>omnia</span> <span class='ocrx_word' id='word_1_175' title='bbox 956 1481 1020 1520; x_wconf 88' lang='lat' dir='ltr'>ius</span> <span class='ocrx_word' id='word_1_176' title='bbox 1037 1480 1204 1528; x_wconf 87' lang='lat' dir='ltr'>inesset,</span> <span class='ocrx_word' id='word_1_177' title='bbox 1225 1487 1264 1519; x_wconf 94' lang='lat' dir='ltr'>et</span> <span class='ocrx_word' id='word_1_178' title='bbox 1284 1481 1375 1520; x_wconf 85' lang='lat' dir='ltr'>sola</span> <span class='ocrx_word' id='word_1_179' title='bbox 1396 1481 1435 1518; x_wconf 79' lang='lat' dir='ltr'>vi</span> <span class='ocrx_word' id='word_1_180' title='bbox 1458 1481 1549 1520; x_wconf 90' lang='lat' dir='ltr'>lites</span> <span class='ocrx_word' id='word_1_181' title='bbox 1573 1481 1769 1520; x_wconf 88' lang='lat' dir='ltr'>termina-</span> 
     </span>
     <span class='ocr_line' id='line_1_21' title="bbox 197 1546 1767 1598; baseline 0.001 -14"><span class='ocrx_word' id='word_1_182' title='bbox 197 1552 353 1586; x_wconf 82' lang='lat' dir='ltr'>rentur.</span> <span class='ocrx_word' id='word_1_183' title='bbox 376 1546 538 1585; x_wconf 82' lang='lat' dir='ltr'>Exinde</span> <span class='ocrx_word' id='word_1_184' title='bbox 557 1546 599 1584; x_wconf 92' lang='lat' dir='ltr'>in</span> <span class='ocrx_word' id='word_1_185' title='bbox 620 1546 795 1598; x_wconf 89' lang='lat' dir='ltr'>singulis</span> <span class='ocrx_word' id='word_1_186' title='bbox 816 1547 1072 1587; x_wconf 85' lang='lat' dir='ltr'>voluntatem</span> <span class='ocrx_word' id='word_1_187' title='bbox 1093 1546 1271 1585; x_wconf 91' lang='lat' dir='ltr'>nocendi</span> <span class='ocrx_word' id='word_1_188' title='bbox 1293 1546 1386 1585; x_wconf 87' lang='lat' dir='ltr'>aliis</span> <span class='ocrx_word' id='word_1_189' title='bbox 1402 1554 1441 1585; x_wconf 89' lang='lat' dir='ltr'>et</span> <span class='ocrx_word' id='word_1_190' title='bbox 1462 1552 1650 1585; x_wconf 89' lang='lat' dir='ltr'>mutuum</span> <span class='ocrx_word' id='word_1_191' title='bbox 1672 1547 1767 1585; x_wconf 91' lang='lat' dir='ltr'>bel—</span> 
     </span>
     <span class='ocr_line' id='line_1_22' title="bbox 202 1611 1764 1665; baseline 0.001 -16"><span class='ocrx_word' id='word_1_192' title='bbox 202 1611 286 1650; x_wconf 91' lang='lat' dir='ltr'>lum</span> <span class='ocrx_word' id='word_1_193' title='bbox 308 1611 552 1659; x_wconf 72' lang='lat' dir='ltr'>effloruisse,</span> <span class='ocrx_word' id='word_1_194' title='bbox 574 1611 683 1663; x_wconf 92' lang='lat' dir='ltr'>quod</span> <span class='ocrx_word' id='word_1_195' title='bbox 703 1624 926 1664; x_wconf 86' lang='lat' dir='ltr'>numquam</span> <span class='ocrx_word' id='word_1_196' title='bbox 944 1611 1051 1650; x_wconf 90' lang='lat' dir='ltr'>finiri</span> <span class='ocrx_word' id='word_1_197' title='bbox 1072 1619 1246 1663; x_wconf 87' lang='lat' dir='ltr'>poterat,</span> <span class='ocrx_word' id='word_1_198' title='bbox 1273 1619 1440 1664; x_wconf 88' lang='lat' dir='ltr'>propter</span> <span class='ocrx_word' id='word_1_199' title='bbox 1469 1614 1764 1665; x_wconf 86' lang='lat' dir='ltr'>aequalitatem</span> 
     </span>
     <span class='ocr_line' id='line_1_23' title="bbox 198 1675 1769 1730; baseline 0.002 -16"><span class='ocrx_word' id='word_1_200' title='bbox 198 1675 363 1724; x_wconf 86' lang='lat' dir='ltr'>virium,</span> <span class='ocrx_word' id='word_1_201' title='bbox 385 1675 532 1728; x_wconf 89' lang='lat' dir='ltr'>quibus</span> <span class='ocrx_word' id='word_1_202' title='bbox 554 1676 756 1730; x_wconf 83' lang='lat' dir='ltr'>bellantes</span> <span class='ocrx_word' id='word_1_203' title='bbox 777 1676 1101 1716; x_wconf 86' lang='lat' dir='ltr'>instruebantur.</span> <span class='ocrx_word' id='word_1_204' title='bbox 1119 1678 1239 1724; x_wconf 90' lang='lat' dir='ltr'>Nam,</span> <span class='ocrx_word' id='word_1_205' title='bbox 1263 1678 1339 1716; x_wconf 90' lang='lat' dir='ltr'>etsi</span> <span class='ocrx_word' id='word_1_206' title='bbox 1359 1678 1484 1729; x_wconf 89' lang='lat' dir='ltr'>aliqui</span> <span class='ocrx_word' id='word_1_207' title='bbox 1505 1685 1769 1728; x_wconf 87' lang='lat' dir='ltr'>praestarent</span> 
     </span>
     <span class='ocr_line' id='line_1_24' title="bbox 203 1741 1769 1794; baseline 0 -13"><span class='ocrx_word' id='word_1_208' title='bbox 203 1741 365 1789; x_wconf 78' lang='lat' dir='ltr'>robore3</span> <span class='ocrx_word' id='word_1_209' title='bbox 382 1749 523 1781; x_wconf 89' lang='lat' dir='ltr'>tamen</span> <span class='ocrx_word' id='word_1_210' title='bbox 538 1741 620 1788; x_wconf 84' lang='lat' dir='ltr'>alii,</span> <span class='ocrx_word' id='word_1_211' title='bbox 633 1741 699 1794; x_wconf 85' lang='lat' dir='ltr'>qui</span> <span class='ocrx_word' id='word_1_212' title='bbox 720 1741 1013 1781; x_wconf 82' lang='lat' dir='ltr'>imbecilliores</span> <span class='ocrx_word' id='word_1_213' title='bbox 1035 1747 1165 1789; x_wconf 89' lang='lat' dir='ltr'>erant,</span> <span class='ocrx_word' id='word_1_214' title='bbox 1180 1741 1430 1782; x_wconf 91' lang='lat' dir='ltr'>debilitatem</span> <span class='ocrx_word' id='word_1_215' title='bbox 1450 1742 1596 1781; x_wconf 88' lang='lat' dir='ltr'>virium</span> <span class='ocrx_word' id='word_1_216' title='bbox 1613 1743 1769 1782; x_wconf 88' lang='lat' dir='ltr'>astutia</span> 
     </span>
     <span class='ocr_line' id='line_1_25' title="bbox 198 1808 1769 1859; baseline -0.001 -11"><span class='ocrx_word' id='word_1_217' title='bbox 198 1815 240 1848; x_wconf 86' lang='lat' dir='ltr'>et</span> <span class='ocrx_word' id='word_1_218' title='bbox 260 1808 404 1847; x_wconf 82' lang='lat' dir='ltr'>fraude</span> <span class='ocrx_word' id='word_1_219' title='bbox 426 1808 766 1859; x_wconf 89' lang='lat' dir='ltr'>compensabant.</span> <span class='ocrx_word' id='word_1_220' title='bbox 785 1808 894 1846; x_wconf 89' lang='lat' dir='ltr'>Hinc</span> <span class='ocrx_word' id='word_1_221' title='bbox 915 1808 1150 1847; x_wconf 88' lang='lat' dir='ltr'>communis</span> <span class='ocrx_word' id='word_1_222' title='bbox 1171 1808 1293 1847; x_wconf 87' lang='lat' dir='ltr'>timor</span> <span class='ocrx_word' id='word_1_223' title='bbox 1312 1808 1502 1847; x_wconf 88' lang='lat' dir='ltr'>homines</span> <span class='ocrx_word' id='word_1_224' title='bbox 1524 1808 1697 1847; x_wconf 86' lang='lat' dir='ltr'>adduxit</span> <span class='ocrx_word' id='word_1_225' title='bbox 1715 1810 1769 1847; x_wconf 89' lang='lat' dir='ltr'>ad</span> 
     </span>
     <span class='ocr_line' id='line_1_26' title="bbox 198 1872 1772 1925; baseline 0 -12"><span class='ocrx_word' id='word_1_226' title='bbox 198 1873 443 1913; x_wconf 86' lang='lat' dir='ltr'>societatem</span> <span class='ocrx_word' id='word_1_227' title='bbox 463 1872 570 1912; x_wconf 88' lang='lat' dir='ltr'>inter</span> <span class='ocrx_word' id='word_1_228' title='bbox 591 1885 635 1912; x_wconf 91' lang='lat' dir='ltr'>se</span> <span class='ocrx_word' id='word_1_229' title='bbox 655 1872 963 1924; x_wconf 88' lang='lat' dir='ltr'>paciscendam:</span> <span class='ocrx_word' id='word_1_230' title='bbox 988 1880 1031 1911; x_wconf 89' lang='lat' dir='ltr'>ut</span> <span class='ocrx_word' id='word_1_231' title='bbox 1054 1873 1127 1919; x_wconf 91' lang='lat' dir='ltr'>sic,</span> <span class='ocrx_word' id='word_1_232' title='bbox 1149 1880 1260 1912; x_wconf 90' lang='lat' dir='ltr'>metu</span> <span class='ocrx_word' id='word_1_233' title='bbox 1281 1873 1457 1912; x_wconf 88' lang='lat' dir='ltr'>aliorum</span> <span class='ocrx_word' id='word_1_234' title='bbox 1478 1873 1653 1920; x_wconf 88' lang='lat' dir='ltr'>liberati,</span> <span class='ocrx_word' id='word_1_235' title='bbox 1675 1887 1772 1925; x_wconf 88' lang='lat' dir='ltr'>pro-</span> 
     </span>
     <span class='ocr_line' id='line_1_27' title="bbox 201 1938 1764 1991; baseline 0 -14"><span class='ocrx_word' id='word_1_236' title='bbox 201 1939 318 1991; x_wconf 86' lang='lat' dir='ltr'>priae</span> <span class='ocrx_word' id='word_1_237' title='bbox 338 1938 648 1979; x_wconf 60' lang='lat' dir='ltr'>conservationi</span> <span class='ocrx_word' id='word_1_238' title='bbox 669 1939 933 1978; x_wconf 84' lang='lat' dir='ltr'>consulerent</span> <span class='ocrx_word' id='word_1_239' title='bbox 958 1946 997 1977; x_wconf 91' lang='lat' dir='ltr'>et</span> <span class='ocrx_word' id='word_1_240' title='bbox 1018 1939 1152 1990; x_wconf 89' lang='lat' dir='ltr'>captis</span> <span class='ocrx_word' id='word_1_241' title='bbox 1176 1939 1299 1977; x_wconf 89' lang='lat' dir='ltr'>rebus</span> <span class='ocrx_word' id='word_1_242' title='bbox 1320 1939 1496 1990; x_wconf 89' lang='lat' dir='ltr'>pacifice</span> <span class='ocrx_word' id='word_1_243' title='bbox 1518 1938 1764 1978; x_wconf 84' lang='lat' dir='ltr'>fruerentur.</span> 
     </span>
     <span class='ocr_line' id='line_1_28' title="bbox 200 2001 1763 2055; baseline 0 -13"><span class='ocrx_word' id='word_1_244' title='bbox 200 2004 317 2042; x_wconf 87' lang='lat' dir='ltr'>Statu</span> <span class='ocrx_word' id='word_1_245' title='bbox 347 2003 471 2052; x_wconf 85' lang='lat' dir='ltr'>igitur</span> <span class='ocrx_word' id='word_1_246' title='bbox 500 2001 679 2041; x_wconf 83' lang='lat' dir='ltr'>naturali</span> <span class='ocrx_word' id='word_1_247' title='bbox 709 2002 865 2049; x_wconf 90' lang='lat' dir='ltr'>relicto,</span> <span class='ocrx_word' id='word_1_248' title='bbox 887 2002 1050 2041; x_wconf 86' lang='lat' dir='ltr'>civilem</span> <span class='ocrx_word' id='word_1_249' title='bbox 1072 2002 1355 2050; x_wconf 87' lang='lat' dir='ltr'>condiderunt,</span> <span class='ocrx_word' id='word_1_250' title='bbox 1387 2015 1439 2041; x_wconf 81' lang='lat' dir='ltr'>ex</span> <span class='ocrx_word' id='word_1_251' title='bbox 1469 2016 1548 2054; x_wconf 90' lang='lat' dir='ltr'>quo</span> <span class='ocrx_word' id='word_1_252' title='bbox 1580 2004 1644 2042; x_wconf 86' lang='lat' dir='ltr'>ius</span> <span class='ocrx_word' id='word_1_253' title='bbox 1666 2017 1763 2055; x_wconf 86' lang='lat' dir='ltr'>pro-</span> 
     </span>
     <span class='ocr_line' id='line_1_29' title="bbox 201 2066 1546 2123; baseline 0.001 -18"><span class='ocrx_word' id='word_1_254' title='bbox 201 2066 391 2118; x_wconf 89' lang='lat' dir='ltr'>prietatis</span> <span class='ocrx_word' id='word_1_255' title='bbox 421 2072 460 2105; x_wconf 88' lang='lat' dir='ltr'>et</span> <span class='ocrx_word' id='word_1_256' title='bbox 489 2074 628 2105; x_wconf 86' lang='lat' dir='ltr'>cetera</span> <span class='ocrx_word' id='word_1_257' title='bbox 656 2066 748 2105; x_wconf 78' lang='lat' dir='ltr'>iura</span> <span class='ocrx_word' id='word_1_258' title='bbox 777 2074 900 2118; x_wconf 89' lang='lat' dir='ltr'>atque</span> <span class='ocrx_word' id='word_1_259' title='bbox 930 2074 1072 2105; x_wconf 87' lang='lat' dir='ltr'>mutua</span> <span class='ocrx_word' id='word_1_260' title='bbox 1102 2066 1242 2123; x_wconf 86' lang='lat' dir='ltr'>officia</span> <span class='ocrx_word' id='word_1_261' title='bbox 1270 2067 1546 2106; x_wconf 87' lang='lat' dir='ltr'>dimanarunt.</span> 
     </span>
    </p>

    <p class='ocr_par' dir='ltr' id='par_1_4' title="bbox 197 2131 1768 2963">
     <span class='ocr_line' id='line_1_30' title="bbox 253 2131 1761 2184; baseline 0.001 -13"><span class='ocrx_word' id='word_1_262' title='bbox 253 2131 335 2171; x_wconf 87' lang='lat' dir='ltr'>Sed</span> <span class='ocrx_word' id='word_1_263' title='bbox 356 2131 500 2171; x_wconf 89' lang='lat' dir='ltr'>initum</span> <span class='ocrx_word' id='word_1_264' title='bbox 519 2138 686 2183; x_wconf 89' lang='lat' dir='ltr'>pactum</span> <span class='ocrx_word' id='word_1_265' title='bbox 708 2139 746 2171; x_wconf 87' lang='lat' dir='ltr'>et</span> <span class='ocrx_word' id='word_1_266' title='bbox 762 2132 844 2171; x_wconf 89' lang='lat' dir='ltr'>alia</span> <span class='ocrx_word' id='word_1_267' title='bbox 859 2132 980 2180; x_wconf 86' lang='lat' dir='ltr'>bona,</span> <span class='ocrx_word' id='word_1_268' title='bbox 997 2145 1103 2184; x_wconf 88' lang='lat' dir='ltr'>quae</span> <span class='ocrx_word' id='word_1_269' title='bbox 1123 2132 1218 2172; x_wconf 88' lang='lat' dir='ltr'>inde</span> <span class='ocrx_word' id='word_1_270' title='bbox 1235 2133 1474 2183; x_wconf 88' lang='lat' dir='ltr'>procedunt,</span> <span class='ocrx_word' id='word_1_271' title='bbox 1497 2133 1657 2173; x_wconf 82' lang='lat' dir='ltr'>servari</span> <span class='ocrx_word' id='word_1_272' title='bbox 1680 2147 1761 2173; x_wconf 89' lang='lat' dir='ltr'>non</span> 
     </span>
     <span class='ocr_line' id='line_1_31' title="bbox 199 2195 1768 2249; baseline 0.001 -15"><span class='ocrx_word' id='word_1_273' title='bbox 199 2202 383 2247; x_wconf 91' lang='lat' dir='ltr'>possent,</span> <span class='ocrx_word' id='word_1_274' title='bbox 396 2195 476 2235; x_wconf 88' lang='lat' dir='ltr'>nisi</span> <span class='ocrx_word' id='word_1_275' title='bbox 498 2196 666 2235; x_wconf 90' lang='lat' dir='ltr'>adesset</span> <span class='ocrx_word' id='word_1_276' title='bbox 682 2203 868 2248; x_wconf 90' lang='lat' dir='ltr'>potestas</span> <span class='ocrx_word' id='word_1_277' title='bbox 884 2195 1033 2248; x_wconf 89' lang='lat' dir='ltr'>aliqua,</span> <span class='ocrx_word' id='word_1_278' title='bbox 1046 2209 1152 2248; x_wconf 89' lang='lat' dir='ltr'>quae</span> <span class='ocrx_word' id='word_1_279' title='bbox 1163 2197 1395 2248; x_wconf 89' lang='lat' dir='ltr'>egoismum</span> <span class='ocrx_word' id='word_1_280' title='bbox 1414 2197 1671 2249; x_wconf 86' lang='lat' dir='ltr'>singulorum</span> <span class='ocrx_word' id='word_1_281' title='bbox 1689 2197 1768 2236; x_wconf 90' lang='lat' dir='ltr'>sibi</span> 
     </span>
     <span class='ocr_line' id='line_1_32' title="bbox 203 2262 1766 2316; baseline 0.001 -15"><span class='ocrx_word' id='word_1_282' title='bbox 203 2262 398 2302; x_wconf 87' lang='lat' dir='ltr'>subderet</span> <span class='ocrx_word' id='word_1_283' title='bbox 414 2268 453 2301; x_wconf 91' lang='lat' dir='ltr'>et</span> <span class='ocrx_word' id='word_1_284' title='bbox 467 2262 509 2301; x_wconf 91' lang='lat' dir='ltr'>in</span> <span class='ocrx_word' id='word_1_285' title='bbox 526 2262 663 2301; x_wconf 85' lang='lat' dir='ltr'>officio</span> <span class='ocrx_word' id='word_1_286' title='bbox 676 2263 919 2303; x_wconf 87' lang='lat' dir='ltr'>contineret.</span> <span class='ocrx_word' id='word_1_287' title='bbox 932 2263 1048 2309; x_wconf 88' lang='lat' dir='ltr'>Quae</span> <span class='ocrx_word' id='word_1_288' title='bbox 1065 2275 1167 2302; x_wconf 87' lang='lat' dir='ltr'>sane</span> <span class='ocrx_word' id='word_1_289' title='bbox 1177 2269 1363 2314; x_wconf 87' lang='lat' dir='ltr'>potestas</span> <span class='ocrx_word' id='word_1_290' title='bbox 1378 2264 1564 2302; x_wconf 80' lang='lat' dir='ltr'>maxima</span> <span class='ocrx_word' id='word_1_291' title='bbox 1581 2263 1633 2302; x_wconf 91' lang='lat' dir='ltr'>sit</span> <span class='ocrx_word' id='word_1_292' title='bbox 1650 2277 1766 2316; x_wconf 91' lang='lat' dir='ltr'>opor-</span> 
     </span>
     <span class='ocr_line' id='line_1_33' title="bbox 198 2327 1764 2381; baseline 0.001 -16"><span class='ocrx_word' id='word_1_293' title='bbox 198 2334 256 2366; x_wconf 88' lang='lat' dir='ltr'>tet</span> <span class='ocrx_word' id='word_1_294' title='bbox 274 2334 313 2366; x_wconf 89' lang='lat' dir='ltr'>et</span> <span class='ocrx_word' id='word_1_295' title='bbox 333 2327 460 2366; x_wconf 89' lang='lat' dir='ltr'>limite</span> <span class='ocrx_word' id='word_1_296' title='bbox 482 2340 644 2375; x_wconf 87' lang='lat' dir='ltr'>carens;</span> <span class='ocrx_word' id='word_1_297' title='bbox 668 2328 883 2380; x_wconf 87' lang='lat' dir='ltr'>siquidem,</span> <span class='ocrx_word' id='word_1_298' title='bbox 904 2341 984 2381; x_wconf 89' lang='lat' dir='ltr'>quo</span> <span class='ocrx_word' id='word_1_299' title='bbox 1006 2327 1150 2367; x_wconf 86' lang='lat' dir='ltr'>fortior</span> <span class='ocrx_word' id='word_1_300' title='bbox 1171 2328 1257 2375; x_wconf 91' lang='lat' dir='ltr'>erit,</span> <span class='ocrx_word' id='word_1_301' title='bbox 1275 2341 1323 2367; x_wconf 92' lang='lat' dir='ltr'>eo</span> <span class='ocrx_word' id='word_1_302' title='bbox 1346 2328 1498 2367; x_wconf 88' lang='lat' dir='ltr'>certior</span> <span class='ocrx_word' id='word_1_303' title='bbox 1516 2335 1555 2367; x_wconf 89' lang='lat' dir='ltr'>et</span> <span class='ocrx_word' id='word_1_304' title='bbox 1576 2329 1764 2369; x_wconf 88' lang='lat' dir='ltr'>stabilior</span> 
     </span>
     <span class='ocr_line' id='line_1_34' title="bbox 200 2391 1763 2447; baseline 0.003 -17"><span class='ocrx_word' id='word_1_305' title='bbox 200 2391 435 2431; x_wconf 87' lang='lat' dir='ltr'>communis</span> <span class='ocrx_word' id='word_1_306' title='bbox 445 2393 720 2444; x_wconf 86' lang='lat' dir='ltr'>tranquillitas</span> <span class='ocrx_word' id='word_1_307' title='bbox 732 2394 1115 2444; x_wconf 82' lang='lat' dir='ltr'>permanebitHinc</span> <span class='ocrx_word' id='word_1_308' title='bbox 1132 2403 1299 2434; x_wconf 85' lang='lat' dir='ltr'>enatum</span> <span class='ocrx_word' id='word_1_309' title='bbox 1313 2408 1519 2434; x_wconf 89' lang='lat' dir='ltr'>summum</span> <span class='ocrx_word' id='word_1_310' title='bbox 1532 2394 1763 2447; x_wconf 84' lang='lat' dir='ltr'>imperium;</span> 
     </span>
     <span class='ocr_line' id='line_1_35' title="bbox 198 2456 1767 2510; baseline 0.003 -15"><span class='ocrx_word' id='word_1_311' title='bbox 198 2457 472 2496; x_wconf 85' lang='lat' dir='ltr'>translatione</span> <span class='ocrx_word' id='word_1_312' title='bbox 493 2456 604 2496; x_wconf 84' lang='lat' dir='ltr'>facta</span> <span class='ocrx_word' id='word_1_313' title='bbox 624 2471 649 2496; x_wconf 90' lang='lat' dir='ltr'>a</span> <span class='ocrx_word' id='word_1_314' title='bbox 668 2458 844 2510; x_wconf 88' lang='lat' dir='ltr'>singulis</span> <span class='ocrx_word' id='word_1_315' title='bbox 871 2458 1031 2498; x_wconf 86' lang='lat' dir='ltr'>civibus</span> <span class='ocrx_word' id='word_1_316' title='bbox 1056 2458 1239 2498; x_wconf 86' lang='lat' dir='ltr'>omnium</span> <span class='ocrx_word' id='word_1_317' title='bbox 1279 2459 1536 2510; x_wconf 88' lang='lat' dir='ltr'>propriarum</span> <span class='ocrx_word' id='word_1_318' title='bbox 1558 2459 1705 2499; x_wconf 87' lang='lat' dir='ltr'>virium</span> <span class='ocrx_word' id='word_1_319' title='bbox 1728 2467 1767 2499; x_wconf 89' lang='lat' dir='ltr'>et</span> 
     </span>
     <span class='ocr_line' id='line_1_36' title="bbox 198 2523 1762 2576; baseline 0.002 -14"><span class='ocrx_word' id='word_1_320' title='bbox 198 2524 456 2563; x_wconf 84' lang='lat' dir='ltr'>voluntatum</span> <span class='ocrx_word' id='word_1_321' title='bbox 474 2530 513 2563; x_wconf 91' lang='lat' dir='ltr'>et</span> <span class='ocrx_word' id='word_1_322' title='bbox 532 2523 680 2562; x_wconf 88' lang='lat' dir='ltr'>iurium</span> <span class='ocrx_word' id='word_1_323' title='bbox 710 2524 751 2562; x_wconf 87' lang='lat' dir='ltr'>in</span> <span class='ocrx_word' id='word_1_324' title='bbox 772 2537 994 2576; x_wconf 88' lang='lat' dir='ltr'>personam</span> <span class='ocrx_word' id='word_1_325' title='bbox 1015 2525 1195 2576; x_wconf 89' lang='lat' dir='ltr'>aliquam</span> <span class='ocrx_word' id='word_1_326' title='bbox 1212 2524 1429 2576; x_wconf 85' lang='lat' dir='ltr'>physicam</span> <span class='ocrx_word' id='word_1_327' title='bbox 1452 2526 1517 2565; x_wconf 88' lang='lat' dir='ltr'>vel</span> <span class='ocrx_word' id='word_1_328' title='bbox 1548 2527 1762 2572; x_wconf 83' lang='lat' dir='ltr'>moralem,</span> 
     </span>
     <span class='ocr_line' id='line_1_37' title="bbox 197 2587 1764 2641; baseline 0.001 -16"><span class='ocrx_word' id='word_1_329' title='bbox 197 2600 304 2638; x_wconf 88' lang='lat' dir='ltr'>quae</span> <span class='ocrx_word' id='word_1_330' title='bbox 325 2587 367 2625; x_wconf 93' lang='lat' dir='ltr'>in</span> <span class='ocrx_word' id='word_1_331' title='bbox 387 2593 550 2626; x_wconf 90' lang='lat' dir='ltr'>ceteros</span> <span class='ocrx_word' id='word_1_332' title='bbox 571 2587 866 2627; x_wconf 88' lang='lat' dir='ltr'>dominaretur.</span> <span class='ocrx_word' id='word_1_333' title='bbox 888 2589 1039 2635; x_wconf 82' lang='lat' dir='ltr'>Quare,</span> <span class='ocrx_word' id='word_1_334' title='bbox 1060 2588 1195 2628; x_wconf 87' lang='lat' dir='ltr'>civilis</span> <span class='ocrx_word' id='word_1_335' title='bbox 1216 2595 1400 2640; x_wconf 86' lang='lat' dir='ltr'>potestas</span> <span class='ocrx_word' id='word_1_336' title='bbox 1425 2603 1498 2641; x_wconf 87' lang='lat' dir='ltr'>per</span> <span class='ocrx_word' id='word_1_337' title='bbox 1529 2603 1574 2629; x_wconf 91' lang='lat' dir='ltr'>se</span> <span class='ocrx_word' id='word_1_338' title='bbox 1596 2589 1764 2629; x_wconf 87' lang='lat' dir='ltr'>omnino</span> 
     </span>
     <span class='ocr_line' id='line_1_38' title="bbox 197 2650 1764 2703; baseline 0 -13"><span class='ocrx_word' id='word_1_339' title='bbox 197 2650 393 2690; x_wconf 82' lang='lat' dir='ltr'>absoluta</span> <span class='ocrx_word' id='word_1_340' title='bbox 413 2656 477 2690; x_wconf 89' lang='lat' dir='ltr'>est</span> <span class='ocrx_word' id='word_1_341' title='bbox 496 2664 546 2690; x_wconf 87' lang='lat' dir='ltr'>ac</span> <span class='ocrx_word' id='word_1_342' title='bbox 567 2651 690 2690; x_wconf 89' lang='lat' dir='ltr'>nullis</span> <span class='ocrx_word' id='word_1_343' title='bbox 711 2651 911 2692; x_wconf 87' lang='lat' dir='ltr'>adstricta</span> <span class='ocrx_word' id='word_1_344' title='bbox 930 2651 1104 2703; x_wconf 87' lang='lat' dir='ltr'>legibus,</span> <span class='ocrx_word' id='word_1_345' title='bbox 1128 2651 1246 2703; x_wconf 89' lang='lat' dir='ltr'>eique</span> <span class='ocrx_word' id='word_1_346' title='bbox 1268 2652 1470 2693; x_wconf 87' lang='lat' dir='ltr'>obsistere</span> <span class='ocrx_word' id='word_1_347' title='bbox 1492 2652 1643 2692; x_wconf 88' lang='lat' dir='ltr'>subditi</span> <span class='ocrx_word' id='word_1_348' title='bbox 1665 2665 1764 2690; x_wconf 84' lang='lat' dir='ltr'>nun-</span> 
     </span>
     <span class='ocr_line' id='line_1_39' title="bbox 199 2715 1766 2768; baseline 0.001 -17"><span class='ocrx_word' id='word_1_349' title='bbox 199 2726 320 2764; x_wconf 90' lang='lat' dir='ltr'>quam</span> <span class='ocrx_word' id='word_1_350' title='bbox 344 2722 530 2766; x_wconf 89' lang='lat' dir='ltr'>possunt,</span> <span class='ocrx_word' id='word_1_351' title='bbox 552 2715 715 2754; x_wconf 88' lang='lat' dir='ltr'>etiamsi</span> <span class='ocrx_word' id='word_1_352' title='bbox 736 2715 889 2755; x_wconf 89' lang='lat' dir='ltr'>iniusta</span> <span class='ocrx_word' id='word_1_353' title='bbox 910 2723 950 2756; x_wconf 92' lang='lat' dir='ltr'>et</span> <span class='ocrx_word' id='word_1_354' title='bbox 968 2715 1096 2768; x_wconf 90' lang='lat' dir='ltr'>impia</span> <span class='ocrx_word' id='word_1_355' title='bbox 1116 2715 1359 2768; x_wconf 88' lang='lat' dir='ltr'>praecipiat.</span> <span class='ocrx_word' id='word_1_356' title='bbox 1380 2717 1510 2756; x_wconf 90' lang='lat' dir='ltr'>Immo</span> <span class='ocrx_word' id='word_1_357' title='bbox 1532 2715 1692 2755; x_wconf 81' lang='lat' dir='ltr'>civibus</span> <span class='ocrx_word' id='word_1_358' title='bbox 1714 2728 1766 2753; x_wconf 90' lang='lat' dir='ltr'>ne</span> 
     </span>
     <span class='ocr_line' id='line_1_40' title="bbox 201 2778 1767 2834; baseline 0.002 -19"><span class='ocrx_word' id='word_1_359' title='bbox 201 2778 443 2819; x_wconf 87' lang='lat' dir='ltr'>examinare</span> <span class='ocrx_word' id='word_1_360' title='bbox 464 2780 627 2832; x_wconf 91' lang='lat' dir='ltr'>quidem</span> <span class='ocrx_word' id='word_1_361' title='bbox 648 2780 711 2820; x_wconf 85' lang='lat' dir='ltr'>fas</span> <span class='ocrx_word' id='word_1_362' title='bbox 733 2789 809 2829; x_wconf 90' lang='lat' dir='ltr'>est,</span> <span class='ocrx_word' id='word_1_363' title='bbox 830 2788 966 2820; x_wconf 90' lang='lat' dir='ltr'>utrum</span> <span class='ocrx_word' id='word_1_364' title='bbox 996 2780 1110 2820; x_wconf 90' lang='lat' dir='ltr'>licita</span> <span class='ocrx_word' id='word_1_365' title='bbox 1129 2781 1210 2820; x_wconf 85' lang='lat' dir='ltr'>sint</span> <span class='ocrx_word' id='word_1_366' title='bbox 1236 2794 1368 2821; x_wconf 92' lang='lat' dir='ltr'>necne</span> <span class='ocrx_word' id='word_1_367' title='bbox 1386 2814 1396 2830; x_wconf 90' lang='lat'><em>‚</em></span> <span class='ocrx_word' id='word_1_368' title='bbox 1423 2795 1528 2834; x_wconf 91' lang='lat' dir='ltr'>quae</span> <span class='ocrx_word' id='word_1_369' title='bbox 1549 2794 1575 2820; x_wconf 89' lang='lat' dir='ltr'>a</span> <span class='ocrx_word' id='word_1_370' title='bbox 1595 2780 1767 2832; x_wconf 90' lang='lat' dir='ltr'>politica</span> 
     </span>
     <span class='ocr_line' id='line_1_41' title="bbox 201 2843 1768 2898; baseline 0.001 -18"><span class='ocrx_word' id='word_1_371' title='bbox 201 2843 446 2883; x_wconf 89' lang='lat' dir='ltr'>auctoritate</span> <span class='ocrx_word' id='word_1_372' title='bbox 466 2845 667 2894; x_wconf 87' lang='lat' dir='ltr'>iubentur;</span> <span class='ocrx_word' id='word_1_373' title='bbox 684 2854 723 2886; x_wconf 92' lang='lat' dir='ltr'>et</span> <span class='ocrx_word' id='word_1_374' title='bbox 740 2846 1014 2886; x_wconf 88' lang='lat' dir='ltr'>obedientiam</span> <span class='ocrx_word' id='word_1_375' title='bbox 1030 2846 1087 2885; x_wconf 92' lang='lat' dir='ltr'>illi</span> <span class='ocrx_word' id='word_1_376' title='bbox 1104 2846 1324 2898; x_wconf 87' lang='lat' dir='ltr'>denegare,</span> <span class='ocrx_word' id='word_1_377' title='bbox 1341 2846 1383 2885; x_wconf 89' lang='lat' dir='ltr'>in</span> <span class='ocrx_word' id='word_1_378' title='bbox 1399 2846 1522 2885; x_wconf 83' lang='lat' dir='ltr'>rebus</span> <span class='ocrx_word' id='word_1_379' title='bbox 1540 2845 1663 2885; x_wconf 89' lang='lat' dir='ltr'>etiam</span> <span class='ocrx_word' id='word_1_380' title='bbox 1684 2858 1768 2883; x_wconf 91' lang='lat' dir='ltr'>ma-</span> 
     </span>
     <span class='ocr_line' id='line_1_42' title="bbox 199 2907 1767 2963; baseline 0.002 -18"><span class='ocrx_word' id='word_1_381' title='bbox 199 2907 346 2947; x_wconf 82' lang='lat' dir='ltr'>nifeste</span> <span class='ocrx_word' id='word_1_382' title='bbox 363 2907 607 2958; x_wconf 89' lang='lat' dir='ltr'>inhonestis,</span> <span class='ocrx_word' id='word_1_383' title='bbox 624 2911 861 2951; x_wconf 88' lang='lat' dir='ltr'>habendum</span> <span class='ocrx_word' id='word_1_384' title='bbox 877 2911 954 2952; x_wconf 90' lang='lat' dir='ltr'>erit</span> <span class='ocrx_word' id='word_1_385' title='bbox 970 2919 1177 2963; x_wconf 88' lang='lat' dir='ltr'>tamquam</span> <span class='ocrx_word' id='word_1_386' title='bbox 1190 2911 1485 2963; x_wconf 90' lang='lat' dir='ltr'>perduellionis</span> <span class='ocrx_word' id='word_1_387' title='bbox 1500 2909 1669 2949; x_wconf 86' lang='lat' dir='ltr'>crimen.</span> <span class='ocrx_word' id='word_1_388' title='bbox 1690 2911 1767 2948; x_wconf 93' lang='lat' dir='ltr'>De-</span> 
     </span>
    </p>
   </div>
  </div>
 </body>
</html>
