1970 3203
449 238 584 265 CAPUT
612 237 649 263 11.
678 236 732 264 DE
760 237 928 265 OFFlcus
957 238 1128 265 HoMiNts
1158 238 1270 265 ERGA
1298 238 1416 265 DEUM
1630 227 1709 266 139

160 313 395 367 categorias
423 318 682 361 revocentur,
715 314 875 366 tempus
904 319 943 354 et
973 314 1184 366 spatiumg
1215 314 1427 367 utriusque
1457 319 1617 367 partem
1651 315 1720 354 ali-

159 393 280 434 quam
313 380 401 418 Deo
430 377 588 418 sacrari
617 383 801 430 oportet,
830 379 871 417 in
903 378 1019 418 cuius
1049 379 1200 420 ditione
1229 385 1292 419 est
1320 386 1471 419 natura
1500 381 1710 429 universa,

157 449 198 484 et
239 443 291 482 ad
320 442 439 482 cuius
480 442 749 494 praeconium
789 455 1023 482 consonare
1062 443 1210 492 debet,
1239 450 1327 484 tota
1364 451 1600 497 quantaque
1640 451 1716 492 est,

153 521 291 551 rerum
321 514 558 548 creatarum
588 520 825 560 compages.

659 639 897 679 Solvuntur
932 639 1217 691 difficultates.

207 772 269 812 37.
303 770 431 811 Ohiz'c.
463 773 492 810 I.
524 770 690 823 Inquies
720 784 814 810 cum
844 770 1084 819 Thomasio,
1108 772 1241 811 Deum
1271 778 1442 812 externo
1465 775 1578 813 cultu
1597 773 1717 812 mini-

159 846 225 873 me
247 847 383 886 egere.
406 834 576 882 Deinde,
592 833 624 873 si
643 834 749 874 inter
767 833 958 873 homines
978 840 1151 873 externa
1169 834 1291 887 signa
1314 836 1583 884 laudationis,
1604 837 1719 876 invo-

159 897 336 937 cationis
365 899 593 950 gratiarum
624 897 825 946 actionis,
855 897 1098 937 necessaria
1135 905 1255 947 sunt;
1286 899 1326 938 id
1356 906 1578 952 propterea
1607 912 1717 947 esse,

156 961 256 1013 quia
284 961 476 1001 homines
504 962 690 1001 internos
720 962 845 1001 animi
875 976 1024 1003 sensus
1061 975 1141 1002 non
1180 964 1481 1016 introspiciunt.
1512 966 1567 1003 At
1601 965 1714 1004 Deus

161 1030 369 1064 scrutator
398 1030 461 1065 est
488 1026 687 1065 cordium.

212 1091 261 1129 R.
293 1092 353 1130 Ne
369 1090 531 1130 interno
548 1091 709 1143 quidem
730 1092 842 1131 cultu
863 1092 976 1131 Deus
991 1091 1159 1143 indiget.
1184 1093 1295 1144 Ergo
1317 1093 1352 1132 si
1376 1092 1591 1132 Thomasii
1612 1092 1718 1132 ratio

163 1154 331 1203 valeret,
362 1154 414 1194 ab
443 1155 523 1194 hoc
553 1155 674 1195 etiam
706 1156 995 1195 abstinendum
1026 1163 1147 1195 esset.
1178 1158 1303 1197 Falso
1339 1158 1462 1209 igitur
1501 1158 1718 1209 supposito

156 1219 317 1258 laborat
345 1219 519 1260 obiectio
542 1253 550 1268 ,
581 1233 728 1272 nempe
773 1221 880 1273 quod
919 1234 969 1260 ex
998 1220 1227 1273 indigentia
1261 1222 1399 1262 divina
1444 1222 1651 1262 derivetur
1680 1229 1722 1261 ut

161 1284 311 1324 officiis
340 1298 443 1337 erga
472 1287 604 1326 Deum
634 1286 954 1339 adstringamur.
986 1287 1101 1334 Quod
1134 1301 1216 1327 non
1256 1295 1321 1328 est
1359 1289 1428 1328 ita.
1469 1291 1583 1328 Deus
1614 1289 1722 1328 enim

160 1351 276 1390 nulla
304 1365 350 1391 re
380 1358 485 1403 eget.
515 1352 805 1400 Nihilominus,
835 1352 930 1404 quia
958 1353 1147 1405 provisor
1175 1360 1237 1393 est
1266 1363 1408 1394 rectus
1439 1361 1478 1395 et
1508 1354 1723 1406 sapientis-

161 1414 306 1462 simus,
335 1415 490 1454 ordinis
519 1415 826 1455 observantiam
855 1416 976 1455 iubet.
1014 1416 1124 1456 Ordo
1163 1424 1300 1457 autem
1343 1418 1478 1470 poscit
1516 1426 1560 1457 ut
1596 1418 1720 1457 homo

158 1480 314 1518 cultum
346 1486 562 1519 externum
594 1494 688 1519 cum
718 1481 878 1520 interno
909 1480 1144 1533 coniungat.
1177 1483 1299 1521 Hunc
1330 1482 1453 1534 igitur
1481 1483 1568 1521 vult
1596 1483 1723 1530 Deus;

158 1557 240 1583 non
270 1550 314 1584 ut
342 1545 523 1597 aliquam
554 1545 768 1585 utilitatem
798 1546 892 1585 inde
922 1547 1071 1598 capiat,
1102 1547 1175 1586 sed
1204 1554 1247 1586 ut
1274 1547 1484 1587 hominem
1515 1548 1568 1587 ad
1597 1547 1725 1587 satis-

158 1608 392 1649 faciendum
423 1609 584 1657 officiis,
615 1611 762 1662 quibus
791 1616 962 1660 tenetur,
992 1612 1182 1651 adducat.

210 1673 347 1724 Atque
376 1673 484 1712 haec
512 1674 729 1724 responsio
751 1674 869 1714 alteri
891 1674 1013 1714 etiam
1031 1675 1284 1716 difficultatis
1304 1677 1410 1729 parti
1431 1682 1607 1727 aptatur.
1631 1677 1724 1716 Non

160 1738 269 1777 enim
293 1739 417 1786 Deus,
434 1745 477 1777 ut
498 1752 569 1790 per
590 1739 797 1780 exteriora
815 1741 937 1792 signa
956 1740 1140 1780 internos
1162 1742 1288 1781 animi
1311 1743 1441 1782 nostri
1463 1749 1582 1783 actus
1599 1757 1724 1795 agno-

158 1807 261 1850 scat,
285 1802 356 1841 sed
378 1807 422 1840 ut
440 1815 518 1841 nos
537 1802 653 1842 iuxta
673 1803 858 1843 ordinem
875 1812 1051 1845 naturae
1073 1805 1235 1857 dirigat,
1256 1806 1309 1845 ad
1327 1812 1545 1846 externum
1569 1807 1724 1845 cultum

161 1867 393 1919 adstringit.
425 1867 551 1920 quue
581 1869 685 1908 adeo
715 1882 858 1908 verum
879 1877 954 1918 est,
976 1877 1019 1911 ut
1041 1870 1235 1922 princeps
1256 1872 1381 1911 etiam
1402 1873 1626 1921 humanus,
1648 1872 1725 1911 etsi

122 1970 125 1971 γ
159 1932 344 1984 fingatur
372 1931 537 1971 aliunde
566 1938 784 1984 perspecta
803 1935 958 1974 habere
978 1941 1075 1974 vota
1095 1935 1347 1976 subditorum
1369 1936 1582 1987 animique
1603 1936 1724 1975 obse-

159 1995 323 2047 quium;
354 2003 493 2036 tamen
525 2003 719 2037 externas
750 2012 895 2050 preces
916 2006 954 2039 et
976 2001 1098 2052 signa
1118 2000 1373 2040 reverentiae
1394 2001 1446 2040 ab
1468 2000 1613 2040 iisdem
1635 2000 1724 2039 iure

159 2061 313 2113 exigat.
345 2063 433 2102 Etsi
463 2063 572 2102 enim
600 2064 643 2102 in
673 2078 723 2104 ea
752 2066 973 2116 hypothesi
1002 2067 1124 2118 signa
1152 2066 1222 2105 illa
1251 2067 1494 2106 necessaria
1524 2081 1607 2107 non
1637 2067 1723 2107 sint

159 2126 212 2164 ad
232 2126 418 2166 notitiam
440 2128 566 2166 ullam
597 2131 946 2181 comparandam;
977 2131 1238 2182 requiruntur
1266 2138 1405 2170 tamen
1436 2132 1488 2170 ad
1517 2131 1723 2184 integrum

161 2189 416 2242 obsequium,
447 2193 566 2243 quale
597 2206 622 2231 a
651 2193 824 2232 subditis
854 2194 1056 2245 praestari
1077 2194 1208 2243 debet,
1229 2194 1402 2246 principi
1432 2194 1724 2234 exhibendum.

216 2255 345 2296 Obiic.
376 2258 428 2296 II.
459 2259 614 2298 Contra
642 2258 845 2299 rationem
876 2272 929 2299 ex
957 2259 1156 2300 societate
1195 2260 1453 2312 desumptam
1497 2260 1558 2299 sic
1598 2260 1720 2313 argui

158 2325 297 2371 potest
324 2335 376 2361 ex
404 2323 549 2362 eodem
580 2324 831 2364 Thomasio:
863 2325 1050 2365 Societas
1080 2326 1262 2365 humana
1292 2326 1486 2378 vitaeque
1516 2327 1721 2379 tranquil-

159 2385 255 2425 litas
284 2399 368 2425 non
397 2386 583 2435 laeditur,
614 2389 776 2429 etiamsi
805 2390 939 2429 cultus
960 2395 1158 2430 externus
1179 2390 1540 2442 praetermittatur.
1563 2391 1722 2430 Deinde

159 2450 293 2489 cultus
322 2450 445 2490 huius
473 2451 568 2490 finis
597 2458 659 2491 est
696 2453 904 2493 beatitudo
943 2463 1140 2502 aeterna;
1179 2454 1276 2494 finis
1314 2462 1464 2494 contra
1504 2454 1722 2495 societatis

158 2515 367 2556 humanae
397 2523 459 2557 est
487 2517 662 2557 felicitas
690 2519 949 2570 temporaria.
977 2521 1088 2571 Ergo
1117 2533 1211 2559 cum
1250 2520 1464 2572 utriusque
1495 2521 1603 2561 fines
1635 2521 1718 2561 sint

164 2579 329 2626 diversi,
359 2594 468 2621 unus
497 2582 549 2620 ad
577 2581 701 2621 alium
730 2595 815 2621 non
844 2588 907 2622 est
934 2583 1220 2623 necessarius.

213 2646 261 2684 R.
279 2647 327 2685 In
344 2647 486 2698 primis
501 2652 791 2699 argumentum
812 2654 999 2687 nostrum
1021 2661 1103 2687 non
1123 2647 1218 2687 inde
1235 2648 1497 2701 desumptum
1522 2654 1595 2698 est,
1617 2649 1726 2701 quod

163 2709 295 2749 cultus
311 2714 509 2749 externus
526 2710 715 2750 societati
729 2710 933 2750 ineundae
954 2716 1024 2750 aut
1039 2712 1353 2752 conservandae
1374 2713 1425 2752 sit
1443 2712 1726 2761 necessarius,

163 2774 236 2813 sed
253 2787 305 2814 ex
320 2788 381 2823 eo,
399 2776 506 2828 quod
522 2776 689 2816 omnino
704 2776 948 2828 requiratur,
967 2782 1009 2815 ut
1025 2776 1162 2825 homo,
1180 2783 1301 2829 prout
1317 2778 1488 2818 socialis
1506 2784 1579 2826 est,
1594 2779 1726 2817 Deum

164 2838 274 2878 colat
291 2838 405 2891 eique
421 2840 682 2893 obsequatur.
699 2842 838 2887 Quare
855 2840 1030 2880 obiectio
1050 2841 1266 2881 Thomasii
1282 2855 1358 2881 nos
1382 2842 1536 2882 directe
1552 2855 1635 2881 non
1655 2841 1730 2879 im-

164 2902 274 2955 petit.
296 2903 464 2952 Deinde,
486 2917 690 2956 negamus
711 2905 879 2945 omnino
895 2905 1136 2946 societatem
1154 2919 1237 2946 non
1253 2906 1374 2955 laedi,
1395 2908 1505 2946 cultu
1521 2905 1724 2946 exteriore
