1970 3203
168 190 220 230 10
815 199 1101 227 1NTRODUCT10

171 293 326 329 amore,
357 279 425 332 qui
455 284 574 319 actus
605 284 667 319 est
696 277 935 325 voluntatis,
965 277 1008 316 in
1038 276 1242 317 obiectum
1271 276 1454 326 ferimur,
1484 284 1606 330 prout
1636 277 1678 316 in
1709 291 1755 318 se

167 350 243 393 est,
267 357 362 383 cum
381 344 554 396 ipsoque
575 343 797 383 affectione
817 341 944 382 animi
961 342 1217 393 copulamur.
1239 342 1380 388 Quare
1399 355 1471 394 per
1491 343 1756 383 voluntatem

166 408 333 461 proprie
362 407 405 447 in
432 406 644 460 praesenti
674 406 760 446 vita
790 405 972 446 circulus
991 405 1060 445 ille
1081 405 1327 457 completur,
1359 418 1439 458 quo
1471 412 1667 446 creatura
1697 419 1761 445 ra-

170 473 351 522 tionalis,
381 487 406 512 a
436 474 525 512 Deo
555 485 629 524 per
658 470 950 512 exsistentiam
982 470 1181 523 profecta,
1212 471 1266 509 ad
1294 470 1428 523 ipsum
1458 469 1620 510 ratione
1651 483 1756 510 con-

172 547 358 592 spectum
389 551 436 579 se
467 543 700 590 promovet,
727 537 845 591 eique
868 537 1147 589 coniungitur.
1181 537 1297 584 Quae
1328 550 1424 576 curn
1454 536 1512 576 ita
1541 536 1635 584 sint,
1663 537 1756 590 quis

174 618 259 645 non
281 604 392 644 videt
413 603 716 656 praestantiam
737 603 847 642 illius
869 602 1083 650 scientiae,
1105 615 1212 654 quae
1231 601 1536 642 nobilissimam
1566 603 1678 642 hanc
1699 602 1756 642 sa-

179 672 379 711 cultatem
410 670 490 710 sibi
521 668 888 722 contemplandam
918 682 969 708 ac
1000 668 1262 721 dirigendam
1292 667 1505 709 assumit?

231 736 297 775 Ad
314 735 534 777 utilitatem
556 748 656 775 vero
679 734 788 788 quod
809 734 969 781 attinet,
995 733 1213 786 disciplina
1232 734 1340 775 haec
1361 748 1444 776 non
1468 734 1581 775 iners
1602 734 1644 773 in
1665 747 1754 787 pro-

179 800 269 852 pria
300 799 656 851 contemplatione
689 804 830 838 manet
851 831 860 846 ,
888 798 963 838 sed
996 797 1281 850 operationem
1313 805 1512 852 spectans
1542 799 1595 838 ad
1626 798 1755 838 vitam

176 864 359 904 hominis
379 865 457 904 rite
479 864 794 916 temperandam
815 870 941 917 atque
961 862 1004 901 in
1026 876 1259 915 congruum
1281 865 1406 904 finem
1427 864 1757 917 promovendam

181 944 226 971 se
257 929 464 970 convertit
485 935 525 969 et
548 928 740 982 applicat.
765 929 884 974 Quod
913 929 1056 981 quanti
1079 929 1347 969 emolumenti
1369 929 1434 978 sit,
1456 942 1560 981 opus
1588 942 1673 969 non
1695 935 1759 969 est

182 1001 226 1034 ut
255 994 393 1034 verbis
423 1006 691 1045 exaggerem.
726 992 769 1032 Si
789 992 886 1045 quid
911 992 1020 1032 enim
1041 992 1223 1033 hominis
1244 992 1429 1042 interest,
1462 993 1545 1032 hoc
1574 992 1762 1045 profecto

179 1066 242 1100 est
272 1058 469 1107 maxime,
502 1064 544 1097 ut
574 1057 703 1097 vitam
733 1057 852 1097 iuxta
873 1070 1019 1098 omnes
1040 1058 1279 1106 relationes,
1303 1058 1452 1111 quibus
1483 1057 1678 1105 afficitur,
1701 1071 1764 1098 sa-

179 1126 339 1178 pienter
369 1129 600 1176 sancteque
618 1123 791 1172 ordinet,
813 1128 937 1175 atque
958 1122 1011 1162 ad
1031 1123 1157 1163 finem
1178 1123 1487 1176 assequendum
1519 1122 1686 1172 nitatur,
1711 1123 1763 1163 ob

177 1203 299 1242 quem
317 1188 512 1228 conditus
537 1202 563 1227 a
582 1189 672 1228 Deo
694 1193 768 1228 est.
792 1188 902 1227 Hinc
922 1187 1073 1227 mirum
1089 1188 1245 1227 nemini
1262 1187 1392 1228 videri
1414 1188 1536 1229 debet
1555 1187 1590 1227 si
1607 1187 1759 1228 summi

178 1254 437 1307 antiquitatis
467 1253 706 1306 philosophi
734 1254 846 1294 hanc
877 1253 1097 1294 scientiam
1127 1254 1168 1292 in
1199 1253 1380 1294 culmine
1415 1253 1648 1306 sapientiae
1680 1253 1761 1293 col-

180 1321 371 1370 locarint,
405 1334 455 1360 ac
487 1322 705 1361 Socratem
734 1320 892 1361 idcirco
922 1320 1185 1373 potissimum
1220 1321 1511 1374 philosophiae
1539 1325 1760 1373 parentem

183 1384 473 1433 salutaverint,
490 1387 599 1438 quod
615 1386 668 1426 ab
690 1385 811 1426 inerti
828 1392 868 1426 et
883 1385 1016 1426 sterili
1038 1385 1318 1438 antiquiorum
1340 1385 1691 1438 contemplatione
1712 1385 1765 1424 ad

180 1452 384 1492 eiusmodi
413 1452 635 1493 fecundam
667 1459 707 1493 et
738 1466 959 1505 operosam
991 1453 1255 1506 disciplinam
1285 1453 1450 1494 animos
1483 1453 1761 1494 revocaverit.

234 1518 353 1565 Quod
373 1518 408 1557 si
429 1531 514 1558 non
534 1518 576 1557 in
597 1518 739 1571 seipsa
754 1524 794 1558 et
811 1518 946 1571 quoad
963 1519 1092 1558 vitam
1116 1519 1310 1567 hominis,
1333 1519 1408 1560 sed
1426 1519 1469 1559 in
1490 1532 1615 1567 nexu,
1637 1531 1759 1571 quem

178 1583 307 1623 habet
337 1596 433 1622 cum
463 1583 614 1623 ceteris
644 1583 888 1636 disciplinis,
907 1585 1015 1624 haec
1045 1584 1225 1625 scientia
1253 1585 1554 1632 consideretur余
1584 1597 1668 1623 non
1694 1583 1766 1622 mi-

178 1647 293 1687 noris
322 1646 512 1687 utilitatis
542 1647 771 1699 apparebit.
803 1648 1027 1688 Enimvero
1057 1652 1170 1688 artes
1200 1660 1358 1695 omnes,
1375 1647 1411 1687 si
1441 1648 1645 1688 honestae
1667 1659 1762 1687 esse

179 1714 342 1761 debent,
364 1718 450 1752 tum
470 1713 513 1752 in
533 1714 617 1752 fine
637 1726 760 1765 quem
782 1713 860 1753 sibi
881 1719 1127 1767 proponunt,
1149 1717 1237 1753 tum
1267 1713 1309 1752 in
1332 1714 1495 1754 delectu
1517 1718 1557 1753 et
1575 1726 1654 1753 usu
1671 1726 1762 1753 me-

183 1779 345 1819 diorum
362 1793 371 1828 余
389 1780 533 1831 procul
554 1779 676 1819 dubio
698 1793 724 1818 a
753 1780 902 1819 morali
922 1780 1098 1820 scientia
1119 1780 1417 1832 gubernantur,
1448 1793 1556 1832 quae
1586 1779 1758 1831 proinde

183 1844 452 1885 Aestheticae
472 1845 661 1896 imperat,
684 1858 748 1892 ne,
772 1858 797 1884 a
825 1852 940 1886 recto
970 1845 1136 1886 tramite
1167 1844 1361 1893 delirans,
1383 1845 1573 1897 pulcrum
1590 1844 1631 1884 in
1652 1843 1762 1896 turpi

185 1915 224 1949 et
243 1909 443 1949 indecoro
474 1909 670 1961 requirat.
703 1909 978 1962 Philosophia
1006 1923 1106 1950 vero
1128 1908 1389 1961 speculativa
1417 1921 1490 1960 pro
1516 1909 1600 1948 fine
1621 1907 1763 1948 scien-

183 1975 283 2013 tiam
304 1975 505 2014 moralem
534 1975 672 2023 habet余
694 1975 1045 2027 quemadmodum
1067 1975 1249 2027 cognitio
1270 1974 1324 2014 ad
1354 1974 1640 2027 operationem
1672 1972 1767 2012 diri-

185 2040 305 2093 gitur,
336 2045 375 2080 et
403 2039 703 2092 perspicientia
732 2041 821 2080 veri
851 2041 904 2081 ad
934 2054 1121 2081 amorem
1149 2041 1260 2081 boni.

242 2106 323 2145 Sed
352 2104 536 2145 maxime
565 2105 691 2145 huius
721 2106 893 2147 moralis
923 2107 1125 2147 scientiae
1154 2119 1277 2146 usum
1305 2106 1462 2146 habent
1494 2105 1680 2157 reliquae
1712 2105 1766 2145 di-

187 2171 389 2223 sciplinae
411 2170 577 2220 civiles余
599 2184 718 2224 quae,
750 2172 877 2212 veluti
897 2173 1070 2212 arbores
1091 2185 1145 2212 ex
1165 2172 1309 2211 radice
1328 2177 1368 2212 et
1394 2171 1499 2211 rami
1530 2185 1583 2211 ex
1605 2176 1763 2218 trunco,

188 2238 241 2278 ab
273 2250 324 2277 ea
352 2250 527 2277 succum
557 2243 597 2278 et
626 2238 755 2278 vitam
784 2238 992 2278 hauriunt.
1028 2239 1152 2286 Sane,
1174 2237 1271 2290 quid
1299 2242 1410 2277 esset
1434 2235 1768 2289 Iurisprudentia

191 2307 262 2342 aut
283 2302 473 2351 Politica,
491 2301 581 2342 sine
597 2301 770 2354 praevia
789 2302 1030 2355 cognitione
1050 2315 1194 2342 earum
1215 2315 1366 2350 rerum,
1387 2315 1493 2355 quae
1514 2302 1558 2341 in
1580 2301 1771 2341 doctrina

191 2381 355 2407 morum
385 2373 425 2408 et
453 2367 555 2407 iuris
585 2373 759 2408 naturae
789 2367 1056 2408 tractantur?
1077 2369 1171 2408 Non
1191 2368 1305 2407 aliud
1325 2367 1524 2419 profecto,
1555 2366 1635 2407 nisi
1659 2365 1772 2405 indi-

192 2438 313 2486 gesta
329 2437 578 2473 statutorum
599 2438 639 2472 et
658 2432 998 2484 praeceptionum
1018 2433 1163 2480 moles,
1188 2445 1241 2471 ex
1262 2431 1464 2471 arbitratu
1484 2430 1764 2484 pendentium,

192 2503 232 2537 et
262 2510 438 2550 corpora
468 2497 673 2550 quaedam
703 2496 794 2536 sine
815 2496 966 2536 anima.
988 2496 1063 2536 Vis
1085 2496 1196 2536 enim
1225 2496 1396 2536 interior
1425 2502 1464 2536 et
1493 2495 1614 2548 quasi
1640 2494 1766 2534 vitale

194 2563 442 2616 principium
469 2570 556 2603 tum
585 2564 724 2616 legum
754 2562 937 2602 civilium
958 2596 967 2611 ,
998 2568 1084 2602 tum
1113 2563 1313 2616 cuiusque
1352 2562 1553 2614 sapientis
1588 2559 1769 2600 admini-

196 2627 408 2667 strationis
429 2632 468 2666 et
488 2626 647 2666 formae
665 2626 882 2678 regiminis
902 2639 987 2667 non
1007 2627 1171 2667 aliunde
1200 2627 1499 2679 suppeditatur,
1520 2623 1601 2664 nisi
1631 2637 1684 2664 ex
1703 2636 1774 2663 no-

195 2692 306 2732 tione
335 2692 431 2732 finis
459 2693 514 2732 ad
545 2703 666 2744 quem
690 2691 816 2731 homo
853 2698 892 2732 et
929 2692 1111 2733 societas
1151 2691 1350 2732 universa
1377 2690 1532 2739 tendit,
1572 2695 1694 2742 atque
1722 2701 1775 2728 ex

197 2760 402 2809 conceptu
431 2757 625 2798 absoluto
655 2763 697 2797 et
724 2757 972 2797 immutabili
998 2756 1179 2796 iustitiae
1199 2756 1417 2803 naturalis,
1443 2768 1522 2808 quo
1551 2753 1775 2793 relationes

199 2833 358 2868 omnes,
389 2820 536 2872 quibus
565 2821 690 2860 homo
720 2820 913 2869 afficitur,
943 2819 1231 2860 informandae
1267 2825 1377 2860 sunt.
1399 2819 1487 2858 Nec
1516 2817 1595 2857 nisi
1625 2817 1776 2857 exinde

202 2889 309 2930 ratio
328 2888 495 2939 ,desumi
527 2894 662 2941 potest
690 2888 793 2928 iuris
814 2888 949 2928 omnis
969 2887 1147 2940 positivi,
1169 2891 1208 2926 et
1236 2898 1383 2926 norma
1402 2884 1517 2924 iuxta
1541 2897 1666 2937 quam
1686 2888 1776 2923 sta-
