1970 3203
223 206 275 246 30
903 225 1122 252 ETHtCA

224 312 328 350 quae
358 299 399 338 in
429 300 600 340 homine
628 301 735 341 ratio
753 308 828 351 est,
859 302 1065 353 pertinere
1088 303 1220 354 debet,
1242 310 1365 358 atque
1384 305 1443 346 ita
1462 311 1504 345 ut
1521 320 1614 347 eam
1635 306 1802 359 expleat

221 374 259 406 et
282 367 490 406 cumulate
528 368 727 418 perficiat.
752 370 926 410 Ceteras
961 376 1100 411 autem
1119 370 1339 411 facultates
1361 371 1422 411 sic
1441 373 1576 413 evolvi
1596 387 1700 426 opus
1723 379 1802 422 est,

224 438 267 470 ut
297 431 429 471 eidem
452 431 696 473 inserviant.
720 434 830 474 Hinc
851 435 980 474 oritur
1003 440 1045 473 ut
1068 448 1142 486 pro
1169 434 1579 475 circumstantiarum
1600 436 1803 478 varietate

228 512 312 538 una
342 498 491 551 potius,
513 511 637 551 quam
658 500 791 540 altera
812 501 1054 554 explicetur.
1076 502 1184 540 Nam
1215 500 1249 540 si
1271 500 1375 541 forte
1395 502 1612 554 contingat
1646 509 1689 543 ut
1728 517 1801 556 pro

223 577 360 603 rerum
384 568 534 603 eventu
553 563 766 604 facultatis
789 564 964 606 alicuius
985 565 1168 605 evolutio
1190 578 1410 617 supremae
1430 566 1667 615 reluctetur;
1690 573 1802 607 certe

224 635 562 669 consentaneum
605 633 680 672 erit
709 638 754 672 ut
783 631 871 671 eius
916 631 1104 683 operatio
1146 630 1510 683 praetermittatur.
1551 633 1668 679 Quae
1699 647 1777 674 san

224 694 535 746 praetermissio
564 694 642 747 ipsi
672 695 871 745 facultati,
903 696 963 735 sic
993 695 1229 747 impeditae,
1253 695 1500 745 conveniet;
1531 709 1613 735 non
1636 696 1800 748 quidem

222 758 410 799 absolate
439 758 514 798 sed
544 760 722 799 relative
742 766 970 811 spectatae,
992 766 1114 812 prout
1133 772 1282 812 nempe
1298 760 1352 799 ad
1371 759 1552 799 hominis
1574 758 1799 812 perfectio-

221 836 315 863 nem
345 822 533 863 refertur.

277 890 406 930 Obz'ie.
439 892 512 930 III.
546 892 591 930 In
624 890 889 944 philosophia
909 891 1197 931 consideratur
1217 890 1319 931 ordo
1341 891 1559 931 dumtaxat
1580 891 1796 931 naturalis.

222 957 334 1009 Ergo
364 958 564 998 debemus
605 958 716 1010 loqui
746 958 796 998 de
826 958 968 998 ultimo
999 958 1083 997 fine
1127 957 1308 997 hominis
1328 989 1337 1006 ,
1367 964 1487 1010 prout
1526 957 1579 997 ad
1608 957 1796 998 ordinem

222 1028 382 1061 tantum
413 1023 646 1063 naturalem
677 1023 865 1076 pertinet.
892 1025 946 1063 At
976 1022 1080 1062 visio
1113 1021 1406 1063 intellectualis
1436 1021 1513 1061 Dei
1533 1021 1711 1074 pertinet
1741 1021 1796 1060 ad

223 1086 408 1126 ordinem
441 1089 813 1139 supernaturalem.
847 1087 958 1140 Ergo
989 1099 1207 1139 perperam
1251 1085 1513 1126 constituitur
1556 1092 1600 1126 ut
1629 1084 1797 1124 ultimus

220 1153 315 1192 finis
346 1153 540 1194 hominis.

272 1220 320 1260 R.
361 1220 579 1259 Transeat
596 1220 774 1273 primum
796 1220 1060 1268 antecedens,
1083 1226 1124 1261 et
1144 1224 1332 1259 transeat
1352 1218 1475 1258 etiam
1507 1231 1628 1258 suum
1649 1230 1798 1258 eonse-

218 1298 362 1338 qaens.
381 1286 447 1325 Ad
463 1286 751 1338 probationem
767 1287 866 1326 dist:
889 1286 1006 1326 Visio
1026 1285 1320 1326 intellectualis
1341 1285 1417 1325 Dei
1439 1285 1602 1326 directa
1624 1298 1697 1326 sea
1737 1284 1796 1323 in-

218 1350 368 1390 taz'tc'va
388 1349 565 1402 pertinet
584 1350 638 1390 ad
658 1350 844 1391 ordinem
866 1350 1238 1402 supernaturalem,
1260 1363 1377 1397 eonc,·
1402 1350 1611 1390 indirecta
1627 1362 1700 1389 sea
1723 1361 1795 1388 ar-

211 1417 393 1467 gyactt'va,
424 1428 545 1467 nego.
564 1416 615 1455 Et
634 1428 744 1468 nego
774 1416 962 1456 ultimum
981 1428 1260 1468 consequen&
1281 1428 1365 1455 non
1386 1415 1496 1455 enim
1515 1415 1651 1467 prima
1670 1413 1790 1459 visio,

216 1481 289 1520 sed
319 1479 507 1519 secunda
536 1480 699 1531 ponitur
728 1485 772 1519 ut
801 1481 969 1520 ultimus
998 1480 1093 1520 finis
1129 1478 1312 1519 hominis
1339 1478 1381 1518 in
1415 1478 1561 1519 ordine
1599 1476 1794 1518 naturali.

271 1546 602 1585 Transmisimus
620 1546 797 1598 primum
816 1548 1073 1587 antecedens
1090 1560 1185 1587 cum
1202 1559 1277 1586 suo
1295 1545 1578 1598 consequenti,
1599 1545 1695 1597 quia
1710 1543 1796 1597 phi-

214 1610 414 1662 losophus
431 1609 688 1650 christianus
705 1624 789 1650 non
810 1617 946 1662 potest
966 1610 1134 1650 omnino
1156 1609 1451 1662 praescindere
1471 1609 1523 1648 ab
1554 1608 1696 1648 ordine
1717 1621 1793 1648 su-

213 1676 482 1727 pernaturali,
505 1676 558 1715 ad
580 1689 701 1727 quem
721 1677 847 1716 homo
869 1677 1057 1717 elevatus
1078 1682 1165 1724 est,
1187 1675 1268 1715 nisi
1288 1675 1400 1728 loqui
1423 1674 1520 1715 velit
1540 1675 1590 1714 de
1620 1674 1791 1714 homine

214 1741 496 1792 hypothetico,
508 1753 592 1780 non
609 1739 852 1780 reali.Aliud
868 1741 977 1781 enim
990 1746 1052 1780 est
1064 1740 1172 1793 quod
1185 1740 1342 1779 directa
1354 1744 1604 1791 argumenta
1620 1751 1793 1778 suarum

212 1807 610 1847 demonstrationum
631 1807 873 1859 depromere
891 1807 1039 1847 debeat
1054 1820 1080 1846 a
1100 1806 1262 1855 ratione
1278 1806 1470 1854 naturali,
1486 1805 1593 1858 quod
1610 1805 1790 1847 libenter

212 1873 512 1923 concedimus3
544 1872 656 1913 aliud
684 1886 783 1913 vero
815 1879 878 1913 est
907 1873 1016 1926 quod
1041 1873 1084 1912 in
1113 1886 1190 1912 sua
1219 1865 1572 1925 contemplatione
1603 1877 1788 1912 mentem

211 1950 384 1989 prorsus
401 1945 552 1978 avocet
568 1937 620 1976 ab
637 1937 780 1977 ordine
801 1938 1120 1990 supernaturali,
1142 1937 1251 1990 quod
1270 1950 1349 1977 nec
1370 1936 1601 1990 requiritur,
1623 1949 1701 1976 nec
1727 1950 1793 1976 sa-

210 2001 370 2053 pienter
399 2003 529 2042 fieret.
550 2001 843 2050 Nihilominus,
866 2002 1062 2054 quoniam
1082 2001 1321 2042 huiusmodi
1351 2015 1420 2042 res
1440 2001 1494 2041 ad
1523 2005 1788 2054 praesentem

212 2067 498 2118 quaestionem
514 2080 599 2107 non
614 2067 724 2116 facit,
741 2067 895 2107 habeat
916 2068 1184 2108 adversarius
1200 2073 1399 2121 tanquam
1415 2080 1659 2108 concessam
1676 2074 1791 2108 ante-

211 2133 366 2172 cedens
381 2133 479 2172 illud
495 2139 534 2173 et
550 2146 824 2186 consequens.
844 2135 951 2175 Tota
971 2134 1034 2173 vis
1055 2134 1310 2175 difficultatis
1332 2141 1394 2175 est
1414 2133 1457 2173 in
1473 2133 1636 2173 maiori
1669 2147 1791 2187 argu-

210 2200 350 2248 menti,
381 2199 490 2253 quod
519 2199 787 2248 subnectitur,
809 2213 915 2253 quae
940 2200 1167 2253 propositio
1189 2200 1479 2253 distinguenda
1509 2200 1679 2241 omnino
1710 2207 1787 2241 est.

210 2265 319 2303 Nam
348 2277 431 2304 non
449 2264 586 2304 omnis
604 2263 679 2304 Dei
696 2264 800 2304 visio
821 2265 874 2304 ad
895 2265 1256 2317 supernaturalem
1286 2265 1473 2305 ordinem
1496 2268 1683 2316 spectat3
1714 2265 1789 2305 sed

207 2328 279 2366 illa
292 2335 451 2368 tantum
465 2341 571 2381 quae
584 2329 630 2368 fit
646 2341 719 2380 per
739 2324 1000 2389 ipsam¹3essen
1008 2329 1104 2369 tiam
1117 2328 1206 2378 Dei,
1217 2329 1513 2370 informantem
1529 2329 1785 2369 intellectum

208 2394 398 2442 videntis,
412 2400 451 2434 et
467 2407 573 2447 quae
591 2395 792 2435 intaitc'va
808 2396 1051 2448 appellatur,
1065 2401 1284 2449 propterea
1299 2395 1407 2448 quod
1425 2396 1550 2444 Deus,
1567 2408 1637 2448 per
1652 2394 1787 2446 ipsam

210 2457 330 2497 nobis
360 2471 405 2497 se
427 2458 665 2500 immediate
681 2459 890 2511 patefacit.
907 2460 961 2499 At
977 2466 1142 2513 praeter
1162 2461 1287 2509 hanc,
1309 2461 1391 2500 alia
1412 2460 1518 2500 visio
1541 2460 1616 2500 Dei
1640 2459 1787 2499 haberi

213 2530 365 2574 posset,
383 2537 454 2576 per
471 2524 652 2577 aliquam
670 2538 821 2577 nempe
837 2525 1013 2566 idealem
1031 2526 1354 2576 similitudinem,
1372 2539 1446 2566 seu
1466 2527 1658 2580 speeiem,
1675 2526 1789 2566 intel-

211 2587 334 2626 lectui
360 2600 383 2625 a
401 2588 489 2627 Deo
506 2588 751 2638 immissam,
773 2589 815 2628 in
838 2603 919 2642 qua
940 2590 1076 2631 vivide
1097 2590 1173 2631 Dei
1194 2596 1343 2631 natura
1359 2591 1568 2639 reluceat;
1601 2602 1790 2642 quaeque

218 2649 440 2701 perfectior
469 2652 533 2690 vel
569 2652 708 2691 minus
729 2652 914 2705 perfecta
944 2654 1147 2694 tribuatur
1166 2668 1240 2707 pro
1261 2656 1501 2695 meritorum
1537 2653 1788 2694 diversitate.

212 2716 330 2755 Haec
342 2715 450 2755 intra
463 2716 615 2757 limites
627 2719 830 2759 naturalis
845 2719 1001 2760 ordinis
1019 2720 1312 2770 contineretur;
1324 2726 1399 2761 eta
1411 2720 1570 2760 visione
1589 2719 1788 2759 intaitc'va

210 2781 407 2830 differret,
421 2795 504 2822 non
517 2784 653 2834 quoad
666 2784 889 2833 obiectum,
903 2786 977 2826 sed
989 2786 1125 2839 quoad
1136 2786 1302 2826 modum
1315 2786 1548 2839 attingendi
1564 2785 1784 2827 obiectum.

211 2846 461 2886 Huiusmodi
476 2847 679 2898 visionem
692 2851 996 2902 appellavimus
1013 2852 1290 2904 aryaz'tivam,
1306 2865 1390 2892 non
1408 2857 1612 2905 quatenus
1632 2852 1785 2893 obtine-

213 2917 324 2950 retur
350 2910 684 2962 ratiocinatione,
702 2914 763 2954 sic
780 2914 888 2955 enim
908 2928 992 2955 non
1024 2921 1135 2956 esset
1167 2916 1294 2965 vigim
1325 2917 1398 2958 sed
1427 2924 1631 2970 quatenus
1660 2918 1702 2957 in
1732 2930 1783 2958 ea
