<?xml version="1.0" encoding="UTF-8"?>
<!DOCTYPE html PUBLIC "-//W3C//DTD XHTML 1.0 Transitional//EN"
    "http://www.w3.org/TR/xhtml1/DTD/xhtml1-transitional.dtd">
<html xmlns="http://www.w3.org/1999/xhtml" xml:lang="en" lang="en">
 <head>
  <title>
</title>
<meta http-equiv="Content-Type" content="text/html;charset=utf-8" />
  <meta name='ocr-system' content='tesseract 3.04.00' />
  <meta name='ocr-capabilities' content='ocr_page ocr_carea ocr_par ocr_line ocrx_word'/>
</head>
<body>
  <div class='ocr_page' id='page_1' title='image "./institutioneseth00libe_0335.png"; bbox 0 0 1970 3203; ppageno 0'>
   <div class='ocr_carea' id='block_1_1' title="bbox 303 207 1692 255">
    <p class='ocr_par' dir='ltr' id='par_1_1' title="bbox 303 207 1692 255">
     <span class='ocr_line' id='line_1_1' title="bbox 303 207 1692 255; baseline 0.001 -10"><span class='ocrx_word' id='word_1_1' title='bbox 303 218 440 245; x_wconf 83' lang='lat' dir='ltr'><strong>CAPUT</strong></span> <span class='ocrx_word' id='word_1_2' title='bbox 459 218 510 244; x_wconf 83' lang='lat'>111.</span> <span class='ocrx_word' id='word_1_3' title='bbox 532 217 585 244; x_wconf 81' lang='lat' dir='ltr'>DE</span> <span class='ocrx_word' id='word_1_4' title='bbox 605 217 838 246; x_wconf 81' lang='lat' dir='ltr'>SOCIETATE</span> <span class='ocrx_word' id='word_1_5' title='bbox 857 219 1090 255; x_wconf 80' lang='lat' dir='ltr'>RELIGIOSA,</span> <span class='ocrx_word' id='word_1_6' title='bbox 1112 221 1294 247; x_wconf 79' lang='lat' dir='ltr'>NIMIRUM</span> <span class='ocrx_word' id='word_1_7' title='bbox 1315 220 1508 248; x_wconf 81' lang='lat' dir='ltr'><strong>ECCLESIA</strong></span> <span class='ocrx_word' id='word_1_8' title='bbox 1616 207 1692 247; x_wconf 81' lang='lat'>331</span> 
     </span>
    </p>
   </div>
   <div class='ocr_carea' id='block_1_2' title="bbox 121 291 1697 2293">
    <p class='ocr_par' dir='ltr' id='par_1_2' title="bbox 125 291 1696 410">
     <span class='ocr_line' id='line_1_2' title="bbox 125 291 1696 345; baseline 0.001 -13"><span class='ocrx_word' id='word_1_9' title='bbox 125 291 384 340; x_wconf 80' lang='lat' dir='ltr'>Pontificem3</span> <span class='ocrx_word' id='word_1_10' title='bbox 414 291 522 332; x_wconf 87' lang='lat' dir='ltr'>sicut</span> <span class='ocrx_word' id='word_1_11' title='bbox 551 305 634 332; x_wconf 90' lang='lat' dir='ltr'>non</span> <span class='ocrx_word' id='word_1_12' title='bbox 655 293 827 333; x_wconf 79' lang='lat' dir='ltr'>dedecet</span> <span class='ocrx_word' id='word_1_13' title='bbox 848 295 992 343; x_wconf 85' lang='lat' dir='ltr'>Deum,</span> <span class='ocrx_word' id='word_1_14' title='bbox 1010 294 1128 334; x_wconf 88' lang='lat' dir='ltr'>cuius</span> <span class='ocrx_word' id='word_1_15' title='bbox 1149 294 1274 333; x_wconf 90' lang='lat' dir='ltr'>immo</span> <span class='ocrx_word' id='word_1_16' title='bbox 1297 293 1538 333; x_wconf 89' lang='lat' dir='ltr'>attributum</span> <span class='ocrx_word' id='word_1_17' title='bbox 1559 294 1696 345; x_wconf 89' lang='lat' dir='ltr'>quod-</span> 
     </span>
     <span class='ocr_line' id='line_1_3' title="bbox 126 357 620 410; baseline 0.004 -14"><span class='ocrx_word' id='word_1_18' title='bbox 126 358 220 397; x_wconf 91' lang='lat' dir='ltr'>dam</span> <span class='ocrx_word' id='word_1_19' title='bbox 250 363 312 397; x_wconf 90' lang='lat' dir='ltr'>est</span> <span class='ocrx_word' id='word_1_20' title='bbox 340 357 620 410; x_wconf 85' lang='lat' dir='ltr'>praecipuum.</span> 
     </span>
    </p>

    <p class='ocr_par' dir='ltr' id='par_1_3' title="bbox 121 423 1696 674">
     <span class='ocr_line' id='line_1_4' title="bbox 177 423 1689 477; baseline 0.001 -14"><span class='ocrx_word' id='word_1_21' title='bbox 177 423 305 463; x_wconf 66' lang='lat' dir='ltr'>th&#39;ie.</span> <span class='ocrx_word' id='word_1_22' title='bbox 336 424 406 462; x_wconf 93' lang='lat' dir='ltr'>VI.</span> <span class='ocrx_word' id='word_1_23' title='bbox 436 423 620 475; x_wconf 65' lang='lat' dir='ltr'>Regium</span> <span class='ocrx_word' id='word_1_24' title='bbox 642 425 790 477; x_wconf 76' lang='lat' dir='ltr'>placet</span> <span class='ocrx_word' id='word_1_25' title='bbox 814 424 880 464; x_wconf 89' lang='lat' dir='ltr'>ius</span> <span class='ocrx_word' id='word_1_26' title='bbox 909 424 1115 476; x_wconf 81' lang='lat' dir='ltr'>quoddam</span> <span class='ocrx_word' id='word_1_27' title='bbox 1145 431 1208 465; x_wconf 89' lang='lat' dir='ltr'>est</span> <span class='ocrx_word' id='word_1_28' title='bbox 1235 426 1524 465; x_wconf 86' lang='lat' dir='ltr'>necessarium</span> <span class='ocrx_word' id='word_1_29' title='bbox 1555 425 1596 464; x_wconf 88' lang='lat' dir='ltr'>in</span> <span class='ocrx_word' id='word_1_30' title='bbox 1627 437 1689 464; x_wconf 92' lang='lat' dir='ltr'>so-</span> 
     </span>
     <span class='ocr_line' id='line_1_5' title="bbox 121 488 1692 544; baseline -0.001 -13"><span class='ocrx_word' id='word_1_31' title='bbox 121 488 281 531; x_wconf 83' lang='lat' dir='ltr'>cietate.</span> <span class='ocrx_word' id='word_1_32' title='bbox 313 489 420 528; x_wconf 89' lang='lat' dir='ltr'>Nam</span> <span class='ocrx_word' id='word_1_33' title='bbox 449 489 678 531; x_wconf 85' lang='lat' dir='ltr'>auctoritas</span> <span class='ocrx_word' id='word_1_34' title='bbox 705 489 903 542; x_wconf 86' lang='lat' dir='ltr'>religiosa</span> <span class='ocrx_word' id='word_1_35' title='bbox 931 496 1073 542; x_wconf 90' lang='lat' dir='ltr'>posset</span> <span class='ocrx_word' id='word_1_36' title='bbox 1091 491 1244 544; x_wconf 89' lang='lat' dir='ltr'>aliquid</span> <span class='ocrx_word' id='word_1_37' title='bbox 1263 491 1470 543; x_wconf 90' lang='lat' dir='ltr'>imperare</span> <span class='ocrx_word' id='word_1_38' title='bbox 1492 490 1692 530; x_wconf 87' lang='lat' dir='ltr'>nocivum</span> 
     </span>
     <span class='ocr_line' id='line_1_6' title="bbox 121 554 1696 609; baseline 0.001 -14"><span class='ocrx_word' id='word_1_39' title='bbox 121 556 231 595; x_wconf 90' lang='lat' dir='ltr'>bono</span> <span class='ocrx_word' id='word_1_40' title='bbox 261 554 400 604; x_wconf 86' lang='lat' dir='ltr'>civili;</span> <span class='ocrx_word' id='word_1_41' title='bbox 430 568 480 596; x_wconf 89' lang='lat' dir='ltr'>ac</span> <span class='ocrx_word' id='word_1_42' title='bbox 508 556 680 608; x_wconf 83' lang='lat' dir='ltr'>proinde</span> <span class='ocrx_word' id='word_1_43' title='bbox 709 561 931 608; x_wconf 81' lang='lat' dir='ltr'>antequam</span> <span class='ocrx_word' id='word_1_44' title='bbox 961 556 1050 595; x_wconf 92' lang='lat' dir='ltr'>eius</span> <span class='ocrx_word' id='word_1_45' title='bbox 1079 556 1196 596; x_wconf 88' lang='lat' dir='ltr'>iussa</span> <span class='ocrx_word' id='word_1_46' title='bbox 1225 558 1552 609; x_wconf 69' lang='lat' dir='ltr'>promulgentur,</span> <span class='ocrx_word' id='word_1_47' title='bbox 1576 557 1696 597; x_wconf 88' lang='lat' dir='ltr'>debet</span> 
     </span>
     <span class='ocr_line' id='line_1_7' title="bbox 127 619 1196 674; baseline 0.002 -14"><span class='ocrx_word' id='word_1_48' title='bbox 127 619 356 661; x_wconf 85' lang='lat' dir='ltr'>auctoritas</span> <span class='ocrx_word' id='word_1_49' title='bbox 385 621 517 660; x_wconf 85' lang='lat' dir='ltr'>civilis</span> <span class='ocrx_word' id='word_1_50' title='bbox 548 621 789 661; x_wconf 81' lang='lat' dir='ltr'>examinare</span> <span class='ocrx_word' id='word_1_51' title='bbox 818 621 915 674; x_wconf 89' lang='lat' dir='ltr'>quid</span> <span class='ocrx_word' id='word_1_52' title='bbox 945 622 1196 663; x_wconf 80' lang='lat' dir='ltr'>contineant.</span> 
     </span>
    </p>

    <p class='ocr_par' dir='ltr' id='par_1_4' title="bbox 176 684 1152 737">
     <span class='ocr_line' id='line_1_8' title="bbox 176 684 1152 737; baseline 0.003 -14"><span class='ocrx_word' id='word_1_53' title='bbox 176 685 226 724; x_wconf 83' lang='lat' dir='ltr'>R.</span> <span class='ocrx_word' id='word_1_54' title='bbox 256 684 377 737; x_wconf 64' lang='lat' dir='ltr'>Nego</span> <span class='ocrx_word' id='word_1_55' title='bbox 409 689 622 725; x_wconf 75' lang='lat' dir='ltr'>assertum</span> <span class='ocrx_word' id='word_1_56' title='bbox 651 691 691 724; x_wconf 91' lang='lat' dir='ltr'>et</span> <span class='ocrx_word' id='word_1_57' title='bbox 720 686 925 725; x_wconf 87' lang='lat' dir='ltr'>rationem</span> <span class='ocrx_word' id='word_1_58' title='bbox 955 685 1152 727; x_wconf 81' lang='lat' dir='ltr'>additam.</span> 
     </span>
    </p>

    <p class='ocr_par' dir='ltr' id='par_1_5' title="bbox 123 748 1697 1382">
     <span class='ocr_line' id='line_1_9' title="bbox 177 748 1695 804; baseline 0.002 -17"><span class='ocrx_word' id='word_1_59' title='bbox 177 748 276 788; x_wconf 90' lang='lat' dir='ltr'>Pari</span> <span class='ocrx_word' id='word_1_60' title='bbox 306 749 440 797; x_wconf 86' lang='lat' dir='ltr'>modo,</span> <span class='ocrx_word' id='word_1_61' title='bbox 469 749 596 789; x_wconf 91' lang='lat' dir='ltr'>immo</span> <span class='ocrx_word' id='word_1_62' title='bbox 626 751 948 802; x_wconf 86' lang='lat' dir='ltr'>congruentius,</span> <span class='ocrx_word' id='word_1_63' title='bbox 978 751 1069 804; x_wconf 90' lang='lat' dir='ltr'>quis</span> <span class='ocrx_word' id='word_1_64' title='bbox 1099 757 1344 803; x_wconf 88' lang='lat' dir='ltr'>argumento</span> <span class='ocrx_word' id='word_1_65' title='bbox 1378 752 1607 792; x_wconf 74' lang='lat' dir='ltr'>adversarii</span> <span class='ocrx_word' id='word_1_66' title='bbox 1636 751 1695 791; x_wconf 90' lang='lat' dir='ltr'>uti</span> 
     </span>
     <span class='ocr_line' id='line_1_10' title="bbox 123 814 1697 870; baseline 0.001 -15"><span class='ocrx_word' id='word_1_67' title='bbox 123 821 266 868; x_wconf 89' lang='lat' dir='ltr'>posset</span> <span class='ocrx_word' id='word_1_68' title='bbox 312 816 366 855; x_wconf 91' lang='lat' dir='ltr'>ad</span> <span class='ocrx_word' id='word_1_69' title='bbox 399 814 744 855; x_wconf 87' lang='lat' dir='ltr'>introducendum</span> <span class='ocrx_word' id='word_1_70' title='bbox 766 817 912 868; x_wconf 79' lang='lat' dir='ltr'>placet</span> <span class='ocrx_word' id='word_1_71' title='bbox 931 817 1204 870; x_wconf 74' lang='lat' dir='ltr'>pontificium</span> <span class='ocrx_word' id='word_1_72' title='bbox 1225 849 1234 865; x_wconf 88' lang='lat'><strong><em>,</em></strong></span> <span class='ocrx_word' id='word_1_73' title='bbox 1262 814 1456 869; x_wconf 71' lang='lat' dir='ltr'>&#39;respectu</span> <span class='ocrx_word' id='word_1_74' title='bbox 1485 819 1624 870; x_wconf 85' lang='lat' dir='ltr'>legum</span> <span class='ocrx_word' id='word_1_75' title='bbox 1654 824 1697 857; x_wconf 90' lang='lat' dir='ltr'>et</span> 
     </span>
     <span class='ocr_line' id='line_1_11' title="bbox 125 878 1693 933; baseline -0.001 -13"><span class='ocrx_word' id='word_1_76' title='bbox 125 878 432 920; x_wconf 82' lang='lat' dir='ltr'>ordinationum</span> <span class='ocrx_word' id='word_1_77' title='bbox 462 879 596 919; x_wconf 87' lang='lat' dir='ltr'>civilis</span> <span class='ocrx_word' id='word_1_78' title='bbox 625 879 910 931; x_wconf 75' lang='lat' dir='ltr'>magistratus.</span> <span class='ocrx_word' id='word_1_79' title='bbox 942 882 1049 921; x_wconf 91' lang='lat' dir='ltr'>Nam</span> <span class='ocrx_word' id='word_1_80' title='bbox 1078 880 1114 919; x_wconf 87' lang='lat' dir='ltr'>is</span> <span class='ocrx_word' id='word_1_81' title='bbox 1142 881 1347 932; x_wconf 89' lang='lat' dir='ltr'>imperare</span> <span class='ocrx_word' id='word_1_82' title='bbox 1376 889 1518 932; x_wconf 87' lang='lat' dir='ltr'>posset</span> <span class='ocrx_word' id='word_1_83' title='bbox 1539 881 1693 933; x_wconf 89' lang='lat' dir='ltr'>aliquid</span> 
     </span>
     <span class='ocr_line' id='line_1_12' title="bbox 126 941 1692 996; baseline 0 -14"><span class='ocrx_word' id='word_1_84' title='bbox 126 942 323 982; x_wconf 90' lang='lat' dir='ltr'>nocivum</span> <span class='ocrx_word' id='word_1_85' title='bbox 353 941 555 993; x_wconf 83' lang='lat' dir='ltr'>religioni,</span> <span class='ocrx_word' id='word_1_86' title='bbox 585 956 635 982; x_wconf 91' lang='lat' dir='ltr'>ac</span> <span class='ocrx_word' id='word_1_87' title='bbox 665 942 836 994; x_wconf 90' lang='lat' dir='ltr'>proinde</span> <span class='ocrx_word' id='word_1_88' title='bbox 864 949 1087 996; x_wconf 83' lang='lat' dir='ltr'>antequam</span> <span class='ocrx_word' id='word_1_89' title='bbox 1119 944 1206 983; x_wconf 91' lang='lat' dir='ltr'>eius</span> <span class='ocrx_word' id='word_1_90' title='bbox 1226 943 1344 984; x_wconf 84' lang='lat' dir='ltr'>iussa</span> <span class='ocrx_word' id='word_1_91' title='bbox 1363 945 1692 996; x_wconf 84' lang='lat' dir='ltr'>promulgentur,</span> 
     </span>
     <span class='ocr_line' id='line_1_13' title="bbox 126 1007 1694 1062; baseline 0.001 -14"><span class='ocrx_word' id='word_1_92' title='bbox 126 1007 294 1048; x_wconf 87' lang='lat' dir='ltr'>deberet</span> <span class='ocrx_word' id='word_1_93' title='bbox 309 1007 537 1048; x_wconf 83' lang='lat' dir='ltr'>auctoritas</span> <span class='ocrx_word' id='word_1_94' title='bbox 553 1008 750 1059; x_wconf 85' lang='lat' dir='ltr'>religiosa</span> <span class='ocrx_word' id='word_1_95' title='bbox 770 1009 1014 1048; x_wconf 84' lang='lat' dir='ltr'>examinare</span> <span class='ocrx_word' id='word_1_96' title='bbox 1035 1009 1130 1061; x_wconf 85' lang='lat' dir='ltr'>quid</span> <span class='ocrx_word' id='word_1_97' title='bbox 1150 1009 1402 1050; x_wconf 80' lang='lat' dir='ltr'>contineant.</span> <span class='ocrx_word' id='word_1_98' title='bbox 1426 1011 1558 1049; x_wconf 91' lang='lat' dir='ltr'>Immo</span> <span class='ocrx_word' id='word_1_99' title='bbox 1589 1023 1694 1062; x_wconf 87' lang='lat' dir='ltr'>quo-</span> 
     </span>
     <span class='ocr_line' id='line_1_14' title="bbox 124 1070 1692 1126; baseline 0.002 -16"><span class='ocrx_word' id='word_1_100' title='bbox 124 1071 235 1111; x_wconf 89' lang='lat' dir='ltr'>niam</span> <span class='ocrx_word' id='word_1_101' title='bbox 274 1070 418 1110; x_wconf 89' lang='lat' dir='ltr'>civiles</span> <span class='ocrx_word' id='word_1_102' title='bbox 454 1070 734 1111; x_wconf 83' lang='lat' dir='ltr'>ordinationes</span> <span class='ocrx_word' id='word_1_103' title='bbox 764 1072 905 1112; x_wconf 88' lang='lat' dir='ltr'>iubere</span> <span class='ocrx_word' id='word_1_104' title='bbox 936 1079 1110 1124; x_wconf 89' lang='lat' dir='ltr'>possunt</span> <span class='ocrx_word' id='word_1_105' title='bbox 1145 1074 1299 1126; x_wconf 88' lang='lat' dir='ltr'>aliquid</span> <span class='ocrx_word' id='word_1_106' title='bbox 1329 1074 1524 1114; x_wconf 89' lang='lat' dir='ltr'>nocivum</span> <span class='ocrx_word' id='word_1_107' title='bbox 1554 1074 1692 1114; x_wconf 86' lang='lat' dir='ltr'>ordini</span> 
     </span>
     <span class='ocr_line' id='line_1_15' title="bbox 123 1134 1693 1191; baseline 0.002 -17"><span class='ocrx_word' id='word_1_108' title='bbox 123 1134 351 1175; x_wconf 89' lang='lat' dir='ltr'>domestico</span> <span class='ocrx_word' id='word_1_109' title='bbox 371 1167 381 1182; x_wconf 87' lang='lat'>‚</span> <span class='ocrx_word' id='word_1_110' title='bbox 417 1135 609 1175; x_wconf 90' lang='lat' dir='ltr'>omnibus</span> <span class='ocrx_word' id='word_1_111' title='bbox 642 1135 1010 1188; x_wconf 85' lang='lat' dir='ltr'>patribusfamilias</span> <span class='ocrx_word' id='word_1_112' title='bbox 1053 1138 1367 1177; x_wconf 88' lang='lat' dir='ltr'>concedendum</span> <span class='ocrx_word' id='word_1_113' title='bbox 1406 1144 1519 1177; x_wconf 87' lang='lat' dir='ltr'>esset</span> <span class='ocrx_word' id='word_1_114' title='bbox 1541 1140 1693 1191; x_wconf 71' lang='lat' dir='ltr'>placet</span> 
     </span>
     <span class='ocr_line' id='line_1_16' title="bbox 124 1200 1695 1254; baseline 0.002 -15"><span class='ocrx_word' id='word_1_115' title='bbox 124 1200 329 1253; x_wconf 89' lang='lat' dir='ltr'>quoddam</span> <span class='ocrx_word' id='word_1_116' title='bbox 346 1201 631 1240; x_wconf 69' lang='lat' dir='ltr'>domesticam.</span> <span class='ocrx_word' id='word_1_117' title='bbox 655 1201 807 1241; x_wconf 88' lang='lat' dir='ltr'>Nescio</span> <span class='ocrx_word' id='word_1_118' title='bbox 829 1208 964 1242; x_wconf 89' lang='lat' dir='ltr'>utrum</span> <span class='ocrx_word' id='word_1_119' title='bbox 986 1202 1197 1242; x_wconf 89' lang='lat' dir='ltr'>arrideant</span> <span class='ocrx_word' id='word_1_120' title='bbox 1214 1203 1442 1254; x_wconf 85' lang='lat' dir='ltr'>Regalistis</span> <span class='ocrx_word' id='word_1_121' title='bbox 1456 1204 1695 1243; x_wconf 87' lang='lat' dir='ltr'>huiusmodi</span> 
     </span>
     <span class='ocr_line' id='line_1_17' title="bbox 124 1263 1695 1318; baseline 0.002 -16"><span class='ocrx_word' id='word_1_122' title='bbox 124 1263 347 1311; x_wconf 78' lang='lat' dir='ltr'>illationes,</span> <span class='ocrx_word' id='word_1_123' title='bbox 374 1277 480 1316; x_wconf 90' lang='lat' dir='ltr'>quae</span> <span class='ocrx_word' id='word_1_124' title='bbox 508 1269 646 1304; x_wconf 89' lang='lat' dir='ltr'>tamen</span> <span class='ocrx_word' id='word_1_125' title='bbox 668 1265 1157 1318; x_wconf 79' lang='lat' dir='ltr'>necessariosequuntur</span> <span class='ocrx_word' id='word_1_126' title='bbox 1179 1279 1231 1306; x_wconf 85' lang='lat' dir='ltr'>ex</span> <span class='ocrx_word' id='word_1_127' title='bbox 1252 1266 1386 1306; x_wconf 88' lang='lat' dir='ltr'>forma</span> <span class='ocrx_word' id='word_1_128' title='bbox 1406 1266 1695 1315; x_wconf 88' lang='lat' dir='ltr'>ratiocinandi,</span> 
     </span>
     <span class='ocr_line' id='line_1_18' title="bbox 125 1327 476 1382; baseline -0.006 -14"><span class='ocrx_word' id='word_1_129' title='bbox 125 1342 247 1382; x_wconf 91' lang='lat' dir='ltr'>quam</span> <span class='ocrx_word' id='word_1_130' title='bbox 267 1327 476 1368; x_wconf 85' lang='lat' dir='ltr'>adhibent.</span> 
     </span>
    </p>

    <p class='ocr_par' dir='ltr' id='par_1_6' title="bbox 123 1394 1697 2293">
     <span class='ocr_line' id='line_1_19' title="bbox 179 1394 1688 1447; baseline 0.002 -14"><span class='ocrx_word' id='word_1_131' title='bbox 179 1394 443 1434; x_wconf 86' lang='lat' dir='ltr'>Possibilitas</span> <span class='ocrx_word' id='word_1_132' title='bbox 470 1394 595 1447; x_wconf 86' lang='lat' dir='ltr'>igitur</span> <span class='ocrx_word' id='word_1_133' title='bbox 624 1395 777 1435; x_wconf 87' lang='lat' dir='ltr'>erroris</span> <span class='ocrx_word' id='word_1_134' title='bbox 806 1401 878 1434; x_wconf 86' lang='lat' dir='ltr'>aut</span> <span class='ocrx_word' id='word_1_135' title='bbox 906 1396 1063 1436; x_wconf 84' lang='lat' dir='ltr'>abusus</span> <span class='ocrx_word' id='word_1_136' title='bbox 1093 1409 1174 1434; x_wconf 90' lang='lat' dir='ltr'>non</span> <span class='ocrx_word' id='word_1_137' title='bbox 1206 1396 1379 1435; x_wconf 89' lang='lat' dir='ltr'>destruit</span> <span class='ocrx_word' id='word_1_138' title='bbox 1406 1396 1472 1435; x_wconf 89' lang='lat' dir='ltr'>ius</span> <span class='ocrx_word' id='word_1_139' title='bbox 1501 1397 1688 1437; x_wconf 84' lang='lat' dir='ltr'>auctori—</span> 
     </span>
     <span class='ocr_line' id='line_1_20' title="bbox 127 1458 1692 1510; baseline 0.002 -13"><span class='ocrx_word' id='word_1_140' title='bbox 127 1459 224 1499; x_wconf 86' lang='lat' dir='ltr'>tatis</span> <span class='ocrx_word' id='word_1_141' title='bbox 260 1458 488 1510; x_wconf 89' lang='lat' dir='ltr'>cuiuspiam</span> <span class='ocrx_word' id='word_1_142' title='bbox 508 1491 518 1507; x_wconf 86' lang='lat'><em>,</em></span> <span class='ocrx_word' id='word_1_143' title='bbox 549 1471 628 1497; x_wconf 89' lang='lat' dir='ltr'>nec</span> <span class='ocrx_word' id='word_1_144' title='bbox 658 1459 897 1499; x_wconf 81' lang='lat' dir='ltr'>facultatem</span> <span class='ocrx_word' id='word_1_145' title='bbox 934 1459 1073 1498; x_wconf 84' lang='lat' dir='ltr'>tribuit</span> <span class='ocrx_word' id='word_1_146' title='bbox 1102 1459 1276 1499; x_wconf 87' lang='lat' dir='ltr'>subditis</span> <span class='ocrx_word' id='word_1_147' title='bbox 1306 1460 1573 1498; x_wconf 80' lang='lat' dir='ltr'>examinandi</span> <span class='ocrx_word' id='word_1_148' title='bbox 1603 1460 1692 1500; x_wconf 89' lang='lat' dir='ltr'>eius</span> 
     </span>
     <span class='ocr_line' id='line_1_21' title="bbox 125 1522 1693 1575; baseline 0.001 -14"><span class='ocrx_word' id='word_1_149' title='bbox 125 1523 351 1571; x_wconf 84' lang='lat' dir='ltr'>mandata,</span> <span class='ocrx_word' id='word_1_150' title='bbox 382 1530 604 1575; x_wconf 86' lang='lat' dir='ltr'>antequam</span> <span class='ocrx_word' id='word_1_151' title='bbox 642 1523 930 1575; x_wconf 82' lang='lat' dir='ltr'>publicentur3</span> <span class='ocrx_word' id='word_1_152' title='bbox 961 1536 1084 1563; x_wconf 83' lang='lat' dir='ltr'>secus</span> <span class='ocrx_word' id='word_1_153' title='bbox 1114 1523 1250 1562; x_wconf 88' lang='lat' dir='ltr'>omnis</span> <span class='ocrx_word' id='word_1_154' title='bbox 1287 1523 1388 1562; x_wconf 89' lang='lat' dir='ltr'>ordo</span> <span class='ocrx_word' id='word_1_155' title='bbox 1419 1522 1693 1563; x_wconf 87' lang='lat' dir='ltr'>subiectionis</span> 
     </span>
     <span class='ocr_line' id='line_1_22' title="bbox 126 1588 1694 1641; baseline -0.001 -13"><span class='ocrx_word' id='word_1_156' title='bbox 126 1589 444 1629; x_wconf 86' lang='lat' dir='ltr'>subverteretur.</span> <span class='ocrx_word' id='word_1_157' title='bbox 484 1590 675 1629; x_wconf 88' lang='lat' dir='ltr'>Iamvero</span> <span class='ocrx_word' id='word_1_158' title='bbox 704 1595 894 1641; x_wconf 85' lang='lat' dir='ltr'>respectu</span> <span class='ocrx_word' id='word_1_159' title='bbox 924 1589 1141 1629; x_wconf 86' lang='lat' dir='ltr'>Pontificis</span> <span class='ocrx_word' id='word_1_160' title='bbox 1178 1595 1249 1628; x_wconf 89' lang='lat' dir='ltr'>aut</span> <span class='ocrx_word' id='word_1_161' title='bbox 1279 1588 1578 1641; x_wconf 83' lang='lat' dir='ltr'>Episcoporum</span> <span class='ocrx_word' id='word_1_162' title='bbox 1609 1602 1694 1628; x_wconf 90' lang='lat' dir='ltr'>non</span> 
     </span>
     <span class='ocr_line' id='line_1_23' title="bbox 124 1654 1695 1708; baseline -0.001 -14"><span class='ocrx_word' id='word_1_163' title='bbox 124 1655 248 1695; x_wconf 88' lang='lat' dir='ltr'>modo</span> <span class='ocrx_word' id='word_1_164' title='bbox 278 1654 392 1694; x_wconf 91' lang='lat' dir='ltr'>cives</span> <span class='ocrx_word' id='word_1_165' title='bbox 421 1655 495 1694; x_wconf 87' lang='lat' dir='ltr'>sed</span> <span class='ocrx_word' id='word_1_166' title='bbox 525 1655 732 1708; x_wconf 87' lang='lat' dir='ltr'>principes</span> <span class='ocrx_word' id='word_1_167' title='bbox 762 1655 886 1694; x_wconf 88' lang='lat' dir='ltr'>etiam</span> <span class='ocrx_word' id='word_1_168' title='bbox 916 1662 956 1695; x_wconf 86' lang='lat' dir='ltr'>et</span> <span class='ocrx_word' id='word_1_169' title='bbox 975 1660 1062 1695; x_wconf 86' lang='lat' dir='ltr'>tota</span> <span class='ocrx_word' id='word_1_170' title='bbox 1082 1654 1263 1695; x_wconf 90' lang='lat' dir='ltr'>societas</span> <span class='ocrx_word' id='word_1_171' title='bbox 1283 1654 1324 1693; x_wconf 91' lang='lat' dir='ltr'>in</span> <span class='ocrx_word' id='word_1_172' title='bbox 1345 1654 1603 1694; x_wconf 85' lang='lat' dir='ltr'>subditorum</span> <span class='ocrx_word' id='word_1_173' title='bbox 1620 1668 1695 1693; x_wconf 89' lang='lat' dir='ltr'>nu-</span> 
     </span>
     <span class='ocr_line' id='line_1_24' title="bbox 124 1720 1695 1773; baseline 0 -13"><span class='ocrx_word' id='word_1_174' title='bbox 124 1734 239 1761; x_wconf 90' lang='lat' dir='ltr'>mero</span> <span class='ocrx_word' id='word_1_175' title='bbox 268 1721 484 1761; x_wconf 86' lang='lat' dir='ltr'>habentur.</span> <span class='ocrx_word' id='word_1_176' title='bbox 517 1722 609 1761; x_wconf 89' lang='lat' dir='ltr'>Non</span> <span class='ocrx_word' id='word_1_177' title='bbox 638 1721 764 1773; x_wconf 87' lang='lat' dir='ltr'>igitur</span> <span class='ocrx_word' id='word_1_178' title='bbox 791 1721 856 1760; x_wconf 91' lang='lat' dir='ltr'>ius</span> <span class='ocrx_word' id='word_1_179' title='bbox 886 1722 1012 1760; x_wconf 90' lang='lat' dir='ltr'>ullum</span> <span class='ocrx_word' id='word_1_180' title='bbox 1042 1720 1256 1761; x_wconf 85' lang='lat' dir='ltr'>vindicare</span> <span class='ocrx_word' id='word_1_181' title='bbox 1285 1720 1362 1760; x_wconf 90' lang='lat' dir='ltr'>sibi</span> <span class='ocrx_word' id='word_1_182' title='bbox 1383 1728 1558 1772; x_wconf 87' lang='lat' dir='ltr'>possunt</span> <span class='ocrx_word' id='word_1_183' title='bbox 1579 1734 1695 1769; x_wconf 89' lang='lat' dir='ltr'>prae-</span> 
     </span>
     <span class='ocr_line' id='line_1_25' title="bbox 124 1783 1689 1837; baseline -0.001 -13"><span class='ocrx_word' id='word_1_184' title='bbox 124 1783 314 1836; x_wconf 89' lang='lat' dir='ltr'>pediendi</span> <span class='ocrx_word' id='word_1_185' title='bbox 357 1798 498 1825; x_wconf 88' lang='lat' dir='ltr'>eorum</span> <span class='ocrx_word' id='word_1_186' title='bbox 530 1784 842 1833; x_wconf 89' lang='lat' dir='ltr'>ordinationes;</span> <span class='ocrx_word' id='word_1_187' title='bbox 874 1785 948 1825; x_wconf 89' lang='lat' dir='ltr'>sed</span> <span class='ocrx_word' id='word_1_188' title='bbox 977 1790 1136 1823; x_wconf 86' lang='lat' dir='ltr'>tantum</span> <span class='ocrx_word' id='word_1_189' title='bbox 1158 1818 1166 1833; x_wconf 91' lang='lat'><strong><em>,</em></strong></span> <span class='ocrx_word' id='word_1_190' title='bbox 1198 1784 1232 1824; x_wconf 90' lang='lat' dir='ltr'>si</span> <span class='ocrx_word' id='word_1_191' title='bbox 1263 1784 1368 1824; x_wconf 88' lang='lat' dir='ltr'>forte</span> <span class='ocrx_word' id='word_1_192' title='bbox 1397 1785 1615 1837; x_wconf 84' lang='lat' dir='ltr'>contingat</span> <span class='ocrx_word' id='word_1_193' title='bbox 1644 1790 1689 1823; x_wconf 90' lang='lat' dir='ltr'>ut</span> 
     </span>
     <span class='ocr_line' id='line_1_26' title="bbox 124 1850 1692 1903; baseline 0.001 -14"><span class='ocrx_word' id='word_1_194' title='bbox 124 1850 278 1903; x_wconf 90' lang='lat' dir='ltr'>aliquid</span> <span class='ocrx_word' id='word_1_195' title='bbox 307 1850 614 1903; x_wconf 87' lang='lat' dir='ltr'>praescribatur</span> <span class='ocrx_word' id='word_1_196' title='bbox 641 1851 837 1891; x_wconf 78' lang='lat' dir='ltr'>nocivum</span> <span class='ocrx_word' id='word_1_197' title='bbox 872 1851 978 1890; x_wconf 89' lang='lat' dir='ltr'>bono</span> <span class='ocrx_word' id='word_1_198' title='bbox 1008 1850 1119 1890; x_wconf 83' lang='lat' dir='ltr'>civili</span> <span class='ocrx_word' id='word_1_199' title='bbox 1151 1851 1291 1903; x_wconf 89' lang='lat' dir='ltr'>(quod</span> <span class='ocrx_word' id='word_1_200' title='bbox 1320 1851 1404 1890; x_wconf 88' lang='lat' dir='ltr'>fere</span> <span class='ocrx_word' id='word_1_201' title='bbox 1434 1850 1692 1902; x_wconf 88' lang='lat' dir='ltr'>impossibile</span> 
     </span>
     <span class='ocr_line' id='line_1_27' title="bbox 124 1915 1696 1968; baseline 0 -14"><span class='ocrx_word' id='word_1_202' title='bbox 124 1915 325 1968; x_wconf 83' lang='lat' dir='ltr'>videtur),</span> <span class='ocrx_word' id='word_1_203' title='bbox 357 1915 506 1968; x_wconf 87' lang='lat' dir='ltr'>poterit</span> <span class='ocrx_word' id='word_1_204' title='bbox 536 1915 669 1955; x_wconf 75' lang='lat' dir='ltr'>civilis</span> <span class='ocrx_word' id='word_1_205' title='bbox 697 1922 885 1968; x_wconf 88' lang='lat' dir='ltr'>potestas</span> <span class='ocrx_word' id='word_1_206' title='bbox 914 1915 1191 1967; x_wconf 88' lang='lat' dir='ltr'>postulatione</span> <span class='ocrx_word' id='word_1_207' title='bbox 1220 1915 1277 1954; x_wconf 87' lang='lat' dir='ltr'>uti</span> <span class='ocrx_word' id='word_1_208' title='bbox 1306 1915 1416 1966; x_wconf 87' lang='lat' dir='ltr'>apud</span> <span class='ocrx_word' id='word_1_209' title='bbox 1446 1915 1696 1968; x_wconf 84' lang='lat' dir='ltr'>Episcopum</span> 
     </span>
     <span class='ocr_line' id='line_1_28' title="bbox 123 1979 1697 2032; baseline 0.001 -14"><span class='ocrx_word' id='word_1_210' title='bbox 123 1980 188 2020; x_wconf 90' lang='lat' dir='ltr'>vel</span> <span class='ocrx_word' id='word_1_211' title='bbox 218 1979 477 2019; x_wconf 87' lang='lat' dir='ltr'>Pontificem.</span> <span class='ocrx_word' id='word_1_212' title='bbox 508 1980 643 2031; x_wconf 90' lang='lat' dir='ltr'>Atque</span> <span class='ocrx_word' id='word_1_213' title='bbox 672 1979 712 2019; x_wconf 93' lang='lat' dir='ltr'>id</span> <span class='ocrx_word' id='word_1_214' title='bbox 742 1979 956 2019; x_wconf 87' lang='lat' dir='ltr'>sufficiens</span> <span class='ocrx_word' id='word_1_215' title='bbox 986 1985 1050 2018; x_wconf 86' lang='lat' dir='ltr'>est</span> <span class='ocrx_word' id='word_1_216' title='bbox 1069 1979 1121 2018; x_wconf 90' lang='lat' dir='ltr'>ad</span> <span class='ocrx_word' id='word_1_217' title='bbox 1142 1980 1374 2019; x_wconf 88' lang='lat' dir='ltr'>cavendum</span> <span class='ocrx_word' id='word_1_218' title='bbox 1397 1980 1565 2028; x_wconf 81' lang='lat' dir='ltr'>malum,</span> <span class='ocrx_word' id='word_1_219' title='bbox 1588 1980 1697 2032; x_wconf 92' lang='lat' dir='ltr'>quod</span> 
     </span>
     <span class='ocr_line' id='line_1_29' title="bbox 126 2044 1693 2097; baseline 0 -13"><span class='ocrx_word' id='word_1_220' title='bbox 126 2044 350 2097; x_wconf 84' lang='lat' dir='ltr'>oggeritur,</span> <span class='ocrx_word' id='word_1_221' title='bbox 381 2050 585 2097; x_wconf 88' lang='lat' dir='ltr'>quatenus</span> <span class='ocrx_word' id='word_1_222' title='bbox 613 2044 824 2097; x_wconf 91' lang='lat' dir='ltr'>legitimus</span> <span class='ocrx_word' id='word_1_223' title='bbox 853 2044 1041 2096; x_wconf 84' lang='lat' dir='ltr'>superior</span> <span class='ocrx_word' id='word_1_224' title='bbox 1071 2057 1219 2096; x_wconf 89' lang='lat' dir='ltr'>nempe</span> <span class='ocrx_word' id='word_1_225' title='bbox 1237 2045 1467 2097; x_wconf 88' lang='lat' dir='ltr'>Episcopus</span> <span class='ocrx_word' id='word_1_226' title='bbox 1488 2052 1558 2084; x_wconf 87' lang='lat' dir='ltr'>aut</span> <span class='ocrx_word' id='word_1_227' title='bbox 1579 2046 1693 2084; x_wconf 89' lang='lat' dir='ltr'>Pon—</span> 
     </span>
     <span class='ocr_line' id='line_1_30' title="bbox 123 2110 1694 2162; baseline 0.001 -13"><span class='ocrx_word' id='word_1_228' title='bbox 123 2110 246 2159; x_wconf 80' lang='lat' dir='ltr'>tifex,</span> <span class='ocrx_word' id='word_1_229' title='bbox 275 2111 336 2151; x_wconf 85' lang='lat' dir='ltr'>sic</span> <span class='ocrx_word' id='word_1_230' title='bbox 365 2110 602 2150; x_wconf 89' lang='lat' dir='ltr'>admonitus</span> <span class='ocrx_word' id='word_1_231' title='bbox 631 2118 670 2150; x_wconf 90' lang='lat' dir='ltr'>et</span> <span class='ocrx_word' id='word_1_232' title='bbox 695 2123 739 2150; x_wconf 87' lang='lat' dir='ltr'>re</span> <span class='ocrx_word' id='word_1_233' title='bbox 769 2110 916 2149; x_wconf 88' lang='lat' dir='ltr'>melius</span> <span class='ocrx_word' id='word_1_234' title='bbox 944 2122 1162 2161; x_wconf 84' lang='lat' dir='ltr'>perpensa,</span> <span class='ocrx_word' id='word_1_235' title='bbox 1193 2110 1333 2150; x_wconf 85' lang='lat' dir='ltr'>videre</span> <span class='ocrx_word' id='word_1_236' title='bbox 1363 2110 1541 2162; x_wconf 85' lang='lat' dir='ltr'>poterit,</span> <span class='ocrx_word' id='word_1_237' title='bbox 1577 2110 1694 2150; x_wconf 85' lang='lat' dir='ltr'>iuxta</span> 
     </span>
     <span class='ocr_line' id='line_1_31' title="bbox 123 2173 1694 2227; baseline -0.001 -13"><span class='ocrx_word' id='word_1_238' title='bbox 123 2174 338 2227; x_wconf 88' lang='lat' dir='ltr'>negotium</span> <span class='ocrx_word' id='word_1_239' title='bbox 367 2175 416 2214; x_wconf 90' lang='lat' dir='ltr'>de</span> <span class='ocrx_word' id='word_1_240' title='bbox 445 2187 525 2227; x_wconf 91' lang='lat' dir='ltr'>quo</span> <span class='ocrx_word' id='word_1_241' title='bbox 554 2174 703 2227; x_wconf 88' lang='lat' dir='ltr'>agitur,</span> <span class='ocrx_word' id='word_1_242' title='bbox 726 2174 934 2227; x_wconf 88' lang='lat' dir='ltr'>quodnam</span> <span class='ocrx_word' id='word_1_243' title='bbox 956 2179 1327 2225; x_wconf 85' lang='lat' dir='ltr'>temperamentum</span> <span class='ocrx_word' id='word_1_244' title='bbox 1348 2174 1607 2214; x_wconf 84' lang='lat' dir='ltr'>afferendum</span> <span class='ocrx_word' id='word_1_245' title='bbox 1628 2173 1694 2222; x_wconf 84' lang='lat' dir='ltr'>sit,</span> 
     </span>
     <span class='ocr_line' id='line_1_32' title="bbox 123 2240 815 2293; baseline -0.001 -13"><span class='ocrx_word' id='word_1_246' title='bbox 123 2240 158 2280; x_wconf 89' lang='lat' dir='ltr'>si</span> <span class='ocrx_word' id='word_1_247' title='bbox 188 2253 321 2293; x_wconf 85' lang='lat' dir='ltr'>aequa</span> <span class='ocrx_word' id='word_1_248' title='bbox 351 2247 552 2292; x_wconf 89' lang='lat' dir='ltr'>appareat</span> <span class='ocrx_word' id='word_1_249' title='bbox 580 2240 815 2292; x_wconf 83' lang='lat' dir='ltr'>postulatio.</span> 
     </span>
    </p>
   </div>
   <div class='ocr_carea' id='block_1_3' title="bbox 674 2576 1129 2605">
    <p class='ocr_par' dir='ltr' id='par_1_7' title="bbox 674 2576 1129 2605">
     <span class='ocr_line' id='line_1_33' title="bbox 674 2576 1129 2605; baseline -0.002 -2"><span class='ocrx_word' id='word_1_250' title='bbox 674 2578 779 2604; x_wconf 86' lang='lat' dir='ltr'>FINIS</span> <span class='ocrx_word' id='word_1_251' title='bbox 807 2577 917 2604; x_wconf 82' lang='lat' dir='ltr'>lURIS</span> <span class='ocrx_word' id='word_1_252' title='bbox 947 2576 1129 2605; x_wconf 79' lang='lat' dir='ltr'>SOCIALIS</span> 
     </span>
    </p>
   </div>
  </div>
 </body>
</html>
