1970 3203
249 203 326 242 174
589 216 653 242 IUS
682 216 883 242 NATURAE
905 227 926 232 -
947 217 1054 244 PARS
1084 218 1108 244 l.
1138 218 1205 244 lUS
1235 218 1501 247 INDIVIDUALE

251 288 488 329 Conditoris
508 289 749 329 constitutio
767 290 818 329 ab
836 289 1074 330 hominibus
1091 293 1658 347 commutaretur‚ingruente
1679 308 1823 335 neces-

249 354 384 401 sitate,
416 368 498 406 qua
517 368 652 406 genus
670 354 913 404 humanum,
936 356 1018 395 iam
1043 357 1162 398 valde
1184 365 1460 411 propagatum
1490 367 1530 400 et
1559 361 1600 400 in
1632 360 1821 401 diversas

247 418 424 457 divisum
456 418 647 468 familias,
679 420 849 460 minime
881 428 1022 472 posset
1052 434 1184 474 aeque
1204 436 1278 475 pro
1300 423 1476 475 singulis
1506 425 1723 465 utilitatem
1751 426 1826 466 de-

244 497 413 535 cerpere
445 498 498 524 ex
528 485 653 525 rebus
682 485 724 524 in
754 487 888 527 medio
920 487 1078 539 positis.
1110 488 1219 528 Hinc
1250 502 1277 527 a
1306 488 1515 540 primitiva
1545 504 1684 530 rerum
1716 504 1831 531 com-

245 549 441 588 munione
471 550 664 590 homines
693 552 923 592 recessisse
946 586 954 601 ‚
986 553 1190 592 divisione
1220 553 1425 593 bonorum
1456 561 1496 595 et
1525 555 1719 595 dominiis
1759 557 1827 595 in-

244 613 389 661 vectis,
421 614 460 652 vi
489 616 698 666 generalis
728 623 767 656 et
798 625 933 657 mutae
964 617 1180 657 cuiusdam
1212 617 1505 657 conventionis
1535 620 1610 671 (1).

298 681 453 719 Verum
484 682 591 722 haec
613 683 821 723 sententia
841 697 925 723 non
946 684 1080 723 solum
1102 683 1312 733 historiae,
1337 684 1413 724 sed
1442 684 1567 724 etiam
1589 686 1746 725 rationi
1768 699 1829 725 re-

244 754 414 799 pugnat,
437 755 476 788 et
509 748 823 789 Communismo
845 763 994 789 ansam
1024 749 1205 801 praebet.
1229 750 1276 788 In
1305 749 1449 795 primis
1480 750 1589 790 enim
1615 751 1818 791 eiusmodi

244 813 456 864 generalis
486 814 720 862 conventio,
750 815 866 854 initio
898 814 1168 867 dispersionis
1198 814 1448 855 familiarum
1489 814 1620 865 facta,
1650 816 1820 857 omnino

243 876 376 927 gratis
406 877 608 917 asseritur
629 908 638 924 ,
669 891 746 918 nec
777 879 866 918 eius
898 879 1121 932 vestigium
1150 880 1318 932 aliquod
1361 879 1402 919 in
1433 885 1712 920 monumentis
1742 894 1819 933 po—

243 943 432 993 pulorum
463 945 678 996 reperitur,
710 958 814 997 quae
843 945 969 985 immo
999 945 1254 986 contrarium
1290 946 1453 985 docent.
1485 946 1645 986 Deinde
1675 961 1726 987 ea
1754 961 1823 999 pa-

244 1008 381 1048 ctione
411 1022 625 1049 recessum
656 1010 802 1050 fuisset
825 1025 847 1050 a
868 1011 1077 1063 primitivo
1098 1012 1194 1060 fine,
1215 1023 1335 1064 quem
1362 1011 1474 1050 Deus
1504 1011 1755 1058 intenderat,
1780 1018 1818 1051 et

243 1087 267 1112 a
298 1074 544 1125 perfectiore
566 1082 676 1116 statu
707 1077 828 1117 nobis
857 1091 883 1116 a
913 1086 1065 1118 natura
1094 1076 1319 1129 proposito.
1342 1079 1398 1117 Ut
1425 1077 1533 1116 enim
1565 1077 1821 1117 Heineccius

241 1139 405 1188 asserit,
434 1140 475 1179 si
502 1154 646 1180 omnes
677 1154 810 1194 aeque
842 1142 1015 1182 virtutis
1045 1156 1192 1182 amore
1209 1144 1489 1195 flagrarent,
1523 1142 1644 1182 nullo
1677 1155 1822 1182 reram

241 1203 431 1244 dominio
468 1204 757 1258 indigeremus
788 1208 863 1259 (2).
895 1207 1032 1253 Quare
1055 1210 1264 1247 sententia
1290 1206 1492 1246 eiusmodi
1516 1205 1728 1246 contraria
1757 1213 1818 1245 est

241 1270 564 1323 perfectibilitati
586 1279 626 1313 et
643 1274 886 1326 progressui
907 1274 1089 1313 naturali
1109 1274 1279 1326 generis
1298 1273 1492 1322 humani;
1515 1273 1817 1324 dicendumque

243 1336 348 1376 foret
377 1336 592 1377 silvestres
622 1338 841 1387 homines,
873 1339 941 1392 qui
972 1338 1102 1378 libero
1134 1344 1288 1378 venatu
1332 1339 1461 1380 vitam
1493 1339 1672 1391 degunt,
1703 1338 1818 1376 nulla

243 1401 381 1441 stabili
396 1401 646 1453 proprietate
655 1402 972 1455 utentes,magis
984 1416 1028 1442 se
1042 1402 1207 1442 divinae
1217 1402 1345 1442 menti
1355 1402 1820 1453 accommodare‚quam

242 1469 377 1508 cultos
405 1469 593 1521 populos,
615 1469 683 1522 qui
714 1469 917 1509 divisione
938 1483 1076 1509 rerum
1099 1482 1204 1507 arva
1224 1468 1422 1522 subigunt
1442 1474 1482 1508 et
1502 1468 1655 1516 colunt,
1677 1467 1816 1506 omni—

241 1547 458 1586 genaeque
474 1534 704 1575 industriae
722 1535 819 1574 dant
836 1548 1017 1587 operam.
1043 1534 1196 1583 Tertio,
1219 1535 1326 1574 scire
1348 1533 1401 1573 ab
1422 1533 1651 1574 Heineccio
1671 1533 1820 1572 vellem

241 1611 322 1650 qua
352 1597 512 1638 ratione
537 1598 644 1638 haec
674 1599 909 1647 conventio,
941 1598 1220 1639 affirmativae
1251 1598 1327 1639 Dei
1357 1598 1438 1650 legi
1466 1598 1706 1646 detrahens,
1738 1597 1820 1636 vim

239 1664 340 1703 iuris
389 1664 560 1704 induere
599 1678 651 1704 ac
689 1672 909 1717 posteros,
946 1665 1013 1718 qui
1052 1679 1134 1705 non
1177 1671 1492 1713 consenserunt,
1524 1664 1711 1716 obligare
1741 1677 1811 1716 po-

244 1729 379 1769 tuerit.
410 1729 602 1769 Profecto
632 1730 697 1770 ius
727 1744 753 1769 a
782 1732 943 1770 ratione
968 1729 1240 1783 progignitur,
1272 1736 1311 1770 et
1350 1729 1646 1782 obligationem
1676 1731 1811 1779 affert,

243 1795 381 1846 quoad
402 1796 681 1834 reverentiam
704 1795 781 1835 sibi
803 1796 993 1836 debitam.
1017 1795 1136 1843 Quod
1156 1801 1296 1835 autem
1317 1795 1400 1834 tale
1420 1800 1493 1844 est,
1516 1808 1600 1834 non
1621 1795 1727 1847 legis
1748 1809 1816 1835 ex-

244 1859 437 1911 ceptione
469 1860 542 1900 sed
571 1860 832 1901 institutione
854 1867 1031 1901 constat.
1049 1861 1236 1913 Denique
1258 1860 1493 1908 conventio,
1515 1873 1623 1912 quae
1643 1873 1669 1899 a
1693 1860 1824 1901 libera

243 1924 458 1963 voluntate
472 1924 553 1963 vim
571 1925 710 1974 habet,
723 1938 796 1978 per
813 1926 1067 1965 contrariam
1080 1926 1338 1966 voluntatem
1350 1925 1456 1964 solvi
1474 1932 1620 1977 potest.
1632 1925 1674 1965 Si
1690 1924 1818 1977 igitur

243 1990 395 2042 populi,
416 1997 488 2030 aut
503 1991 636 2031 maior
653 2005 795 2032 eorum
818 2005 927 2044 pars,
949 1992 1002 2031 ad
1023 1991 1239 2044 pristinam
1257 1992 1460 2032 bonorum
1482 1991 1815 2031 communionem

238 2056 374 2096 redire
394 2056 532 2105 velint,
547 2057 587 2097 id
604 2058 760 2098 licitum
777 2064 816 2098 et
832 2058 982 2097 rationi
1000 2063 1330 2098 consentaneum
1347 2058 1575 2110 putandum
1591 2057 1678 2097 erit.
1702 2058 1816 2097 Com·
1858 2064 1860 2066 ’

240 2121 480 2161 muniemus
509 2122 635 2174 igitur
656 2135 738 2161 non
768 2122 958 2162 absolute
978 2121 1242 2174 repugnabit,
1264 2122 1337 2161 sed
1358 2128 1402 2161 ut
1422 2122 1560 2162 licitus
1582 2122 1647 2163 vel
1668 2122 1816 2161 saltem

238 2186 483 2227 indifferens
503 2187 649 2227 haberi
670 2188 830 2239 poterit.
854 2189 916 2228 En
938 2187 1054 2241 origo
1086 2187 1283 2240 pestifera
1314 2187 1565 2236 deliriorum,
1597 2200 1702 2240 quae
1724 2193 1821 2227 tem-

238 2258 400 2304 pestate
430 2253 512 2293 hac
541 2259 687 2293 nostra
716 2254 902 2294 ordinem
932 2254 1132 2294 socialem
1163 2253 1205 2292 in
1237 2253 1467 2292 maximum
1499 2253 1724 2293 discrimen
1752 2253 1820 2292 ad-

241 2316 420 2356 ducunt!
452 2317 494 2356 Si
525 2330 626 2356 vera
654 2317 762 2370 loqui
795 2319 998 2366 volumus,
1029 2331 1112 2357 non
1143 2317 1309 2356 aliunde
1341 2322 1576 2365 manarunt,
1607 2330 1731 2369 quam
1762 2329 1814 2356 ex

239 2382 543 2423 commenticiis
581 2383 962 2435 philosophantium
994 2382 1256 2435 opinionibus
1276 2415 1285 2431 ‚
1325 2395 1429 2434 quas
1458 2382 1666 2422 recentior
1695 2387 1813 2433 aetas

237 2449 374 2500 inepte
405 2448 595 2501 suspexit
615 2456 654 2488 et
682 2448 884 2488 iuventuti
915 2449 1159 2488 educandae
1189 2448 1231 2486 in
1262 2448 1420 2487 scholis
1451 2447 1557 2487 tradi
1587 2460 1715 2499 passa
1746 2458 1822 2486 est.

291 2515 353 2553 74.
386 2515 639 2554 PRoposrrio
655 2513 711 2553 2³.
728 2514 803 2553 Ius
823 2514 988 2555 stabilis
1001 2513 1289 2567 proprietatis
1312 2526 1396 2552 non
1418 2514 1562 2553 oritur
1582 2526 1631 2552 eoe
1652 2512 1813 2566 leyz'bus

246 2578 451 2617 civilibus.

298 2643 421 2683 Prob.
443 2644 746 2696 Montesquieu‚
772 2644 1010 2684 Hieremiae
1034 2643 1240 2684 Bentham
1258 2649 1297 2683 et
1314 2643 1524 2683 Hobbesio
1547 2642 1818 2682 consentiens

247 2708 539 2761 proprietatem
558 2709 789 2762 exlegibus
804 2710 994 2750 civilibus
1017 2708 1233 2749 derivavit.
1249 2708 1319 2748 Ait
1340 2708 1462 2756 enim,
1484 2707 1676 2748 homines
1708 2715 1823 2747 natu-

280 2862 329 2901 (1)
357 2860 552 2893 Elementa
576 2862 677 2894 Iuris
703 2862 875 2895 Natus-ae
899 2867 933 2895 et
965 2861 1146 2900 Gentium,
1172 2861 1194 2893 1.
1219 2861 1241 2899 1,
1266 2871 1292 2893 o.
1320 2861 1347 2893 9.

283 2914 336 2954 (2)
363 2915 446 2948 Loc.
472 2913 528 2952 cit,
552 2914 569 2954 ἓ
594 2914 664 2947 338.
