1970 3203
175 197 254 238 198
549 208 616 236 ius
646 208 884 236 NATURAE—
906 209 1015 235 PARS
1045 209 1082 236 11.
1114 208 1181 236 ius
1211 207 1381 236 socnam

169 285 216 323 in
246 283 415 323 modum
446 283 638 335 augescit
668 282 837 331 utilitas,
867 294 975 335 quae
996 295 1049 322 ex
1069 281 1170 334 ipsis
1190 281 1232 320 in
1258 280 1501 321 societatem
1534 282 1751 322 redundat.

172 351 306 390 Nemo
329 348 439 388 enim
461 355 524 389 est
543 348 678 401 aptior
699 348 752 387 ad
772 347 881 388 alios
908 347 1129 400 disciplina
1147 347 1406 396 imbuendos,
1429 361 1551 400 quam
1574 348 1655 400 qui,
1679 361 1749 386 nu-

170 416 351 468 ptiarum
382 427 508 454 onere
539 414 713 462 solutus,
743 413 929 454 familiae
959 413 1170 466 regendae
1200 412 1381 465 negotiis
1410 425 1494 453 non
1521 413 1750 454 distinetur.

173 481 276 528 Quis
305 486 446 520 autem
476 479 615 532 magis.
647 479 822 520 idoneus
857 479 911 519 ad
941 478 1193 531 sapientiam
1223 478 1317 518 aliis
1351 479 1747 519 communicandam

172 547 509 598 excolendosque
539 557 690 594 mores,
714 558 838 598 quarn
859 545 895 585 is
925 545 994 597 qui
1015 544 1247 597 sapientiae
1268 544 1388 584 unice
1418 545 1556 585 studet
1585 558 1635 584 ac
1656 550 1754 584 tem-

173 613 387 666 perandae
418 611 631 663 cupiditati
661 611 882 664 virtutique
912 611 1170 651 excolendae
1199 623 1245 649 se
1277 610 1443 662 penitus
1463 609 1755 663 mancipavit?

229 678 420 719 [astabis
450 678 599 717 denuo:
631 678 796 717 Bonum
829 690 1051 717 commune
1080 676 1218 728 potius
1248 682 1311 716 est
1342 676 1449 716 bono
1471 676 1645 729 privato.
1668 676 1750 715 Sed

166 742 416 794 coniugium
446 746 611 794 spectat
640 740 794 780 bonum
826 753 1062 789 commune,
1093 739 1326 779 caelibatus
1347 739 1501 779 bonum
1531 738 1751 791 privatum.

172 809 285 860 Ergo
317 806 558 861 coniugium
576 840 587 855 ,
620 812 760 858 utpote
788 805 913 845 altius
943 806 1099 845 bonum
1130 811 1341 857 spectans,
1371 805 1654 857 praestantius
1683 810 1748 844 est

171 873 392 914 caelibatu

228 941 277 980 R.
299 940 409 979 Huic
431 938 665 979 difficultati
689 938 750 977 sic
766 937 993 990 respondet
1014 937 1055 976 S.
1078 937 1278 976 Thomas:
1303 951 1322 974 «
1346 937 1509 976 Bonum
1531 949 1756 976 commune

172 1003 310 1056 potius
332 1010 394 1044 est
416 1004 525 1043 bono
546 1003 719 1056 privato,
743 1001 777 1042 si
799 1001 851 1041 sit
867 1001 1052 1041 eiusdem
1074 1000 1256 1054 generis3
1279 1000 1353 1040 sed
1373 1007 1510 1052 potest
1530 1013 1624 1040 esse
1640 1000 1750 1052 quod

171 1068 326 1107 bonum
347 1066 554 1118 privatum
576 1066 630 1106 sit
659 1066 822 1114 melius,
854 1065 1085 1105 secundum
1116 1077 1238 1103 suum
1268 1077 1413 1116 genus.
1437 1064 1489 1104 Et
1517 1064 1598 1103 hoc
1628 1063 1751 1102 modo

171 1131 407 1184 virginitas,
429 1132 519 1171 Deo
542 1130 693 1179 dicata,
713 1129 945 1182 praefertur
965 1128 1209 1169 fecunditati
1230 1128 1424 1168 maritali.
1448 1129 1572 1168 Unde
1599 1131 1752 1180 Augu-

171 1197 305 1237 stinus
338 1196 447 1245 dicit,
479 1196 521 1236 in
550 1196 655 1236 libro
686 1197 736 1235 de
766 1195 1018 1247 virginitate,
1041 1194 1148 1247 quod
1179 1194 1415 1235 fecunditas
1446 1193 1599 1242 carnis,
1630 1193 1756 1234 etiam

172 1262 355 1310 illorum,
386 1261 454 1314 qui
484 1261 527 1300 in
557 1261 639 1301 hoc
670 1267 854 1313 tempore
884 1260 986 1299 nihil
1008 1260 1120 1299 aliud
1140 1259 1182 1298 in
1205 1259 1414 1311 coniugio,
1435 1272 1560 1311 quam
1581 1259 1776 1312 prolem„

173 1327 402 1379 requirunt,
434 1340 559 1380 quam
588 1327 831 1379 mancipent
853 1326 1034 1373 Christo,
1065 1338 1140 1378 pro
1175 1325 1334 1364 amissa
1363 1324 1603 1377 virginitate
1633 1338 1752 1364 com-

174 1393 345 1445 pensari
366 1407 450 1433 non
471 1406 597 1445 posse
619 1392 830 1432 credenda
860 1398 924 1432 est
947 1393 1018 1444 (1).
1039 1406 1058 1429 »
1091 1392 1285 1431 Ceterum
1308 1390 1560 1430 caelibatum
1580 1390 1623 1429 in
1644 1403 1756 1429 com-

174 1473 301 1500 mune
331 1460 457 1499 etiam
491 1459 644 1498 bonum
674 1459 859 1497 maxime
889 1458 1135 1505 redundare,
1169 1456 1360 1508 superius
1382 1463 1599 1496 ostensum
1629 1463 1704 1496 est.

232 1524 361 1563 Obiz'c.
396 1525 446 1563 ΙΙ.
470 1525 668 1563 Socrates
699 1531 740 1564 et
762 1524 895 1571 Plato,
926 1522 1270 1575 philosophorum
1292 1522 1414 1562 facile
1445 1522 1668 1574 principes,
1691 1521 1759 1560 do-

175 1597 363 1639 cuerunt,
385 1591 439 1630 ad
459 1590 658 1642 optimam
680 1589 1020 1630 constitutionem
1051 1588 1232 1628 civitatis
1260 1588 1469 1641 pertinere
1500 1595 1544 1627 ut
1574 1587 1760 1627 omnium

174 1658 471 1710 possessiones
489 1662 530 1696 et
541 1669 697 1696 uxores
709 1656 863 1708 pariter
880 1655 961 1695 sint
980 1668 1235 1704 communes;
1249 1655 1599 1707 quemadmodum
1617 1653 1758 1693 videre

176 1726 241 1761 est
260 1721 303 1759 in
322 1721 527 1760 Thimaeo
551 1726 590 1759 et
610 1720 652 1758 in
674 1719 790 1758 libris
811 1720 862 1759 de
882 1719 1110 1772 republica.
1133 1720 1324 1758 Iamvero
1347 1733 1430 1758 non
1452 1725 1514 1758 est
1545 1717 1754 1764 credibile,

175 1785 255 1824 hos
277 1784 616 1836 sapientissimos
637 1783 749 1822 viros
780 1783 1048 1822 existimasse
1069 1783 1222 1822 bonum
1253 1783 1305 1830 id,
1337 1782 1446 1834 quod
1475 1781 1553 1820 iuri
1582 1788 1757 1820 naturae

176 1856 397 1903 repugnat.
421 1851 533 1903 Ergo
554 1848 803 1902 polyandria
819 1861 903 1887 non
925 1854 990 1889 est
1006 1848 1197 1888 absolute
1213 1848 1291 1887 iuri
1312 1855 1486 1887 naturae
1503 1859 1756 1898 repugnans.

229 1917 279 1955 R.
298 1917 391 1955 Hoc
408 1929 491 1955 non
502 1915 614 1954 aliud
630 1914 1058 1967 ostendit‚-nisiquam
1070 1914 1195 1954 labile
1212 1915 1265 1955 sit
1280 1914 1494 1966 ingenium
1511 1913 1754 1959 humanum,

174 1981 307 2022 solius
336 1989 513 2021 naturae
542 1980 701 2020 viribus
730 1979 944 2028 relictum3
992 1993 1086 2019 cum
1117 1986 1200 2019 tam
1232 1980 1446 2031 sapientes
1476 1978 1669 2018 homines
1699 1977 1760 2016 sic

175 2047 352 2100 turpiter
381 2060 524 2087 errare
542 2046 762 2099 potuerint.
785 2047 872 2086 Nec
893 2045 1027 2085 solum
1048 2046 1129 2085 hac
1159 2045 1200 2084 in
1223 2059 1280 2092 re,
1302 2045 1376 2085 sed
1406 2045 1448 2084 in
1479 2044 1574 2084 aliis
1595 2056 1756 2096 quoque

176 2111 405 2166 permultis,
428 2119 472 2152 ut
493 2125 556 2151 ex.
577 2125 639 2164 gr.
663 2112 712 2151 de
733 2111 962 2151 infantibus
982 2110 1297 2159 interficiendis,
1320 2110 1387 2162 qui
1410 2109 1566 2150 debiles
1588 2115 1660 2149 aut
1683 2109 1758 2148 de-

176 2178 332 2218 formes
352 2183 641 2226 nascerentur‚
660 2191 710 2217 ac
729 2178 779 2217 de
795 2177 977 2216 naturali
990 2176 1228 2216 conditione
1242 2175 1559 2228 mancipiorum,
1574 2175 1761 2214 absurda

177 2244 420 2284 docuerunt.
445 2244 642 2283 Ceterum
664 2256 788 2295 quam
810 2243 937 2282 stulta
958 2242 1010 2282 sit
1030 2242 1102 2281 illa
1127 2242 1266 2294 opinio
1291 2242 1479 2282 Platonis
1511 2248 1550 2281 et
1572 2240 1760 2280 Socratis

174 2311 258 2350 late
289 2309 472 2350 ostendit
499 2309 749 2349 Aristoteles
779 2309 820 2347 in
851 2309 955 2349 libro
986 2308 1171 2348 secundo
1202 2308 1476 2360 politicorum3
1499 2307 1566 2346 ubi
1594 2308 1764 2346 demon—

175 2381 293 2424 strat,
324 2375 662 2415 communionem
692 2388 872 2414 uxorum
902 2388 986 2414 non
1016 2374 1140 2413 modo
1171 2387 1266 2413 esse
1296 2387 1367 2426 per
1397 2387 1442 2413 se
1472 2387 1659 2426 pravam,
1682 2373 1756 2412 sed

176 2438 300 2479 etiam
331 2439 441 2479 bono
473 2439 683 2478 communi
705 2439 889 2478 maxime
909 2438 1104 2479 nocivam
1127 2445 1167 2478 et
1186 2438 1417 2478 innumeris
1434 2436 1757 2489 turpitudinibus

178 2504 417 2544 obnoxiam.
450 2505 796 2544 Communionern
828 2518 928 2544 vero
958 2504 1188 2552 bonorum,
1220 2504 1328 2544 inter
1358 2504 1441 2543 alia
1475 2501 1756 2548 incommoda,

178 2581 286 2620 quae
314 2569 481 2620 patitur,
511 2568 732 2620 conceptui
763 2568 945 2609 civitatis
976 2568 1205 2617 adversari,
1229 2582 1336 2621 quae
1358 2568 1419 2608 sic
1441 2571 1755 2607 converteretur

179 2633 223 2672 in
254 2633 434 2672 domum.
468 2633 627 2673 Civitas
657 2632 767 2672 enim
799 2647 883 2672 non
913 2646 1027 2673 mere
1057 2633 1272 2684 consurgit
1303 2646 1356 2672 ex
1386 2631 1572 2684 pluribus
1615 2630 1755 2668 homi-

178 2697 316 2745 nibus,
348 2697 422 2736 sed
452 2710 505 2736 ex
534 2696 720 2749 pluribus
752 2696 990 2736 hominibus
1020 2696 1257 2736 conditione
1297 2693 1587 2735 differentibus
1618 2698 1657 2731 et
1688 2705 1758 2731 so-

180 2763 331 2803 cietate
360 2762 508 2802 minori
541 2763 623 2800 iam
654 2763 913 2814 aggregatis;
944 2762 1052 2802 sicut
1081 2761 1220 2801 vitalis
1250 2760 1518 2813 organismus
1549 2759 1763 2798 conflatur

180 2842 233 2869 ex
262 2828 449 2882 partibus
479 2826 747 2867 dissimilibus
776 2841 826 2867 ac
857 2826 1056 2880 peculiari
1086 2832 1299 2865 structura
1330 2823 1540 2877 praeditis.

224 2933 274 2974 (1)
300 2933 455 2964 Summa
480 2931 526 2963 tlt.
551 2931 593 2963 2:
615 2931 676 2962 23²0
700 2940 730 2971 q.
759 2931 857 2969 CLII,
880 2942 908 2963 a.
931 2931 958 2962 4.
