1970 3203
245 248 325 290 370
895 259 1077 287 1Nn13x

258 334 370 369 PRoP.
399 331 429 368 1.
457 333 561 368 Finis
582 334 778 378 promimus
803 343 867 367 seu
892 333 1082 368 destinatio
1111 332 1267 367 hominis
1283 334 1323 367 in
1342 333 1408 369 hac
1424 335 1498 370 vita
1515 339 1576 377 est,
1595 339 1636 368 ut
1653 333 1703 369 ad

497 393 816 438 consequutioncm
834 393 959 427 ultimi
970 393 1059 438 finis
1076 403 1112 426 se
1127 394 1194 427 rite
1210 393 1379 438 disponat
1394 405 1435 429 ac
1452 394 1597 439 dirz‘yczt.
1616 393 1703 438 Pag.
1754 393 1801 428 33

292 466 312 487 »
390 453 423 489 2.
449 453 640 488 Praedicta
666 453 811 486 directio
837 458 871 487 et
894 453 1077 497 dispositio
1105 454 1262 487 hominis
1287 454 1336 488 ad
1353 455 1528 490 ultimum
1542 456 1655 500 finem
1673 456 1711 488 in

495 513 622 547 ordine
646 513 782 546 morali
799 512 1036 557 procurando
1061 516 1100 545 εἰ*
1113 512 1359 557 promovendo
1384 514 1453 546 sita
1477 518 1528 547 est
1560 540 1567 547 .
1620 539 1627 548 .
1689 523 1708 545 ›>
1742 512 1806 548 ihi.

293 586 312 608 »
389 573 421 608 3.
452 573 546 607 Ordo
573 573 735 615 moralis,
760 583 868 617 quem
893 572 1068 615 divimus,
1094 574 1281 606 constituit
1304 573 1509 617 felicitatem
1533 574 1705 618 imperfe-

497 637 603 674 ctam,
629 642 743 676 quam
768 632 807 664 in
835 631 901 665 hac
927 632 1001 664 vita
1025 633 1174 676 assequi
1197 642 1399 676 possumus
1448 657 1455 666 .
1507 658 1515 667 .
1565 658 1573 666 .
1623 659 1631 668 .
1693 644 1712 665 >>
1763 630 1810 665 35

448 692 654 727 Solvuntur
678 692 910 738 difficultates
920 717 1636 728 .............
1694 707 1714 728 >>
1747 694 1809 728 ihi.

237 754 343 791 CAP.
385 753 426 788 ΙΙ.
453 754 507 788 DE
533 762 759 788 OPERATIONE
784 762 936 787 HUMANA
962 762 1078 787 PROUT
1105 762 1314 787 ORDINATUR
1339 763 1376 786 IN
1401 763 1512 787 FINEM
1567 779 1575 788 .
1626 779 1634 788 .
1693 765 1713 788 ›>
1763 753 1810 788 39

229 815 322 851 ART.
394 815 419 850 I.
448 815 499 849 De
515 815 718 850 moralitate
734 818 887 848 actuum
905 814 1168 849 humanorum.
1190 814 1285 856 Quid
1303 814 1491 849 moralitas
1506 834 1550 841 —
1563 814 1714 850 Errores

496 873 589 908 varii
623 897 1634 910 ..................
1695 885 1715 908 >>
1745 874 1807 909 ibi.

254 933 367 969 PROP.
396 931 426 968 1.
453 933 650 967 Actionum
678 933 932 966 humanarum
959 933 1149 966 moralitas
1166 944 1242 967 non
1256 932 1388 978 pendet
1405 933 1448 967 ab
1465 934 1630 979 opinione
1646 944 1714 978 po—

491 992 683 1038 pulorum.
735 1017 743 1025 .
796 1018 803 1025 .
825 1013 827 1015 -
855 1014 1633 1028 ..............
1695 1003 1715 1026 »
1765 991 1810 1026 40

294 1065 314 1088 »
388 1052 423 1088 2.
450 1053 646 1087 Actionum
673 1052 931 1086 humanarum
955 1051 1146 1086 moralitas
1170 1062 1245 1086 non
1266 1052 1398 1098 pendet
1422 1065 1444 1087 a
1475 1053 1611 1097 teyz‘bus
1641 1053 1709 1087 hu-

499 1115 621 1148 manis
624 1137 1634 1149 ..................
1699 1140 1706 1149 .
1759 1110 1803 1148 41

295 1188 312 1210 >7
390 1174 423 1210 3.
449 1174 536 1209 Non
562 1175 681 1208 omnis
706 1175 892 1208 actionum
920 1174 1176 1208 humanarum
1200 1175 1392 1209 moralitas
1412 1175 1545 1220 pendet
1569 1186 1592 1208 a
1611 1175 1721 1209 libera

498 1236 566 1270 Dei
589 1235 777 1269 voluntate
802 1260 1637 1272 ...............
1699 1248 1719 1271 »
1771 1235 1818 1271 452

296 1308 315 1330 »
399 1295 435 1331 4.
459 1295 655 1330 Actz'onum
682 1295 936 1329 humanarum
964 1296 1152 1329 moralitas
1169 1296 1375 1330 immediate
1386 1296 1522 1341 pendet
1537 1297 1581 1330 ab
1598 1296 1724 1330 ordine

505 1356 670 1391 obiectivo
693 1367 831 1397 rerum,
855 1367 921 1400 per
944 1357 1124 1390 rationem
1148 1356 1394 1400 apprehenso,·
1422 1356 1575 1391 mediate
1599 1362 1721 1392 autem

501 1417 545 1452 ab
562 1417 688 1451 ordine
700 1416 844 1451 divinae
856 1418 1051 1462 sapientiae
1067 1421 1101 1450 et
1117 1416 1294 1458 bonitatis,
1312 1427 1376 1451 seu
1392 1428 1415 1451 a
1433 1418 1506 1462 {eye
1530 1423 1676 1452 aeterna
1693 1429 1713 1452 ›>
1771 1417 1817 1452 43

451 1479 657 1513 Solvuntur
680 1477 912 1523 difficultates
921 1503 1637 1514 .............
1699 1490 1718 1513 »
1771 1478 1817 1513 44

236 1535 330 1582 AR'in
391 1540 433 1576 II.
461 1540 513 1574 De
542 1539 735 1584 facultate,
770 1550 845 1584 qua
871 1540 1056 1573 actionum
1089 1539 1278 1572 moralitas
1312 1540 1579 1575 internoscitur.
1608 1540 1724 1575 Homo

505 1598 690 1643 cognoscit
715 1598 878 1633 ordinem
904 1599 1078 1633 moralem
1103 1625 1640 1635 ..........
1702 1611 1722 1634 >>
1773 1599 1820 1634 46

262 1661 375 1696 PROP.
402 1658 433 1694 1.
461 1658 633 1692 Absurda
658 1663 711 1691 est
725 1658 911 1698 sententia,
930 1668 1024 1703 quae
1040 1656 1230 1700 iudicium,
1256 1658 1474 1691 moralitatis
1490 1659 1616 1692 sensui
1639 1660 1719 1693 cui-

506 1719 594 1753 dam
621 1729 786 1763 corporeo
812 1718 982 1752 adscribit
985 1743 1639 1754 ............
1701 1731 1721 1753 )>
1752 1719 1815 1754 ihi.

301 1793 320 1815 »
396 1779 429 1815 2.
454 1778 641 1814 Iudicium
666 1778 884 1811 moralitatis
915 1777 964 1810 ad
989 1788 1138 1811 sensum
1164 1777 1361 1822 quemdam
1386 1778 1612 1822 spiritualem
1633 1789 1723 1822 per-

508 1838 618 1871 tinere
642 1837 770 1881 nequit
810 1861 1643 1871 ...............
1706 1847 1724 1870 »
1776 1836 1822 1871 48
1877 1875 1882 1883 .

304 1911 324 1934 >>
399 1897 434 1932 3.
459 1897 645 1933 Iudicium
672 1898 889 1931 moralitatis
914 1898 1065 1931 nonnisi
1087 1896 1136 1930 ad
1153 1884 1378 1931 intellectum
1395 1903 1428 1931 et
1444 1900 1622 1933 rationem
1632 1910 1723 1944 per-

513 1960 600 1993 tinet
641 1983 1655 1995 ..................
1718 1987 1725 1995 .
1775 1959 1821 1994 49

456 2019 665 2052 Solvuntur
690 2017 921 2062 difficultates
924 2042 1640 2053 .............
1702 2030 1722 2053 >>
1773 2017 1820 2052 50

247 2078 339 2114 ART.
383 2077 440 2112 ΙΙΙ.
467 2078 518 2112 De
542 2077 727 2123 facultate,
754 2087 776 2110 a
801 2087 877 2121 qua
894 2080 998 2109 actus
1015 2076 1173 2109 morales
1190 2076 1414 2122 efficiuntur.
1435 2076 1529 2118 Quid
1546 2081 1648 2111 actus
1666 2087 1725 2111 vo-

511 2136 698 2172 luntarius
708 2155 752 2162 —
764 2135 922 2171 Partitio
939 2140 1042 2171 actus
1060 2136 1263 2171 voluntarii
1275 2156 1318 2163 —
1332 2136 1426 2179 Quid
1443 2136 1733 2171 involuntarium

517 2202 552 2232 et
577 2197 672 2232 unde
698 2197 816 2231 oritur
873 2221 1647 2232 ..............
1710 2209 1729 2230 »
1780 2196 1826 2233 52

271 2261 384 2297 PROP.
412 2259 444 2296 1.
470 2260 599 2306 Neque
623 2259 835 2304 ignorantia
861 2269 1094 2304 consequens,
1120 2269 1236 2304 neque
1261 2259 1471 2303 ijqnorantia
1489 2260 1733 2294 concomitans

508 2319 631 2364 yiynit
656 2318 950 2351 involuntarium
991 2343 1647 2354 ............
1710 2330 1730 2353 >>
1780 2317 1827 2353 53

307 2391 326 2414 »
401 2377 435 2413 2.
462 2377 679 2423 Iynorantia
704 2376 917 2411 antecedens
943 2378 1091 2410 omnino
1122 2377 1215 2410 tollit
1239 2378 1494 2411 voluntarium.
1521 2404 1528 2412 .
1580 2404 1587 2412 .
1641 2403 1649 2412 .
1710 2389 1730 2411 »
1781 2377 1827 2412 54

308 2453 327 2475 »
401 2439 435 2475 3.
471 2439 650 2474 Violentia
675 2438 809 2482 inferri
837 2438 967 2483 nequit
990 2438 1126 2472 actibus
1152 2438 1290 2480 elicitis;
1310 2438 1443 2483 inferri
1466 2444 1589 2473 autem
1607 2443 1727 2484 potest

511 2499 648 2533 actibus
673 2499 871 2542 imperatis,
898 2499 936 2531 in
963 2498 1078 2542 iisque
1099 2498 1251 2542 perimit
1266 2499 1445 2532 rationem
1471 2499 1682 2532 voluntarii.
1709 2509 1728 2532 »
1760 2497 1823 2532 ibi.

311 2570 329 2592 ›>
407 2559 438 2593 4.
469 2558 773 2602 Concupiscentia,
799 2557 833 2590 si
857 2561 909 2590 est
933 2557 1081 2590 omnino
1099 2555 1325 2599 antecedens,
1342 2561 1451 2601 auyet
1468 2557 1732 2596 voluntarium,

517 2619 580 2654 sed
604 2620 741 2653 minuit
768 2618 921 2652 liberum
939 2643 1654 2653 .............
1716 2627 1736 2649 »
1786 2614 1834 2650 55

310 2690 330 2713 »
405 2677 438 2713 5.
471 2678 764 2723 Concupiscentia
792 2686 1014 2722 consequens
1040 2677 1089 2710 ita
1107 2680 1217 2721 auyct
1237 2677 1499 2720 voluntarium,
1518 2680 1561 2711 ut
1575 2686 1649 2710 non
1668 2675 1740 2708 mi-

517 2743 611 2771 nuat
637 2737 790 2771 liberum
816 2761 1651 2772 ...............
1713 2746 1733 2769 »
1768 2734 1834 2769 ibi.

315 2807 334 2829 »
410 2795 443 2830 6.
474 2796 573 2834 Quae
597 2807 640 2829 ex
658 2800 757 2829 metu
771 2796 883 2840 fiunt,
902 2804 1130 2840 quamquam
1148 2795 1215 2828 sub
1232 2796 1359 2841 aliquo
1379 2799 1538 2841 respectu
1559 2793 1737 2828 involun—

524 2857 617 2890 taria
642 2856 828 2897 dicantur,
848 2861 1044 2901 propterea
1061 2853 1170 2901 quod,
1188 2857 1263 2890 nisi
1278 2861 1396 2890 metus
1414 2861 1566 2900 urgeret,
1593 2856 1742 2890 minime

520 2916 668 2961 fierent,·
697 2920 816 2948 tamen
842 2914 1003 2948 absolute
1027 2918 1059 2947 et
1075 2914 1283 2959 simpliciter
1299 2919 1390 2948 sunt
1405 2914 1632 2948 voluntaria.
1718 2923 1738 2946 5>
1768 2910 1831 2946 ibi.

476 2975 682 3010 Solvuntur
707 2975 936 3019 difficultates
940 2998 1651 3008 .............
1715 2983 1735 3005 >›
1785 2971 1831 3006 56
