1970 3203
201 192 280 233 234
576 207 642 234 ms
673 206 874 233 NATURAE
895 216 917 224 -
937 207 1046 235 PARS
1077 208 1115 235 11.
1145 208 1211 235 ms
1241 207 1412 236 SOCJALE

203 287 420 334 conceptu,
440 282 508 334 qui
533 282 817 322 abstractione
839 282 991 323 mentis
1011 282 1065 322 ab
1085 284 1196 323 omni
1219 283 1382 324 obiecto
1402 290 1442 324 et
1463 290 1664 325 concreta
1684 299 1788 339 ope-

206 348 368 388 ratione
398 353 638 400 separetur;
669 361 758 388 non.
782 354 921 388 autem
952 362 1096 389 verum
1128 355 1191 389 est
1221 350 1271 389 de
1301 349 1491 392 libertate
1519 351 1658 400 reali,
1689 365 1795 405 quae

205 414 319 454 circa
347 427 434 454 rem
467 414 785 455 determinatam
816 415 892 455 sub
925 416 1049 456 ductu
1080 416 1254 456 rationis
1283 415 1338 455 ad
1358 419 1611 469 operandum
1633 432 1785 471 proce-

200 480 281 520 dat.
315 480 385 520 Sic
415 481 525 521 enim
555 481 736 530 libertas,
768 481 922 534 optime
944 487 1184 522 coarctatur
1204 487 1244 521 et
1265 481 1417 522 limites
1437 484 1600 537 accipit,
1624 491 1710 525 tum
1730 499 1783 526 ex

198 547 361 588 obiecto
393 548 509 587 circa
539 548 647 598 quod
678 555 870 604 versatur
899 554 939 588 et
969 548 1089 589 cuius
1119 548 1305 589 ordinem
1338 554 1377 588 et
1404 552 1637 591 naturalem
1658 552 1784 592 finem

200 611 412 653 invertere
439 612 594 664 nequit,
616 619 702 651 tum
732 612 856 652 etiam
879 625 930 652 ex
953 613 1115 661 officiis,
1136 612 1286 664 quibus
1307 625 1498 664 persona,
1521 627 1626 666 quae
1649 629 1791 668 opera·

204 683 280 726 tur,
311 678 597 731 adstringitur.
1555 673 1558 677 ’

251 740 375 782 Prob.
410 743 461 782 II.
492 755 543 782 ex
572 742 664 794 ipsa
693 741 988 794 propositionis
1013 746 1176 781 natura.
1205 741 1447 782 Kantianus
1477 741 1547 781 hic
1567 743 1781 784 societatis

197 819 353 857 scopus
383 806 544 846 videtur
574 819 668 846 esse
698 805 923 858 negativus
952 805 1116 858 potius,
1146 819 1271 859 quam
1301 806 1516 858 positivus.
1547 808 1639 847 Non
1671 809 1781 849 enim

194 868 307 908 aliud
336 883 485 910 revera
514 883 586 922 per
615 884 660 910 se
688 869 914 921 importat,
946 869 1025 909 nisi
1054 869 1330 910 remotionem
1374 870 1780 923 impedimentorum,

196 946 303 986 quae
332 948 358 974 a
374 934 572 974 violentia
600 947 825 986 pravorum
855 934 1071 973 hominum
1100 934 1260 975 iuribus
1280 935 1428 975 alienis
1449 935 1572 976 obiici
1595 945 1781 988 possent,

197 1005 238 1039 et
267 999 512 1039 desitionem
530 1012 708 1051 pugnae,
730 1012 823 1051 qua,
846 1005 966 1038 extra
986 999 1244 1047 societatem,
1266 1000 1502 1040 voluntates
1524 1000 1784 1053 singulorum

196 1069 338 1103 mutuo
370 1063 658 1115 confligerent.
690 1064 782 1110 Qua
810 1064 853 1103 in
874 1077 919 1104 re
940 1064 1094 1116 aliquid
1115 1064 1251 1104 simile
1271 1065 1501 1116 praesefert
1524 1066 1784 1106 Hobbesiani

196 1127 462 1180 systematis,
494 1134 533 1167 et
554 1129 619 1168 vel
639 1128 976 1168 individualismo
999 1129 1064 1168 vel
1086 1129 1340 1182 despotismo
1357 1137 1476 1182 parat
1495 1130 1619 1169 viam.
1644 1131 1779 1179 Certe,

197 1200 241 1234 ut
269 1193 348 1233 sibi
378 1200 553 1243 constet,
584 1208 667 1234 non
698 1195 809 1234 aliud
840 1195 1024 1234 officium
1046 1195 1155 1235 civili
1177 1196 1372 1248 potestati
1393 1197 1681 1248 praescribere
1702 1211 1782 1249 po-

198 1267 290 1310 test,
321 1261 400 1301 nisi
429 1267 472 1300 ut
500 1262 652 1301 limites
681 1263 867 1302 effrenae
888 1262 1067 1302 libertati
1088 1275 1161 1314 per
1182 1268 1398 1303 externam
1421 1263 1687 1304 coactionem
1708 1264 1778 1303 im-

197 1333 357 1378 ponat:
387 1326 538 1366 ceteris
567 1326 760 1378 propriae
798 1327 1059 1379 singulorum
1089 1327 1269 1367 libertati
1305 1329 1430 1379 plane
1459 1328 1677 1380 permissis
1700 1360 1709 1377 ‚
1741 1334 1789 1367 ut

200 1392 373 1445 quisque
403 1398 616 1444 tamquam
633 1399 830 1444 separata
849 1394 1054 1446 quaedam
1084 1393 1331 1434 exsistentia
1351 1394 1405 1433 ad
1433 1394 1648 1434 arbitrium
1680 1407 1783 1445 ope-

197 1465 323 1508 retur,
345 1459 462 1498 nulla
483 1459 692 1498 communi
713 1466 825 1499 meta
845 1460 1038 1499 omnibus
1059 1460 1316 1512 praestituta.
1340 1460 1410 1499 Sic
1428 1474 1527 1501 vero
1548 1461 1789 1501 activitates

199 1525 353 1566 civium
376 1531 518 1565 mutuo
536 1525 751 1574 divertent,
774 1526 865 1567 sine
882 1526 1080 1579 ligamine
1097 1533 1137 1567 et
1157 1527 1419 1567 ordinatione
1437 1528 1666 1576 communi,
1684 1541 1793 1581 quae

199 1590 368 1630 nonnisi
389 1603 441 1630 ex
462 1592 621 1631 unitate
636 1591 803 1643 positivi
834 1592 1051 1632 cuiusdam
1069 1593 1177 1641 finis,
1194 1593 1247 1632 ad
1269 1606 1390 1645 quem
1411 1592 1514 1633 socii
1536 1582 1784 1645 dirigantur,

199 1654 419 1706 provenire
437 1660 582 1706 potest.
594 1655 680 1704 Sin,
699 1656 777 1695 sibi
795 1656 1061 1704 dissentiens,
1079 1657 1190 1696 civili
1206 1657 1414 1709 potestati,
1432 1662 1597 1709 praeter
1615 1669 1787 1696 concor—

200 1717 310 1757 diam
327 1725 495 1758 mutuae
515 1719 732 1767 libertatis,
749 1719 814 1760 ius
835 1720 973 1760 tribuit
993 1720 1306 1772 praescribendi
1328 1721 1413 1761 alia
1431 1721 1560 1769 bona,
1579 1734 1790 1762 concursu

200 1782 352 1822 civium
383 1783 625 1831 obtinenda;
654 1782 776 1824 facile
805 1784 859 1824 ad
879 1784 1179 1836 despotismum
1210 1784 1404 1834 adducet,
1432 1791 1656 1837 propterea
1677 1785 1788 1838 quod

198 1848 312 1886 nulla
329 1847 547 1900 assignata
565 1861 714 1888 norma
729 1861 755 1886 a
771 1849 855 1887 fine
873 1849 1092 1901 desumpta
1108 1848 1182 1888 sed
1197 1847 1371 1888 confuse
1388 1848 1536 1888 iubens
1553 1854 1596 1888 ut
1612 1848 1782 1889 libertas

200 1912 447 1952 harmonice
464 1918 719 1960 coerceatur,
730 1925 880 1952 ansam
896 1913 966 1952 dat
990 1912 1099 1951 civili
1122 1912 1359 1953 auctoritati
1376 1917 1420 1952 ut
1436 1912 1576 1952 omnia
1594 1926 1639 1952 se
1661 1925 1785 1964 posse

201 1978 435 2027 arbitretur,
457 1991 503 2018 se
524 1979 729 2019 rationem
751 1979 952 2019 socialem
985 1980 1203 2031 appellans
1224 1992 1331 2031 quae
1361 1978 1590 2019 imitatione
1610 1978 1788 2018 rationis

199 2044 464 2083 individualis
495 2044 742 2096 sibimetipsi
774 2050 932 2084 tantum
963 2044 1201 2084 auscultare
1232 2049 1271 2084 et
1300 2043 1468 2083 obedire
1497 2048 1700 2083 teneatur.

256 2109 378 2150 Prob.
411 2110 483 2147 III.
507 2122 560 2148 ex
582 2109 816 2148 corollariis
837 2122 943 2161 quae
964 2114 1288 2160 consequuntur.
1312 2107 1498 2146 Primum
1521 2107 1792 2147 corollarium

200 2179 265 2213 est
292 2174 483 2214 interitus
512 2174 638 2215 totius
669 2174 918 2214 moralitatis
949 2173 1152 2226 publicae.
1185 2174 1304 2220 Nam,
1327 2185 1422 2211 cum
1465 2185 1654 2224 quaeque
1674 2185 1794 2224 prae-

200 2242 318 2287 cepta
346 2238 522 2277 iuridica
543 2270 552 2286 ‚
582 2251 667 2277 non
697 2238 863 2278 aliunde
901 2238 943 2277 in
973 2238 1054 2277 hoc
1084 2243 1313 2288 systemate
1351 2235 1590 2276 deriventur
1623 2236 1702 2276 nisi
1733 2249 1788 2275 ex

201 2301 404 2354 principio
435 2302 772 2351 coexsistentiae3
795 2302 899 2342 nihil
929 2300 1063 2341 civilis
1091 2305 1279 2353 potestas
1308 2299 1530 2352 prohibere
1559 2300 1711 2352 poterit
1741 2312 1794 2340 ex

199 2368 252 2408 iis
279 2370 414 2418 rebus,
445 2383 552 2422 quae
582 2369 639 2408 ita
668 2369 847 2409 libertati
877 2368 1000 2408 unius
1027 2368 1196 2415 favent,
1227 2373 1270 2406 ut
1299 2366 1472 2407 alterius
1501 2366 1682 2407 libertati
1705 2378 1791 2405 non

201 2440 394 2473 noceant.
425 2433 535 2473 Hinc
566 2446 701 2486 neque
730 2433 964 2481 suicidium,
996 2445 1130 2485 neque
1160 2431 1461 2483 blasphemiae,
1494 2444 1628 2484 neque
1658 2429 1797 2470 sacrim

202 2496 324 2548 legia,
355 2510 490 2549 neque
518 2497 687 2550 publica
714 2497 916 2538 scandala
940 2496 1204 2544 vetabuntur,
1225 2509 1360 2548 neque
1379 2496 1597 2548 pactiones
1635 2499 1802 2533 utcum-

202 2572 282 2612 que
311 2565 464 2611 turpes,
495 2561 617 2600 modo
647 2562 751 2601 fiant
781 2568 921 2600 mutuo
952 2573 1164 2600 consensu
1192 2561 1384 2613 partium.
1417 2561 1525 2600 Nam
1554 2559 1662 2598 haec
1706 2557 1801 2603 iuri-

204 2626 296 2666 dice
325 2633 466 2666 essent
495 2627 788 2676 indifferentia,
818 2640 914 2667 cum
944 2627 1180 2666 libertatem
1211 2626 1388 2666 aliorum
1420 2638 1503 2665 non
1529 2625 1709 2664 laedant.
1745 2625 1797 2667 Et

203 2706 309 2734 sane
337 2694 640 2743 rationalistae,
662 2695 730 2747 qui
752 2694 964 2735 severitati
987 2695 1152 2747 logicae
1175 2693 1366 2734 tenacius
1381 2693 1626 2741 adhaerent,
1648 2697 1790 2745 aperte

203 2757 386 2798 fatentur
416 2757 662 2798 societatem
692 2771 776 2798 non
807 2771 932 2810 posse
966 2758 1052 2798 suis
1083 2757 1245 2809 legibus
1275 2769 1407 2809 neque
1439 2755 1630 2803 divortia,
1661 2768 1797 2808 neque

204 2824 501 2876 polygamiam,
533 2837 666 2876 neque
695 2824 881 2864 incestus
911 2825 1112 2863 damnare
1137 2829 1209 2862 aut
1238 2821 1396 2875 punire,
1428 2822 1549 2861 modo
1581 2835 1633 2862 ex
1666 2822 1796 2861 libero

207 2903 419 2930 consensu
460 2890 671 2940 oriantur;
703 2890 905 2942 siquidem
936 2891 1054 2930 iuxta
1081 2888 1344 2929 Kantianum
1374 2887 1624 2940 principium
1653 2886 1796 2941 nequit
