1970 3203
441 227 577 253 CAPUT
596 227 650 253 111.
672 227 724 254 DE
745 228 891 254 NORMA
914 226 1187 254 OPERATIONIS
1207 226 1414 252 HUMANAE
1657 214 1707 254 87

139 305 205 344 vel
227 302 443 353 discrepet,
460 300 534 340 sed
552 313 724 352 prorsus
744 300 933 340 actiones
954 300 1178 340 nonnullae
1200 306 1411 351 tamquam
1432 299 1637 338 honestae
1668 306 1707 337 et

135 369 207 410 fini
225 365 490 407 necessariae
506 365 825 418 praecipiantur,
836 366 944 405 aliae
960 372 1169 418 tamquam
1188 373 1328 416 turpes
1344 369 1384 404 et
1400 363 1472 402 fini
1490 363 1706 415 oppositae

137 437 334 473 vetentur.
358 429 572 469 Eiusmodi
599 435 695 468 sunt
725 442 789 469 ex.
812 443 872 481 gr.
897 430 1107 469 Parentes
1137 430 1243 475 cole;
1265 428 1356 467 Deo
1387 427 1702 466 convenientem

133 497 294 535 cultam
325 493 492 541 eaehibe;
517 492 642 538 Quod
664 492 736 532 tibi
751 493 862 545 fieri
879 506 964 532 non
986 493 1057 540 vis,
1080 493 1211 532 alter-i
1230 506 1280 532 ne
1296 493 1466 544 sacias;
1492 490 1703 530 rationem

132 557 322 598 sensibus
363 569 413 595 ne
440 555 642 595 subiectas
662 590 674 604 ,
705 562 743 595 et
779 556 862 595 alia
889 556 1107 596 innumera
1136 556 1301 608 generis
1332 556 1530 596 eiusdem.
1572 556 1708 606 Atque

136 624 242 663 haec
271 621 498 662 dictamina
527 621 588 661 sic
617 621 756 661 auditu
785 622 963 674 quodam
993 622 1157 661 interno
1187 622 1312 661 homo
1333 622 1518 673 percipit,
1540 626 1583 660 ut
1602 632 1701 659 vere

132 685 303 739 imperio
333 684 471 736 aliquo
502 697 548 724 se
578 685 780 737 adstringi
810 684 960 724 sentiat
989 685 1042 724 ad
1073 697 1136 733 ea,
1167 698 1272 737 quae
1302 685 1412 725 bona
1440 694 1556 732 sunt,
1589 696 1705 723 com—

137 751 370 805 plectenda,
391 749 445 789 ad
465 763 516 789 ea
536 763 633 790 vero
654 764 759 802 quae
779 751 891 790 mala
910 757 1017 798 sunt,
1038 750 1308 803 repudianda.
1331 751 1411 790 Cu'r
1426 751 1532 799 voci,
1554 748 1705 790 intrin-

135 828 260 856 secus
289 813 558 866 praecipienti
590 814 626 853 si
656 814 748 866 quis
777 826 861 853 non
882 820 1051 866 pareat,
1073 814 1133 853 sic
1154 814 1334 853 stimulis
1355 813 1534 865 angitur,
1556 820 1594 853 et
1615 822 1700 855 tre-

134 880 345 933 pidatione
377 879 525 919 mentis
557 879 747 927 afficitur,
778 888 832 928 ut,
854 880 949 920 licet
970 879 1078 920 actio
1100 879 1189 919 eius
1208 879 1373 919 interna
1402 879 1454 918 sit
1474 892 1525 918 ac
1545 880 1700 919 nemini

134 953 297 999 patenS,
329 952 469 986 tamen
498 945 674 997 ipsemet
704 958 749 985 se
778 946 942 985 incuset
961 952 999 985 et
1021 952 1181 997 arguat,
1204 950 1243 985 et
1264 958 1442 997 poenam
1462 958 1488 983 a
1508 957 1705 996 suprema

139 1012 315 1064 quadam
346 1016 550 1063 potestate
581 1010 658 1050 sibi
687 1010 958 1064 infligendam
986 1017 1189 1063 expectet.
1213 1012 1357 1063 Neque
1378 1011 1418 1050 id
1439 1011 1490 1050 ab
1512 1018 1708 1051 assuetu—

135 1078 227 1116 dine
257 1083 329 1116 aut
358 1076 605 1116 educatione
636 1077 701 1116 vel
730 1077 815 1116 alia
837 1076 1104 1128 contingente
1124 1090 1255 1116 causa
1275 1077 1404 1128 repeti
1426 1083 1585 1129 potest3
1608 1091 1702 1116 cum

133 1143 371 1182 universale
400 1142 453 1182 sit
481 1148 521 1181 et
550 1150 752 1181 constans
783 1148 823 1182 et
852 1142 893 1181 vi
922 1150 1097 1182 naturae
1122 1142 1163 1181 in
1191 1142 1312 1182 nobis
1334 1143 1554 1194 pullulans:
1588 1159 1606 1182 (<
1636 1144 1710 1183 Est

133 1209 253 1256 haec,
285 1207 344 1248 ait
374 1207 546 1254 Tullius,
576 1220 661 1247 non
691 1208 848 1261 scripta
881 1208 953 1248 sed
984 1215 1083 1248 nata
1110 1208 1190 1256 lex,
1222 1221 1344 1260 quam
1366 1222 1448 1247 non
1478 1209 1710 1256 didicimus,

135 1271 391 1324 accepimus,
407 1271 597 1324 legimus,
616 1285 759 1311 verum
781 1285 833 1311 ex
854 1279 1005 1312 natura
1022 1272 1113 1324 ipsa
1130 1271 1392 1323 arripuimus,
1410 1272 1710 1323 expressimus,

135 1335 187 1374 ad
206 1348 329 1387 quam
350 1348 434 1374 non
465 1335 573 1375 docti
593 1335 666 1374 sed
687 1335 798 1383 facti,
820 1348 903 1374 non
924 1335 1098 1374 instituti
1129 1336 1200 1374 sed
1230 1335 1374 1375 imbuti
1405 1349 1550 1375 sumus
1581 1338 1651 1388 (1).
1687 1353 1705 1372 n

190 1398 314 1438 Prob.
345 1399 531 1438 secundo
553 1411 605 1438 ex
625 1399 717 1450 ipsa
737 1398 963 1438 voluntatis
986 1406 1145 1438 natura.
1170 1398 1316 1438 Omnis
1337 1399 1489 1452 agendi
1511 1400 1587 1446 vis,
1610 1413 1704 1439 cum

137 1464 190 1503 ad
206 1463 488 1516 operationem
511 1463 588 1503 sibi
609 1470 936 1503 consentaneam
957 1463 1179 1512 ordinetur,
1202 1464 1547 1504 determinatione
1570 1466 1710 1518 aliqua

138 1528 360 1568 afficienda
376 1533 450 1577 est,
465 1542 545 1581 qua
561 1529 615 1568 ad
631 1529 832 1569 eiusmodi
845 1528 1125 1580 operationem
1145 1530 1345 1569 flectatur.
1362 1529 1403 1568 Si
1414 1530 1521 1569 haec
1538 1530 1710 1570 inflexio

136 1595 178 1634 in
209 1594 551 1634 determinatione
581 1595 758 1646 physica
777 1595 967 1634 consistit
987 1602 1027 1634 et
1047 1608 1142 1633 cum
1163 1594 1255 1646 ipsa
1285 1594 1474 1634 realitate
1496 1594 1710 1635 facultatis

138 1660 418 1708 confunditur,
436 1659 615 1699 facultas
630 1673 716 1699 non
736 1660 865 1699 libera
886 1660 959 1700 sed
980 1660 1222 1699 necessaria
1243 1660 1319 1699 erit
1334 1659 1375 1698 in
1393 1660 1618 1711 operando.
1638 1659 1711 1699 Sin

138 1724 316 1764 facultas
345 1724 534 1763 libertate
565 1731 767 1772 ornatur;
800 1724 1084 1765 determinatio
1116 1724 1319 1765 eiusmodi
1348 1724 1514 1764 nonnisi
1541 1726 1712 1765 moralis

138 1805 234 1832 esse
263 1791 443 1844 poterit;
472 1790 514 1829 in
544 1791 715 1843 imperio
745 1792 938 1831 nimirum
979 1793 1043 1831 vel
1072 1791 1345 1844 prohibitione
1376 1791 1612 1832 consistens
1634 1824 1642 1839 ,
1673 1793 1713 1831 vi

138 1856 255 1896 cuius
284 1869 335 1896 ea
364 1856 541 1896 facultas
570 1857 623 1895 ad
654 1857 833 1898 debitam
864 1858 1072 1897 actionem
1102 1864 1381 1898 convertatur.
1405 1859 1578 1897 Praeter
1601 1858 1711 1897 enim

136 1921 260 1970 hanc,
290 1921 403 1960 nulla
432 1921 516 1960 alia
545 1922 830 1961 determinatio
861 1923 1093 1975 excogitari
1124 1929 1272 1975 potest,
1299 1936 1405 1975 quae
1426 1936 1520 1962 cum
1541 1923 1705 1962 indiffe-

138 1987 271 2027 rentia
301 1986 479 2039 physica
508 1986 715 2027 facultatis
744 1988 1000 2028 concilietur.
1025 1989 1150 2041 Atqui
1181 1989 1372 2028 voluntas
1403 1989 1465 2027 vis
1499 1989 1706 2040 quaedam

138 2052 289 2105 agendi
308 2059 382 2100 est,
394 2059 433 2091 et
449 2052 637 2092 libertate
653 2053 954 2093 indifferentiae
972 2062 1153 2094 ornatur.
1166 2054 1564 2094 Determinationem
1582 2054 1707 2107 igitur

139 2131 222 2158 non
252 2117 470 2170 physicam
503 2118 575 2157 sed
596 2119 796 2158 moralem
818 2120 1008 2171 postulat:
1031 2120 1222 2158 nimirum
1245 2133 1298 2160 ex
1318 2122 1412 2172 lege
1434 2125 1580 2168 ortam,
1602 2133 1708 2172 quae

138 2181 317 2221 iubendo
348 2187 388 2221 et
417 2182 595 2221 vetando
625 2181 737 2221 illam
766 2182 819 2221 ad
840 2190 1139 2235 congruentem
1162 2183 1443 2236 operationem
1463 2183 1660 2235 impellat,
1683 2196 1708 2221 a

141 2246 402 2298 discrepante
430 2246 631 2287 retrahat.
648 2246 703 2285 At
732 2259 842 2295 vero,
866 2259 959 2286 cum
991 2246 1191 2286 eiusmodi
1217 2247 1504 2287 determinatio
1534 2246 1585 2286 ab
1616 2247 1709 2298 ipsa

89 2326 91 2329 ·
139 2315 288 2348 natura
318 2309 545 2348 voluntatis
576 2309 834 2361 requiratur,
864 2311 979 2349 iussa
1009 2311 1072 2350 vel
1102 2311 1426 2363 prohibitiones,
1459 2324 1565 2363 quae
1595 2310 1708 2350 illam

139 2374 326 2426 gignant,
357 2373 529 2426 reperiri
560 2373 710 2413 debent
738 2374 780 2412 in
805 2387 855 2413 ea
875 2374 1082 2422 facultate,
1105 2389 1229 2426 quam
1252 2376 1445 2414 voluntas
1465 2374 1712 2413 naturaliter

138 2440 179 2479 in
196 2440 406 2492 operando
425 2439 621 2491 sequitur,
638 2445 678 2478 et
693 2439 760 2479 cui
777 2440 912 2492 quoad
929 2440 1198 2481 directionem
1217 2440 1442 2480 subiicitur.
1461 2441 1552 2479 Hoc
1575 2445 1713 2479 autem

137 2517 289 2543 munus
328 2504 495 2543 nonnisi
528 2505 701 2545 rationis
731 2512 804 2544 est.
836 2506 949 2558 Ergo
978 2505 1021 2544 in
1050 2507 1211 2544 ratione
1232 2536 1241 2552 ,
1272 2510 1390 2556 prout
1420 2503 1618 2544 directrix
1647 2510 1708 2543 est

139 2569 376 2618 voluntatis,
397 2570 576 2609 inveniri
596 2570 746 2611 debent
765 2571 1080 2623 praeceptiones
1100 2570 1306 2622 quaedam
1327 2576 1450 2623 atque
1471 2570 1598 2617 iussa,
1621 2569 1712 2621 qui—

139 2633 217 2672 bus
244 2632 436 2672 voluntas
466 2634 518 2672 ad
539 2634 694 2674 bonum
715 2633 926 2673 moraliter
945 2633 1162 2686 obligetur,
1184 2634 1362 2686 physica
1387 2634 1575 2674 libertate
1600 2639 1714 2672 sarta

141 2705 342 2751 tectaque.
364 2699 410 2738 Id
440 2712 538 2739 vero
560 2699 671 2739 aliud
690 2713 774 2739 non
795 2705 870 2747 est,
890 2699 968 2738 nisi
989 2700 1123 2751 legem
1144 2701 1375 2739 naturalem
1392 2700 1619 2740 adstruere.

195 2764 316 2804 Prob.
347 2765 465 2804 tertio
496 2777 548 2804 ex
579 2771 786 2817 conceptu
816 2764 980 2804 divinae
1009 2765 1243 2805 sanctitatis
1274 2771 1313 2804 et
1333 2765 1574 2817 sapientiae.
1601 2765 1710 2803 San-

144 2827 264 2867 ctitas
294 2828 431 2868 divina
459 2829 639 2881 postulat
667 2835 710 2868 ut
740 2830 853 2868 Deus
883 2841 966 2867 non
996 2829 1130 2868 solum
1165 2829 1372 2880 propriam
1407 2828 1636 2867 bonitatem
1668 2826 1707 2863 in

152 2948 154 2951 ,
192 2914 242 2955 (1)
270 2915 401 2948 Oratio
418 2926 489 2959 pro
515 2917 662 2955 Milone,
686 2927 713 2949 c.
738 2917 766 2948 5.
