1970 3203
189 145 267 185 212
545 154 612 181 ius
643 153 845 180 NATURAE
867 162 887 168 —
908 153 1016 180 PARs
1046 153 1083 180 ιι.
1113 153 1180 181 lus
1211 152 1382 181 SOCIALE

184 235 366 280 Ahrens,
397 230 465 283 qui
495 243 549 270 ex
579 231 671 270 sola
700 230 949 270 educatione
978 231 1044 270 ius
1063 230 1222 283 patriae
1243 231 1463 283 potestatis
1493 230 1652 271 derivat
1682 231 1757 281 (1).

187 298 276 339 Etsi
294 296 402 336 enim
416 295 572 335 idcirco
592 294 726 346 patria
741 300 929 345 potestas
945 307 971 333 a
987 302 1137 334 natura
1158 294 1358 343 tribuitur,
1380 301 1425 334 ut
1440 288 1635 347 parentes
1657 293 1763 344 proli

188 361 431 404 educandae
461 360 714 411 advigilent,
737 366 877 400 tamen
899 360 938 399 id
961 360 1156 412 exprimit
1172 361 1311 407 finem,
1334 360 1402 412 qui
1421 360 1658 407 intenditur,
1680 373 1763 399 non

190 442 291 469 vero
317 427 515 474 radicem,
546 439 601 465 ex
630 438 711 477 qua
740 425 803 464 ius
827 425 962 478 ipsum
994 426 1179 477 pullulat.
1212 428 1440 466 Praeterea
1460 426 1527 465 hic
1557 426 1647 478 ipse
1667 425 1765 464 finis

189 494 283 533 ideo
314 505 340 531 a
368 489 606 543 parentibus
634 489 870 541 implendus
914 496 976 528 est
1008 489 1047 528 vi
1078 496 1280 538 naturae,
1311 490 1408 542 quia
1443 490 1520 543 ipsi
1551 490 1763 530 hominem

187 564 423 612 genuerunt
454 556 520 608 qui
551 569 634 595 non
658 555 866 606 perfectus
886 567 950 595 est
970 556 1053 595 iam
1070 556 1198 605 initio,
1219 557 1293 597 sed
1311 564 1374 597 est
1396 557 1448 596 ad
1469 557 1765 609 perfectionem

189 624 372 665 debitam
403 620 688 661 adducendus.

241 693 304 730 21.
333 689 500 740 Accipit.
529 699 773 728 mensuram
804 699 827 728 a
856 689 950 728 fine.
983 688 1187 727 Mensura
1216 687 1340 727 huius
1362 688 1520 740 patriae
1549 689 1771 740 potestatis

189 756 452 797 desumenda
481 760 547 794 est
567 766 619 793 ex
637 754 734 799 fine,
754 753 834 805 qui,
852 762 893 793 ut
914 753 1010 801 dixi,
1026 753 1068 791 in
1086 767 1277 805 congrua
1306 752 1556 794 educatione
1573 754 1770 802 cernitur,

189 834 229 865 et
256 837 309 864 ex
330 822 431 869 iure,
454 820 562 873 quod
583 827 778 870 parentes
798 819 955 858 habent
975 819 1148 871 regendi
1169 819 1394 867 familiam;
1418 827 1625 872 quatenus
1642 820 1768 859 socie-

190 899 319 932 tatem
350 886 577 928 constituit.
601 887 651 924 Et
673 886 869 937 quoniam
891 886 1120 937 perfectum
1141 886 1207 926 ius
1237 886 1474 925 coactivum
1506 894 1580 935 est,
1612 894 1651 926 et
1671 901 1766 939 per-

190 956 317 995 vicax
333 954 513 1004 filiorum
535 952 727 990 voluntas
749 963 875 989 curas
890 956 1109 1002 parentum
1126 950 1294 990 inutiles
1310 950 1483 990 reddere
1500 958 1653 1001 posset;
1673 951 1771 990 hinc

190 1019 370 1059 facultas
401 1016 525 1056 etiam
546 1028 618 1055 eos
640 1013 877 1065 castigandi
899 1027 950 1053 ac
973 1014 1011 1052 vi
1031 1015 1084 1052 ad
1100 1014 1375 1053 obediendum
1398 1014 1592 1065 adigendi
1615 1028 1769 1065 paren-

192 1086 302 1125 tibus
326 1098 352 1122 a
372 1090 524 1122 natura
545 1081 798 1122 conceditur.
836 1081 928 1126 Qua
948 1080 988 1118 in
1012 1093 1055 1118 re
1079 1080 1230 1120 aetatis
1255 1080 1393 1132 aliqua
1427 1080 1530 1118 ratio
1571 1080 1766 1118 habenda

193 1159 267 1192 est.
300 1152 417 1198 Quae
448 1149 557 1188 enirn
586 1148 627 1187 in
659 1147 793 1199 prima
823 1146 999 1198 pueritia
1029 1147 1189 1194 decent,
1220 1160 1313 1185 cum
1336 1146 1407 1184 filii
1429 1146 1545 1184 nullo
1565 1154 1688 1197 pacto
1711 1159 1773 1184 ra-

191 1219 303 1258 tione
322 1223 360 1257 et
377 1215 552 1255 consilio
574 1214 667 1253 duci
689 1220 863 1266 queunt3
883 1213 1085 1252 dedecent
1102 1225 1204 1251 sane
1224 1212 1266 1250 in
1283 1211 1488 1252 adultiore
1505 1218 1655 1260 aetate,
1678 1225 1772 1250 cum

196 1284 279 1323 iam
295 1281 535 1321 maturitate
551 1279 731 1332 quadam
752 1277 889 1316 iudicii
912 1283 1093 1324 utuntur,
1117 1284 1155 1316 et
1175 1290 1220 1315 se
1242 1277 1381 1328 aliquo
1398 1274 1545 1316 saltem
1567 1285 1691 1328 pacto
1713 1289 1772 1315 re-

194 1361 296 1401 gere
316 1347 474 1385 valent:
491 1351 615 1396 atque
635 1343 693 1382 ita
713 1341 1080 1382 succrescentibus
1092 1340 1271 1380 filiorum
1290 1341 1425 1389 annis,
1438 1341 1572 1393 patria
1587 1348 1773 1392 potestas

193 1411 334 1452 mitius
365 1409 598 1461 explicatur
619 1415 658 1446 et
687 1405 920 1457 angustius,
953 1405 1084 1443 donec
1107 1405 1274 1443 tandem
1296 1405 1349 1443 ad
1370 1418 1442 1444 eas
1465 1406 1683 1445 dumtaxat
1705 1418 1773 1444 re—

195 1477 412 1529 stringitur
432 1474 634 1520 actiones,
655 1485 763 1524 quae
785 1485 945 1510 morum
960 1471 1222 1510 honestatem
1241 1478 1281 1510 et
1296 1471 1483 1524 regimen
1503 1470 1682 1510 familiae
1704 1484 1772 1510 re-

193 1544 386 1598 spiciunt,
401 1555 503 1594 erga
514 1555 639 1594 quam
650 1547 800 1578 natura
811 1545 1091 1590 suaparentes
1104 1545 1353 1590 potestatem
1367 1546 1564 1590 perpetuo
1578 1538 1772 1579 retinent.

197 1610 334 1656 Quare
364 1609 482 1658 leges
513 1604 659 1644 civiles
688 1602 892 1655 triplicem
914 1603 1096 1641 classem
1127 1615 1281 1649 eorum,
1299 1602 1368 1653 qui
1389 1602 1465 1641 sub
1487 1603 1622 1654 patria
1654 1608 1765 1653 pote-

197 1680 305 1713 state
328 1672 511 1722 degunt‚
545 1668 801 1719 distinguere
832 1667 992 1714 solent;
1022 1666 1129 1705 idest
1161 1666 1406 1717 infantium,
1437 1667 1584 1718 quibus
1618 1667 1773 1705 nullum

195 1737 346 1777 iul-ium
378 1733 558 1773 civilium
589 1731 834 1771 exercitium
857 1730 1001 1778 datur;
1025 1729 1306 1782 impuberum,
1328 1730 1476 1781 quibus
1497 1743 1594 1782 pars
1618 1737 1775 1769 tantum

196 1802 440 1844 eorumdem
460 1799 611 1839 iurium
635 1798 851 1846 tribuitur3
875 1806 914 1836 et
934 1796 1164 1843 minorum,
1186 1796 1253 1847 qui
1274 1809 1353 1835 usu
1383 1796 1548 1847 quidem
1571 1797 1773 1848 ampliore

196 1876 240 1907 at
270 1879 353 1906 non
384 1864 590 1915 completo
621 1862 841 1908 donantur,
873 1861 1004 1900 donec
1035 1860 1201 1912 penitus
1232 1860 1559 1912 emancipentur.

249 1932 312 1971 252.
332 1929 490 1970 Electio
507 1930 647 1967 status
662 1937 746 1966 non
766 1925 959 1965 subiacet
980 1924 1227 1964 auctoritati
1242 1928 1477 1975 parentum.
1502 1924 1611 1963 Hinc
1630 1925 1778 1964 electio

195 2005 344 2044 status,
368 2010 461 2035 cum
481 2008 547 2033 res
568 2007 651 2033 non
674 1992 725 2032 sit
746 1992 798 2030 ad
820 1991 1110 2031 educationem
1132 1997 1203 2029 aut
1224 1991 1277 2029 ad
1298 1990 1498 2029 familiam
1530 1991 1741 2043 pertinens
1764 2006 1772 2039 3

203 2062 272 2102 cui
293 2067 489 2113 parentes
510 2066 722 2110 praesunt,
743 2056 817 2095 sed
839 2055 976 2108 potius
992 2068 1217 2106 personam
1238 2055 1372 2107 ipsam
1391 2055 1569 2094 filiorum
1590 2063 1629 2095 et
1651 2056 1778 2095 vitam

197 2129 251 2167 ab
282 2127 333 2166 iis
351 2127 392 2166 in
414 2133 627 2178 posterum
650 2122 884 2161 ducendam
906 2121 1103 2172 respiciat
1120 2135 1127 2169 ;
1145 2126 1365 2172 parentum
1386 2122 1587 2160 voluntati
1610 2122 1779 2161 minime

198 2191 389 2232 subiecta
409 2194 483 2228 est.
503 2189 704 2227 Poterunt
726 2186 866 2238 utique
886 2191 1093 2237 parenteS,
1112 2185 1236 2224 immo
1259 2185 1384 2224 etiam
1414 2185 1575 2233 debent,
1599 2187 1777 2226 consilio

197 2265 240 2295 et
271 2252 562 2294 cohortatione
583 2250 691 2289 filios
713 2249 754 2287 in
777 2263 833 2289 ea.
848 2249 1039 2301 dirigere,
1062 2262 1088 2288 a
1108 2248 1257 2300 quibus
1288 2261 1431 2288 eorum
1454 2250 1662 2289 sententia
1688 2251 1779 2290 sine

195 2319 315 2372 gravi
352 2330 483 2357 causa
503 2314 762 2367 repudianda
790 2327 874 2353 non
896 2320 982 2361 est,
1005 2321 1047 2351 at
1074 2313 1245 2352 definire
1267 2320 1306 2352 et
1327 2326 1480 2365 cogere
1512 2327 1777 2367 nequaquam

193 2390 386 2437 possunt,
408 2382 506 2434 quin
536 2381 602 2420 ius
623 2379 701 2419 sibi
740 2384 949 2428 arrogent,
985 2390 1065 2429 quo
1096 2389 1244 2428 reapse
1267 2377 1555 2426 destituuntur,
1588 2386 1627 2418 et
1658 2378 1777 2417 inde-

195 2451 325 2490 bitam
356 2446 597 2487 violentiam
628 2444 832 2484 voluntati
862 2443 1040 2482 filiorum
1071 2442 1263 2482 inserant.

248 2517 311 2555 23.
343 2515 487 2556 Officia
517 2515 741 2565 parentum
771 2522 872 2562 erqa
900 2510 1069 2550 liberos.
1102 2510 1248 2556 Quoad
1279 2510 1420 2549 officia
1456 2523 1553 2550 vero
1585 2509 1782 2549 determi-

195 2588 298 2621 nata
315 2585 536 2632 parentum
555 2584 594 2616 et
611 2576 847 2622 liberorum,
865 2574 907 2613 in
923 2573 1067 2626 primis
1086 2574 1291 2622 educatio,
1309 2573 1374 2613 cui
1395 2579 1590 2626 parentes
1608 2586 1779 2625 operam

196 2648 333 2689 daturi
364 2651 472 2693 sunt,
504 2645 554 2683 ad
588 2656 738 2695 corpus
768 2642 890 2682 simul
924 2648 965 2681 et
1001 2640 1186 2680 animum
1209 2641 1388 2680 filiorum
1418 2639 1584 2687 attinet,
1627 2639 1781 2679 vitam-

196 2726 276 2766 que
305 2716 390 2750 tum
434 2707 655 2760 physicam
698 2716 784 2746 tum
828 2704 1045 2744 moralem.
1076 2704 1188 2756 Ergo
1236 2711 1279 2744 ut
1323 2705 1474 2744 liberos
1519 2704 1631 2743 alere
1661 2710 1785 2756 atque

239 2859 290 2902 (1)
316 2858 436 2900 Opere
460 2864 569 2896 saepe
594 2853 714 2891 citato,
737 2860 816 2894 pag.
842 2852 911 2884 275.
