1970 3203
473 210 612 237 CAPUT
642 212 664 237 Ι.
696 211 749 237 DE
779 212 873 238 FINE
906 211 1186 241 OPERATIONIS
1218 212 1424 239 HUMANAE
1693 201 1745 239 23

217 287 268 326 Et
287 298 388 325 sane
403 285 484 324 huc
504 285 692 324 recidunt
712 285 942 324 sententiae
962 298 1109 325 omnes
1125 284 1479 337 philosophorum,
1513 286 1581 339 qui
1602 286 1643 324 in
1660 285 1745 325 fine

163 351 303 391 ultimo
334 350 646 390 determinando
677 349 976 402 praescindunt
1005 363 1031 389 a
1061 352 1160 398 Deo,
1183 357 1223 391 et
1244 364 1296 391 ex
1326 351 1487 391 duobus
1517 351 1735 392 elementis

162 414 354 461 hominis,
371 403 544 467 corpore
560 410 717 454 sc'ilicet
733 420 771 453 et
786 412 937 461 animo,
954 421 1024 452 aut
1040 427 1166 453 unum
1183 421 1253 454 aut
1275 415 1450 455 alterum
1482 421 1552 455 aut
1570 414 1739 454 iunctio-

97 514 102 521 ,
160 491 255 517 nem
284 477 494 530 utriusque
524 477 746 530 praecipue
776 476 972 515 tuendam
1001 477 1245 529 suscipiunt.
1281 479 1398 526 Quos
1428 493 1480 519 ne
1512 485 1555 519 ut
1578 479 1739 518 turbam

162 543 438 584 inordinatam
459 544 704 595 cogitemus,
726 543 872 583 demus
890 541 993 594 ipsis
1025 543 1163 590 duces,
1187 556 1340 596 eosque
1361 544 1673 598 antiquissimos
1693 552 1735 584 et

162 609 419 661 praeclaros,
437 609 504 661 qui
525 609 760 649 stabiliores
782 614 921 649 sectas
942 608 1224 649 condiderunt.
1250 611 1330 649 Pro
1362 610 1592 651 fautoribus
1609 610 1736 663 igitur

163 674 382 726 voluptatis
412 676 491 715 stet
522 675 739 727 Epicurus,
770 675 836 727 qui
866 674 907 713 in
938 687 988 713 ea
1016 674 1142 714 finem
1165 674 1351 714 ultimum
1373 676 1552 716 hominis
1585 676 1729 729 reponi

166 741 303 788 voluit,
321 740 517 792 Aristippi
533 741 688 792 placita
705 747 903 793 sequutus
921 740 994 791 (1).
1011 740 1186 779 Honesti
1209 740 1446 780 adsertores
1463 742 1591 783 ducat
1608 743 1734 791 Zeno,

167 803 400 843 Stoicorum
430 803 635 856 princeps,
666 804 732 857 qui
762 804 804 843 in
834 803 996 851 virtute,
1029 804 1094 843 vel
1116 804 1263 843 melius
1294 804 1335 843 in
1358 805 1562 857 sapientia
1583 806 1734 847 virtute

165 866 351 918 praedita
365 866 565 906 bonorum
585 874 815 907 extremum
828 867 1050 915 constituit,
1061 868 1168 919 quod
1181 868 1305 908 etiam
1318 876 1414 908 ante
1430 869 1562 921 ipsum
1585 870 1734 910 fecisse

162 929 323 970 videtur
336 930 620 971 Antisthenes.
638 931 825 983 Denique
846 930 914 983 qui
931 930 972 969 in
993 930 1140 970 virtute
1156 931 1280 971 simul
1305 939 1344 971 et
1371 932 1580 984 voluptate
1604 934 1730 972 finem

161 995 346 1036 ultimum
364 996 545 1036 residere
563 997 700 1045 velint,
718 1004 932 1037 auctorem
949 996 1133 1036 habeant
1149 997 1426 1045 Aristotelem;
1445 998 1575 1050 qui-in
1599 999 1731 1051 primo

162 1059 266 1099 libro
288 1059 529 1099 Ethicorum
546 1059 784 1100 felicitatem
800 1060 840 1099 in
857 1060 1099 1112 operatione
1116 1061 1346 1100 secundum
1358 1062 1549 1101 virtutem
1563 1063 1623 1102 sic
1642 1076 1738 1102 con-

162 1122 302 1171 stituit,
335 1130 377 1162 ut
406 1130 546 1163 cetera
576 1124 684 1164 bona
714 1137 797 1163 non
827 1124 972 1170 desint,
1005 1123 1099 1163 licet
1129 1137 1213 1163 non
1235 1132 1278 1165 ut
1299 1139 1395 1177 pars
1424 1124 1630 1177 primaria,
1654 1128 1727 1166 sed

164 1193 322 1226 tantum
338 1188 600 1227 secundaria.
622 1188 714 1227 Hoc
735 1187 841 1227 idem
865 1196 938 1235 est,
962 1188 1002 1227 ni
1018 1187 1154 1236 fallor,
1170 1202 1220 1229 ac
1239 1188 1477 1230 felicitatem
1500 1188 1541 1227 in
1558 1190 1727 1229 coniun-

162 1251 298 1291 ctione
328 1253 549 1304 voluptatis
580 1266 674 1292 cum
715 1253 862 1292 virtute
891 1266 1106 1304 reponere.

219 1316 433 1355 Gradatim
452 1317 719 1357 ostendemus
736 1317 890 1356 nullam
907 1330 959 1356 ex
975 1318 1093 1357 hisce
1111 1319 1328 1359 sententiis
1345 1320 1602 1371 probandam
1621 1334 1725 1369 esse,

164 1380 284 1433 idque
315 1381 516 1421 claritatis
547 1383 684 1433 gratia
713 1383 917 1423 distinctis
947 1384 1300 1435 propositionibus
1330 1399 1619 1438 exsequemur.

163 1516 253 1547 quae
271 1509 406 1546 statuit,
416 1511 601 1549 tamquam
615 1509 880 1541 fundamentum
894 1510 1105 1542 moralitatis
1116 1510 1328 1549 utilitatem,
1341 1511 1487 1544 firmiter
1500 1512 1610 1544 credit
1621 1512 1712 1545 actio
1723 1532 1734 1535 -

163 1570 226 1593 nes
241 1571 325 1594 esse
348 1562 461 1594 bonas
485 1563 517 1594 in
533 1563 801 1603 comparatione
818 1563 995 1595 felicitatis
1013 1573 1119 1604 quam
1135 1565 1297 1603 afferunt,
1313 1568 1348 1597 et
1361 1570 1487 1598 contra
1504 1575 1587 1597 esse
1604 1565 1729 1604 malas,

162 1615 191 1647 si
207 1608 422 1648 contrarium
439 1616 597 1656 gignunt.
614 1616 760 1648 Nomine
777 1619 897 1648 autem
913 1617 1090 1649 felicitatis
1108 1618 1314 1659 intelligitur
1330 1621 1503 1663 voluptas
1519 1624 1581 1654 aut
1594 1622 1732 1654 doloris

160 1670 327 1702 absentia.
354 1682 370 1700 »
396 1671 434 1702 L’
455 1670 702 1702 Utilitccrisme
725 1680 790 1711 par
813 1671 840 1702 J.
864 1672 1012 1702 STL'ART
1028 1672 1123 1703 MILL
1139 1673 1273 1705 traduit
1294 1674 1336 1705 de
1352 1674 1374 1706 l’
1389 1676 1552 1716 Auglais.

202 1725 251 1764 (1)
270 1725 410 1757 Acriter
427 1724 650 1766 disputatum
667 1728 723 1757 est
739 1735 760 1756 a
771 1724 996 1766 philosophis
1014 1730 1130 1757 utrum
1147 1727 1179 1758 in
1191 1728 1377 1769 voluptate
1391 1731 1559 1770 corporis
1576 1741 1617 1764 an
1631 1732 1733 1763 animi

158 1786 336 1811 summum
349 1778 480 1811 bonum
492 1779 667 1820 Epicurus
681 1779 923 1816 collocaverit,
936 1788 1015 1810 cum
1029 1779 1194 1812 virtutem
1210 1782 1314 1813 etiam
1324 1783 1427 1815 valde
1439 1784 1647 1816 laudaverit.
1658 1786 1731 1817 Sed

158 1833 449 1874 adstipulandum
461 1836 548 1874 puto
563 1833 758 1865 sententiae
771 1834 804 1865 S.
818 1833 988 1871 Thomae,
1002 1833 1060 1873 qui
1075 1834 1117 1866 de
1135 1844 1177 1866 ea
1188 1844 1225 1866 re
1241 1836 1291 1868 sic
1309 1837 1444 1876 scribit3
1460 1848 1475 1866 «
1494 1838 1655 1879 Epicurei
1672 1840 1729 1879 qui

157 1888 380 1930 voluptatem
393 1897 571 1920 summum
582 1888 714 1920 bonurn
727 1888 974 1926 aestimabant,
987 1888 1174 1928 diligenter
1184 1889 1349 1922 colebant
1363 1894 1526 1929 Virtutes,
1535 1893 1598 1924 sed
1609 1895 1729 1925 tamen

157 1942 308 1980 propter
330 1940 563 1981 voluptatem,
577 1950 620 1972 ne
635 1940 769 1973 scilicet
787 1949 850 1981 per
865 1940 1043 1972 contraria
1057 1940 1137 1972 vitia
1153 1950 1277 1972 eorum
1294 1942 1463 1983 voluptas
1478 1943 1723 1985 impediretur.

158 1994 250 2026 Gula
273 1994 362 2026 enim
386 2004 450 2035 per
472 1994 779 2027 immoderantiam
804 1994 869 2026 cibi
893 1994 1040 2027 dolores
1065 1995 1229 2035 corporis
1248 2000 1406 2036 generat.
1423 1998 1579 2040 Propter
1595 2000 1727 2031 furtum

159 2045 287 2086 aliquis
313 2046 447 2078 carceri
469 2047 699 2087 mancipatur.
725 2047 768 2078 Et
791 2047 840 2077 ita
863 2046 1007 2078 diversa
1022 2046 1104 2078 vitia
1120 2047 1358 2080 diversimode
1374 2049 1598 2090 voluptatem
1623 2051 1730 2093 impe-

165 2099 272 2133 diunt.
295 2112 310 2130 >›
336 2101 372 2132 In
395 2101 418 2132 Ι.
441 2101 669 2139 Ethicomcm,
692 2101 770 2133 lect.
797 2101 824 2132 8.

208 2153 298 2186 Huic
321 2154 424 2194 gregi
447 2158 681 2187 accensentur
703 2154 958 2187 materialistae
982 2165 1024 2186 ac
1048 2155 1247 2193 sensistae;
1273 2165 1365 2197 quos
1389 2157 1479 2190 inter
1501 2159 1727 2200 Maupertuis

161 2207 290 2247 (Esscci
300 2207 344 2240 cle
352 2207 488 2250 philos,
497 2208 735 2248 mor-celestem
749 2209 800 2242 sic
810 2209 972 2250 explicat.
983 2209 1219 2250 Voluptatem
1229 2210 1392 2251 appellat
1403 2211 1557 2244 motione
1565 2223 1598 2244 m
1609 2223 1729 2254 quam-

159 2261 240 2293 dam
254 2262 357 2294 animi
368 2263 423 2295 vel
448 2263 699 2300 sensationem‚
712 2273 818 2303 quam
834 2264 942 2295 homo
960 2263 1093 2295 mavult
1106 2263 1247 2301 habere,
1262 2273 1369 2304 quam
1386 2274 1454 2297 non
1471 2266 1611 2299 habere.
1626 2268 1727 2300 Tem-

156 2324 225 2356 pus
240 2326 336 2354 vero,
352 2326 423 2357 quo
439 2317 528 2349 haec
540 2318 656 2355 durat,
667 2318 698 2349 in
711 2317 809 2349 varia
824 2320 1004 2350 momenta
1018 2317 1183 2358 partitur,
1197 2327 1288 2358 quae
1300 2322 1482 2352 momenta
1494 2320 1608 2353 felicia
1619 2323 1728 2355 nomi—

155 2367 316 2399 natTum
329 2367 460 2400 bonurn
472 2368 609 2409 reponit
622 2369 653 2400 in
667 2378 806 2401 summa
818 2371 1078 2401 momentorum
1090 2369 1253 2408 felicium;
1266 2370 1397 2402 malum
1407 2374 1533 2404 contra
1544 2373 1575 2404 in
1590 2383 1729 2407 summa

155 2420 415 2451 momentorum
427 2419 622 2452 infelicium.
633 2421 718 2452 Cum
731 2430 816 2453 vero
831 2421 982 2461 quisque
997 2421 1104 2453 homo
1114 2424 1267 2462 utraque
1281 2432 1420 2455 sumina
1429 2424 1612 2462 afficiatur,
1625 2436 1728 2458 unam

154 2482 199 2504 ex
211 2473 327 2505 altera
339 2473 489 2506 subduci
500 2474 605 2506 iubet.
619 2474 665 2512 Si,
679 2474 913 2507 subductione
926 2475 1030 2511 facta,
1047 2475 1179 2515 aliquid
1191 2475 1272 2508 boni
1294 2480 1473 2518 superest,
1486 2478 1638 2512 habetur
1651 2480 1728 2512 feli-

153 2527 312 2565 citas;sin
321 2528 454 2568 aliquid
465 2528 557 2565 mali,
567 2528 920 2561 habeturinfelicitas.
932 2529 1046 2565 Quam
1058 2530 1268 2562 sententiam
1278 2531 1352 2563 fere
1361 2532 1487 2565 i1sdem
1500 2534 1618 2566 verbis
1626 2544 1726 2566 reco—

154 2591 266 2622 quere
276 2585 426 2616 conatus
437 2586 494 2614 est
507 2583 607 2616 Gioia
617 2583 649 2616 in
663 2583 737 2616 suis
751 2583 952 2616 Elementis
966 2582 1344 2625 Philosophicce‚parte
1356 2586 1588 2628 tertia,capite
1601 2588 1725 2629 primo.
