1970 3203
466 287 604 314 CAPUT
632 286 683 312 111.
714 286 766 312 DE
794 286 942 313 NORMA
972 285 1251 313 OPERATIONIS
1282 285 1488 312 HUMANAE
1731 273 1782 314 85

208 366 277 407 ille
306 365 359 404 ad
382 364 516 416 legem
538 365 740 403 moralem
771 362 951 402 hominis
972 360 1198 400 deveniens
1218 373 1311 399 eam
1333 372 1534 411 reponere
1556 360 1716 400 videtur
1737 360 1778 400 in
1836 394 1843 400 ,.

206 428 489 481 respectibus,
520 440 574 467 ex
602 426 898 467 constitutione
918 432 1106 472 naturae,
1136 437 1217 476 qua
1246 424 1371 463 homo
1401 424 1579 477 gaudet,
1610 424 1781 475 profici-

206 491 418 532 scentibus
439 492 513 543 (1).
534 491 690 530 Verum
714 490 795 529 hae
824 489 1016 529 notiones
1044 502 1127 527 non
1152 493 1248 527 sunt
1268 495 1505 528 accuratae.
1533 490 1622 528 Lex
1652 488 1774 537 enim,

207 555 285 595 etsi
315 560 491 594 naturae
521 567 657 594 rerum
688 567 913 606 earumque
942 551 1211 592 relationibus
1246 564 1481 592 consonare
1521 553 1680 600 debeat,
1710 559 1775 592 ta-

204 635 301 661 men
329 635 423 662 cum
452 621 554 673 ipsis
583 620 876 661 confundenda
922 632 1006 658 non
1036 629 1110 662 est,
1141 617 1241 658 Eius
1276 620 1385 659 enim
1415 621 1508 660 idea
1529 653 1537 668 ‚
1582 621 1707 659 etiam
1737 619 1774 658 si

206 686 436 739 generatim
471 685 671 734 sumitur,
700 693 936 738 respectum
971 699 1134 739 semper
1163 687 1216 726 ad
1250 686 1532 739 operationem
1577 684 1777 736 importat;

205 753 247 792 in
277 759 470 792 creatura
498 758 636 792 autem
666 751 870 800 rationali,
902 766 995 792 cum
1026 753 1320 805 obligationem
1352 754 1554 791 moralem
1584 750 1775 798 adducat,

207 816 422 869 imperium
453 829 615 868 quoque
645 816 871 868 superioris
907 816 1126 857 cuiusdam
1156 816 1351 856 continet.
1399 815 1604 855 Gallicum
1638 814 1776 866 itaque

207 883 491 935 Iurisperitum
521 883 772 931 deserentes,
802 883 856 922 ad
886 883 925 922 S.
959 883 1164 922 Thomam
1195 895 1272 922 nos
1303 887 1609 921 convertamus.

260 951 351 989 Lex
379 949 420 988 in
442 948 583 1002 primis
603 948 710 988 sumi
730 955 864 1001 potest
893 950 1093 989 latissime
1115 963 1188 1001 pro
1209 950 1356 1002 regula
1376 948 1674 999 cuiuscumque
1695 958 1770 985 ac-

207 1013 356 1062 tionis,
388 1017 510 1064 atque
539 1012 597 1053 ita
626 1026 709 1052 non
740 1014 861 1053 modo
892 1014 1093 1062 homines,
1125 1013 1199 1054 sed
1232 1013 1356 1053 etiam
1388 1013 1564 1059 belluae,
1598 1011 1776 1063 plantae,

209 1094 390 1133 corpora
409 1079 607 1127 inanima,
629 1079 824 1132 quidquid
850 1080 1025 1132 denique
1047 1087 1252 1132 operatur,
1273 1079 1361 1119 suis
1385 1079 1548 1131 legibus
1567 1078 1773 1117 instruun-

206 1150 282 1183 tur.
314 1144 437 1183 Unde
466 1144 540 1183 lex
566 1143 811 1194 gravitatis,
842 1145 908 1184 lex
942 1144 1203 1192 nutritionis,
1244 1145 1310 1184 lex
1350 1142 1524 1182 visionis
1568 1139 1778 1180 communi

204 1221 400 1248 sermone
430 1213 698 1259 usurpantur.

261 1273 404 1312 Minus
434 1272 515 1311 late
545 1271 596 1311 iis
616 1271 776 1311 normis
806 1272 1098 1323 significandis
1119 1278 1295 1323 aptatur,
1322 1283 1428 1323 quae
1458 1283 1483 1309 a
1513 1269 1674 1308 ratione
1703 1280 1774 1306 ar-

209 1336 318 1374 tibus
349 1335 701 1388 praescribuntur.
733 1335 801 1375 Sic
833 1335 913 1375 dici
945 1337 1079 1375 solent
1110 1336 1226 1387 leges
1252 1334 1448 1387 picturae,
1479 1335 1596 1385 leges
1625 1331 1775 1384 poesis,

210 1401 327 1452 leges
361 1400 637 1452 eloquentiae,
668 1401 783 1452 leges
812 1401 1083 1440 aestheticae.

261 1466 450 1505 Tandem
481 1465 625 1505 stricta
653 1472 694 1505 et
714 1466 882 1517 propria
916 1466 1159 1517 acceptione
1188 1465 1376 1505 actiones
1406 1470 1565 1504 tantum
1597 1463 1776 1502 morales

205 1531 435 1584 respicitac
454 1532 643 1582 regulam
660 1531 861 1583 exprimit,
874 1544 955 1583 qua
966 1531 1060 1571 illae
1083 1538 1378 1582 temperantur.
1398 1546 1417 1568 «
1432 1531 1532 1577 Lex,
1549 1529 1606 1568 ait
1624 1528 1778 1567 S.Tho-

211 1610 315 1644 mas,
337 1598 484 1648 regula
505 1596 708 1648 quaedam
727 1603 788 1636 est
804 1602 843 1636 et
863 1610 1058 1636 mensura
1075 1604 1254 1644 actuum,
1276 1597 1504 1636 secundum
1521 1608 1645 1648 quam
1662 1593 1774 1632 indu-

211 1663 318 1702 citur
339 1662 487 1714 aliquis
509 1663 561 1701 ad
580 1663 800 1714 agendum,
823 1663 886 1702 vel
904 1663 955 1701 ab
973 1663 1136 1714 agendo
1153 1662 1560 1702 retrahitur.Dicitur
1580 1661 1689 1700 enim
1706 1661 1773 1699 lex

207 1741 232 1766 a
253 1727 434 1779 ligando,
456 1728 552 1778 quia
581 1726 736 1777 obligat
756 1726 809 1765 ad
830 1728 1035 1778 agendum
1056 1727 1130 1777 (2).
1153 1741 1173 1763 >›
1196 1726 1336 1772 Quare
1358 1739 1383 1764 a
1403 1726 1443 1764 S.
1466 1725 1646 1764 Doctore
1668 1724 1773 1763 defi-

206 1794 327 1835 nitur:
348 1792 575 1832 Ordinatio
598 1792 782 1832 rationis
803 1793 860 1832 acl
874 1793 1026 1831 bonam
1048 1805 1268 1831 commane
1289 1792 1339 1832 ab
1361 1805 1419 1839 eo,
1442 1792 1518 1844 qai
1533 1804 1685 1830 caram
1703 1791 1773 1829 ha-

204 1861 269 1899 bet
285 1858 614 1905 communitatis,
633 1859 913 1910 promulgata
931 1860 1002 1909 (3).
1025 1860 1139 1905 Quae
1161 1858 1383 1910 descriptio
1409 1857 1565 1909 optima
1581 1862 1699 1897 estet
1718 1856 1771 1895 ad

203 1928 448 1974 conceptum
468 1921 574 1972 legis
589 1922 708 1973 plene
730 1923 1024 1962 declarandum
1044 1923 1206 1962 idonea.
1233 1922 1337 1961 Cum
1358 1922 1468 1961 enim
1491 1921 1638 1960 dicitur
1659 1921 1769 1960 ordi-

204 1987 321 2026 natio
346 1986 540 2033 rationis,
560 1985 743 2024 innuitur
764 1985 854 2025 eius
874 1985 1004 2038 origo,
1026 1999 1130 2038 quae
1147 1999 1173 2024 a
1189 1985 1361 2024 rationis
1379 1985 1500 2024 debet
1515 1996 1626 2024 esse.
1644 1984 1766 2024 Ratio

204 2050 313 2089 enim
343 2056 405 2088 est
434 2050 580 2102 regula
609 2062 787 2097 morum,
817 2049 893 2088 etsi
913 2049 955 2088 in
976 2057 1175 2101 quantum
1197 2049 1409 2102 practica,
1432 2061 1507 2088 seu
1527 2055 1646 2100 prout
1668 2048 1768 2087 sub—

198 2116 307 2156 iacet
335 2114 505 2154 motioni
535 2114 769 2154 voluntatis.
800 2115 987 2154 Additur:
1019 2115 1077 2154 acl
1104 2115 1257 2153 bonam
1282 2128 1515 2162 commane,
1547 2120 1590 2153 ut
1618 2114 1686 2153 lex
1715 2113 1770 2152 di-

196 2179 432 2230 stinguatur
460 2191 485 2217 a
514 2184 748 2230 praecepto;
778 2179 887 2230 quod
916 2179 1099 2233 nonbtoti
1129 2178 1428 2227 communitati,
1459 2178 1533 2218 sed
1563 2177 1763 2230 peculiari

199 2257 403 2296 personae
431 2244 656 2295 imponitur
683 2251 805 2296 atque
833 2245 956 2284 etiam
988 2258 1013 2283 a
1042 2245 1201 2297 privato
1230 2244 1398 2284 homine
1427 2244 1586 2297 iniungi
1615 2250 1763 2296 potest,

200 2308 268 2360 qui
297 2307 478 2347 dominio
515 2307 653 2360 aliquo
682 2317 852 2347 ornatus
881 2308 945 2347 sit.
991 2309 1042 2347 Et
1079 2308 1272 2360 quoniam
1317 2307 1604 2347 communitati
1640 2320 1762 2346 nemo

200 2373 446 2426 praecipere
474 2380 609 2425 potest
638 2373 716 2412 nisi
746 2373 804 2421 is,
838 2373 905 2426 qui
935 2374 1119 2413 eiusdem
1154 2378 1409 2426 gubernator
1443 2379 1504 2413 est
1539 2387 1589 2412 ac
1620 2378 1766 2420 rector;

199 2437 354 2476 idcirco
385 2436 533 2476 dicitur
562 2437 766 2476 ordinatio
797 2438 903 2476 haec
933 2438 1107 2477 rationis
1128 2438 1177 2477 ab
1207 2451 1266 2483 ec,
1288 2438 1367 2489 qai
1392 2450 1543 2476 caram
1574 2450 1763 2483 comma-

201 2503 349 2543 nitatis
370 2502 502 2550 habet,
524 2503 744 2554 proficisci.
763 2503 950 2555 Denique
970 2517 1063 2542 cum
1078 2504 1283 2555 imperare
1299 2503 1408 2542 idem
1429 2502 1482 2542 sit
1503 2515 1554 2541 ac
1575 2502 1764 2541 subditos

201 2570 254 2609 ad
284 2568 603 2610 convenientem
623 2568 810 2607 ordinem
835 2569 1058 2620 applicare,
1080 2568 1301 2620 applicatio
1322 2573 1461 2607 autem
1488 2568 1704 2614 eiusmodi,
1726 2567 1767 2605 in

201 2632 387 2672 subiecto
417 2631 686 2683 intelligente,
715 2644 798 2670 non
828 2631 910 2670 nisi
930 2644 1002 2683 per
1032 2631 1313 2684 cognitionem
1338 2631 1482 2671 haberi
1513 2631 1654 2683 possit,
1677 2629 1766 2670 evi*

202 2699 347 2738 denter
384 2704 557 2750 apparet
592 2711 665 2736 cur
702 2697 806 2749 legis
853 2697 1136 2737 definitionem
1162 2698 1461 2750 promulgatio
1499 2696 1768 2749 ingrediatur,

203 2775 310 2813 quae
338 2761 442 2801 nihil
473 2767 536 2801 est
573 2761 684 2800 aliud
714 2760 793 2800 nisi
823 2761 1007 2800 eiusdem
1030 2760 1321 2801 manifestatio.

248 2866 298 2905 (1)
322 2866 375 2898 De
400 2866 551 2909 Z'Esprit
573 2867 640 2900 des
663 2867 744 2905 lois,
768 2867 788 2899 1.
813 2868 841 2905 1,
864 2877 890 2900 c.
916 2868 941 2899 2.

184 2966 186 2969 v
245 2919 295 2959 (2)
321 2920 475 2952 Summa
499 2921 546 2952 th.
571 2922 613 2952 1.²
657 2921 712 2953 2³³⁶
753 2930 786 2961 q.
808 2922 878 2954 XC.
905 2932 932 2953 a.
959 2923 983 2954 1.

248 2973 298 3013 (3)
323 2973 383 3012 Ibi,
406 2984 432 3006 a.
457 2976 484 3006 4.
