1970 3203
461 201 597 228 CAPUT
626 203 676 229 111.
708 203 760 231 DE
792 203 947 230 sooiAL1
974 202 1157 230 UNITATE
1186 203 1377 230 GENTmM
1623 193 1700 233 363

139 278 234 318 finis
251 283 289 318 et
301 278 486 318 altiorem
505 278 706 331 originem
723 278 951 332 potestatis,
963 278 1177 319 Ecclesiae
1194 284 1429 337 competere
1442 279 1621 321 diximus
1641 295 1699 321 re-

139 350 283 396 spectu
306 345 445 384 Status
462 344 777 396 politici,sartae
797 350 1011 397 tectaeque
1026 344 1082 383 illi
1105 351 1274 385 manent
1289 345 1414 385 etiam
1429 353 1620 398 respectu
1637 361 1699 387 so-

137 410 299 451 cietatis
327 409 670 450 internationalis.
701 413 762 450 Ne
790 411 914 463 igitur
942 410 1102 450 iactura
1131 410 1326 462 temporis
1357 411 1501 451 eadem
1530 419 1697 466 repeta-

135 490 252 526 mus,
283 491 355 517 eas
383 476 451 516 hic
481 476 629 517 iterum
658 490 986 517 commemorare
1016 477 1390 528 praetermittimus.
1414 479 1557 519 Potius
1587 494 1695 520 non-

135 544 249 583 nulla
277 542 497 583 innuemus
526 543 646 591 bona,
665 557 769 596 quae
797 543 839 582 in
860 543 1214 583 consociationem
1236 544 1346 583 hanc
1376 544 1571 597 gentium,
1593 559 1698 598 qua-

134 615 253 648 tenus
284 609 378 649 talis
407 615 479 657 est,
518 622 568 649 ex
599 610 790 649 Ecclesia
817 609 1150 662 proficiscuntur.

185 672 247 712 40.
277 673 490 713 Ecclesiae
526 674 708 714 influxus
748 674 882 725 quoad
923 674 1169 714 societatem
1217 676 1503 716 etnarchicam
1546 677 1697 718 ineun—

135 735 229 776 dam
257 740 300 776 et
329 738 665 778 conservandam.
690 738 844 789 Sponte
875 750 951 776 sua
972 750 1015 776 se
1039 737 1091 776 ad
1113 738 1460 778 considerandum
1491 740 1623 788 offert,
1644 741 1696 780 ab

136 801 328 841 Ecclesia
357 802 642 842 acutissimum
663 802 975 842 incitamentum
1006 802 1057 841 ad
1074 802 1257 853 gentium
1277 803 1519 844 societatem
1550 805 1698 845 ineun-

135 866 241 915 dam,
273 874 323 916 et,
345 873 562 920 postquam
591 868 692 908 inita
715 868 781 917 sit,
803 868 1061 908 retinendam
1084 868 1383 909 validissimum
1404 870 1699 911 adminiculum

134 933 335 986 praeberi.
366 935 472 974 Nam
502 935 625 974 homo
656 948 741 975 non
770 936 858 975 solo
889 948 1061 986 corpore
1092 941 1267 983 constat;
1299 935 1372 975 sed
1406 937 1532 976 multo
1563 938 1698 990 magis

134 998 279 1050 spiritu
299 1030 308 1047 ,
338 998 405 1051 qui
433 999 659 1051 praecipua
688 999 777 1039 eius
807 1007 981 1041 naturae
1013 1005 1076 1039 est
1115 1013 1223 1052 pars.
1257 1001 1344 1040 Nec
1372 1002 1425 1041 ad
1454 1002 1697 1043 societatem

134 1063 260 1102 ullam
290 1062 437 1101 adduci
469 1068 614 1114 potest,
637 1063 715 1103 nisi
745 1064 881 1116 quoad
901 1063 1087 1115 spiritum
1117 1064 1360 1113 attrahatur;
1382 1078 1459 1105 nec
1481 1065 1523 1104 in
1552 1066 1698 1106 eadem

133 1134 398 1182 perseverat,
429 1128 508 1168 nisi
539 1129 683 1180 spiritu
713 1129 805 1169 aliis
844 1130 1133 1170 adhaerescat.
1163 1131 1219 1171 At
1254 1143 1351 1170 vero
1384 1131 1473 1184 quis
1505 1132 1700 1184 ignorat,

133 1201 261 1236 totam
291 1195 497 1236 actionem
528 1195 744 1235 Ecclesiae
775 1196 856 1235 huc
886 1196 1099 1236 intendere
1121 1228 1129 1243 ,
1160 1202 1203 1236 ut
1232 1196 1359 1236 animi
1404 1198 1589 1237 omnium
1619 1199 1700 1238 ho-

133 1262 300 1311 minum,
332 1262 627 1314 cuiuscumque
656 1261 838 1314 regionis
868 1267 939 1301 aut
968 1262 1218 1302 conditionis
1253 1262 1334 1302 sint
1364 1264 1519 1304 unitate
1550 1264 1700 1316 cogni-

133 1326 255 1366 tionis
285 1332 324 1366 et
352 1326 505 1366 amoris
536 1332 574 1366 et
603 1326 888 1375 obedientiae,
928 1326 1044 1379 quasi
1076 1326 1224 1379 triplici
1260 1340 1391 1380 eoque
1420 1328 1695 1368 indissolubili

136 1392 313 1441 vinculo,
344 1391 525 1432 invicem
556 1391 839 1445 copulentur?

190 1458 382 1498 Profecto
413 1458 603 1498 Ecclesia
631 1472 765 1511 genus
795 1459 1022 1498 humanum
1043 1472 1126 1498 non
1157 1459 1279 1499 modo
1303 1459 1355 1499 ab
1386 1473 1469 1499 uno
1501 1462 1588 1501 Deo
1611 1474 1704 1501 con-

137 1525 261 1565 ditum
280 1557 288 1573 ,
319 1538 462 1565 verum
492 1525 616 1565 etiam
646 1526 698 1565 ab
729 1539 810 1564 uno
840 1531 1010 1577 parente
1039 1525 1224 1577 genitum
1255 1526 1398 1575 docet3
1430 1541 1480 1566 ac
1511 1527 1696 1579 proinde,

136 1591 199 1630 vel
231 1590 366 1642 quoad
386 1589 520 1642 ipsam
542 1590 799 1630 materialem
829 1589 1043 1641 originem,
1065 1603 1211 1629 omnes
1231 1590 1422 1630 homines
1447 1591 1697 1643 cognatione
1756 1642 1758 1644 v

136 1654 350 1695 devinctos
378 1655 568 1694 ostendit.
591 1657 696 1694 Tum
717 1668 790 1694 eos
811 1655 863 1693 ad
884 1655 1073 1693 eumdem
1103 1655 1229 1693 finem
1260 1655 1455 1694 destinari
1487 1655 1692 1706 patefacit,

137 1725 176 1759 et
205 1719 256 1758 ad
285 1733 410 1759 unam
432 1719 701 1772 eamdemque
722 1719 966 1759 societatem
996 1732 1079 1758 non
1105 1719 1227 1758 modo
1256 1719 1298 1758 in
1320 1719 1455 1759 futuro
1485 1733 1602 1768 aevo,
1625 1721 1697 1760 sed

137 1783 260 1824 etiam
290 1783 330 1822 in
361 1784 566 1835 praesenti
597 1784 828 1824 coeundam
865 1782 1061 1823 divinitus
1092 1796 1185 1823 esse
1220 1784 1445 1832 ordinatos,
1479 1784 1555 1824 sub
1586 1785 1699 1837 regi-

135 1850 244 1890 mine
261 1856 300 1890 et
319 1850 446 1889 tutela
465 1850 587 1889 unius
615 1851 795 1902 supremi
818 1850 1017 1897 Pastoris,
1035 1850 1101 1902 qui
1123 1850 1197 1889 Dei
1222 1850 1309 1889 vice
1331 1849 1538 1902 fungatur.
1562 1852 1693 1892 Porro

136 1914 188 1953 ad
216 1915 342 1952 finem
371 1927 634 1955 communem
655 1921 695 1954 et
724 1915 844 1953 simul
866 1914 1074 1966 proprium
1104 1915 1363 1966 singulorum
1390 1917 1696 1967 capessendum

137 1978 326 2018 omnibus
355 1979 499 2019 eadem
531 1980 667 2019 media
695 1980 878 2032 largitur,
907 1981 1076 2019 easdem
1106 1981 1221 2032 leges
1241 1980 1424 2033 imponit,
1457 1983 1695 2022 eorumdem

137 2044 335 2084 bonorum
367 2045 615 2084 desiderium
646 2045 829 2093 excitat;
859 2045 984 2084 immo
1006 2077 1015 2093 ,
1050 2045 1197 2096 quavis
1239 2045 1470 2087 differentia
1500 2046 1665 2086 sublata
1686 2079 1694 2095 ‚

139 2121 286 2148 omnes
306 2109 427 2160 plane
448 2109 650 2156 homines,
674 2109 972 2161 cuiuscumque
1002 2109 1213 2161 dignitatis
1235 2116 1306 2149 aut
1336 2110 1583 2151 conditionis
1605 2112 1698 2161 sint,

139 2173 261 2213 unius
291 2173 556 2226 eiusdemque
585 2187 756 2214 mensae
787 2174 989 2214 convivas
1019 2174 1251 2221 constituit,
1283 2176 1522 2216 eorumdem
1553 2191 1703 2218 sacra-

140 2243 373 2276 mentorum
403 2238 641 2290 participes,
672 2238 936 2291 eiusdemque
966 2238 1173 2278 fraternae
1209 2239 1440 2279 dilectionis
1470 2241 1606 2281 officio
1638 2243 1705 2282 ad-

141 2302 318 2342 strictos.
351 2302 489 2347 Quare
532 2316 616 2342 non
645 2303 766 2342 modo
805 2302 1047 2356 principium
1083 2303 1218 2355 ipsum
1259 2304 1481 2344 iunctionis
1510 2304 1701 2357 attingit,

140 2380 290 2418 nempe
318 2366 513 2415 animum,
540 2368 611 2407 sed
631 2368 849 2407 innumera
879 2368 1005 2407 nectit
1025 2367 1203 2415 vincula,
1231 2367 1378 2419 quibus
1407 2374 1490 2407 tum
1512 2368 1706 2410 homines

139 2432 349 2481 individui,
378 2439 464 2473 tum
495 2433 699 2483 familiae,
729 2441 814 2474 tum
845 2434 1020 2487 denique
1049 2434 1241 2475 nationes
1274 2435 1390 2487 ipsae
1419 2435 1527 2474 inter
1556 2449 1601 2475 se
1636 2451 1706 2477 ar-

140 2500 325 2540 ctissime
355 2500 673 2553 coniungantur.
696 2503 837 2554 Neque
866 2503 946 2541 hoc
976 2507 1198 2554 utcumque
1228 2509 1425 2553 praestat,
1453 2502 1526 2542 sed
1556 2504 1708 2544 stabili-

141 2571 225 2605 tate
253 2566 449 2614 maxima,
467 2572 506 2607 et
527 2567 666 2606 divina
684 2572 803 2607 utens
821 2568 1054 2607 sanctione.
1077 2568 1141 2606 Ex
1162 2581 1242 2619 quo
1263 2569 1307 2607 fit
1323 2574 1365 2608 ut
1380 2575 1527 2621 gentes
1548 2583 1706 2618 omnes,

141 2646 247 2685 quae
268 2633 354 2673 eius
384 2634 476 2673 luce
498 2634 792 2673 collustrantur
822 2639 861 2673 et
881 2647 1003 2673 sacro
1023 2635 1120 2686 igne
1149 2633 1355 2684 foventur;
1386 2636 1439 2675 ad
1460 2635 1703 2676 societatem

142 2696 266 2736 etiam
296 2703 489 2750 respectu
518 2698 757 2750 temporalis
779 2698 987 2738 felicitatis
1010 2698 1117 2738 inter
1145 2712 1190 2738 se
1220 2698 1443 2739 ineundam
1473 2713 1556 2739 non
1581 2700 1704 2739 modo

142 2761 325 2802 maxime
354 2763 587 2803 alliciantur
608 2796 617 2812 ,
648 2763 721 2803 sed
749 2763 867 2815 quasi
896 2762 1146 2802 necessitate
1176 2763 1354 2815 quadam
1394 2764 1706 2815 pertrahantur.

199 2829 287 2868 Nec
317 2842 427 2878 vero,
456 2830 545 2870 sine
573 2830 654 2869 hoc
685 2829 855 2870 caelesti
883 2829 1062 2878 vinculo,
1098 2830 1255 2882 sperari
1285 2831 1434 2883 poterit
1466 2830 1702 2871 internatio-

151 2892 290 2932 nalem
320 2893 560 2934 societatem
589 2893 814 2936 stabilitate
841 2907 1022 2947 unquam
1052 2895 1250 2935 donatum
1278 2895 1340 2935 iri.
1361 2897 1479 2944 Nam,
1502 2908 1597 2935 cum
1625 2908 1704 2935 na-
