1970 3203
188 176 266 217 168
532 189 599 217 ius
629 189 830 217 NATURAE
852 200 872 205 -
894 189 1001 216 PARS
1030 190 1053 216 1.
1084 190 1148 217 lus
1177 169 1442 218 mnivmuALE

187 265 358 317 proinde
374 278 448 305 nos
465 265 517 305 ab
539 279 589 306 ea
608 272 707 306 tunc
728 265 939 317 implenda
960 265 1085 306 eximi
1107 279 1189 306 non
1211 279 1347 318 posse.
1372 266 1440 307 Sic
1461 267 1507 306 fit
1524 272 1565 306 ut
1586 267 1768 319 quando-

190 343 269 384 que
292 331 476 371 officium
511 332 816 384 imperfectum,
838 332 879 371 in
896 333 1132 385 perfectum
1153 346 1225 385 per
1255 333 1454 373 accidens
1480 338 1768 382 commutetur;

191 397 301 450 quia,
332 402 377 436 ut
405 397 603 437 observat
633 398 672 436 S.
705 398 911 447 Thomas,
943 398 982 436 in
1015 404 1204 438 extrema
1233 399 1482 439 necessitate
1512 400 1559 440 fit
1590 398 1772 451 proximi

196 463 250 511 id,
282 477 361 516 quo
393 476 497 516 opus
527 463 655 503 habet
683 463 737 503 ad
766 465 1019 504 servandam
1056 464 1183 504 vitam
1216 464 1289 516 (1).

238 532 301 571 67.
335 532 588 570 Paoposmo
619 531 676 570 4³.
711 530 831 575 Quae
862 532 974 570 dicta
1005 534 1108 570 sunt
1133 531 1183 570 de
1214 531 1373 583 officiis
1403 545 1509 584 erya
1531 532 1651 581 alios,
1686 536 1772 572 tum

188 594 397 646 negycztc'vis
421 597 507 633 tum
529 595 743 647 positivis,
768 596 896 634 etiam
929 598 1120 648 respectu
1152 595 1321 635 inimici
1351 596 1631 649 z‘ntellz'yenda
1659 600 1771 637 sunt.

241 658 365 698 Prob.
396 658 484 698 Etsi
516 659 761 710 pravitatem
799 659 963 699 hostilis
1007 659 1165 708 animi,
1205 673 1288 712 qua
1326 660 1417 712 quis
1462 660 1616 699 damna
1650 660 1771 701 nobis

189 721 324 760 intulit
354 721 566 771 detestari,
597 736 822 775 eorumque
855 737 1035 776 aequam
1070 724 1377 776 reparationem
1412 725 1581 777 exigere
1612 725 1675 765 fas
1705 725 1768 774 sit,

189 796 328 827 tamen
361 795 575 828 auctorem
607 789 700 828 odio
732 789 927 842 prosequi
960 796 999 829 et
1032 789 1198 829 damnis
1229 790 1399 830 afficere
1428 795 1624 844 (excepto
1664 798 1770 832 tem-

187 866 286 905 pore
317 852 452 893 iustae
483 853 739 893 defensionis
767 853 808 892 in
840 854 1117 907 aggressione
1148 854 1320 907 iniqua),
1351 861 1424 894 aut
1454 856 1661 894 communi
1690 857 1766 896 be-

185 919 426 959 nevolentia
456 919 623 972 privare
652 920 821 960 minime
851 934 1090 973 possumus.
1124 921 1336 961 Naturalis
1361 922 1470 961 enim
1493 935 1622 971 amor,
1644 936 1766 975 quem

185 984 337 1025 ceteris
366 985 606 1024 hominibus
636 986 847 1034 debemus,
878 1000 961 1027 non
992 987 1188 1027 fundatur
1216 987 1257 1026 in
1280 987 1426 1028 merito
1449 988 1626 1040 quodam
1656 989 1766 1028 indi—

186 1049 340 1088 xiduali
372 1062 592 1101 personae,
622 1050 696 1090 sed
726 1050 769 1089 in
801 1051 1003 1104 dignitate
1033 1057 1210 1092 naturae
1241 1052 1362 1092 nobis
1394 1053 1638 1102 consimilis,
1661 1067 1767 1106 quae

188 1121 300 1152 certe
332 1118 376 1151 ut
404 1112 447 1152 in
477 1113 613 1153 amico
643 1113 704 1153 sic
735 1114 860 1154 etiam
895 1115 936 1154 in
958 1115 1079 1155 hoste
1099 1116 1312 1168 reperitur.
1344 1117 1482 1163 Quare
1504 1117 1683 1157 benefici
1706 1117 1768 1157 ef-

184 1177 331 1226 fectus,
348 1178 416 1231 qui
448 1192 501 1218 ex
531 1180 612 1219 hoc
633 1193 776 1221 amore
798 1188 1069 1231 enascuntur,
1092 1182 1273 1222 inimicis
1295 1183 1530 1236 denegandi
1553 1198 1636 1225 non
1658 1192 1766 1233 sunt,

181 1241 263 1281 nisi
296 1242 403 1283 sorte
434 1243 474 1282 id
503 1244 728 1297 aliquando
759 1246 941 1285 medium
972 1254 1115 1299 aptum
1144 1247 1347 1288 iudicetur
1378 1249 1428 1289 ad
1447 1263 1588 1289 eorum
1618 1251 1767 1303 resipi—

183 1307 392 1347 scentiam
423 1310 745 1361 procurandam.
777 1313 897 1352 Tunc
934 1311 1043 1351 enim
1074 1313 1113 1351 id
1148 1314 1197 1352 fit
1224 1327 1308 1353 non
1351 1320 1518 1366 propter
1560 1315 1765 1367 privatam

185 1374 414 1415 vindictam
445 1382 517 1415 aut
546 1376 682 1416 odium
716 1391 818 1429 erga
840 1391 1081 1430 personam,
1104 1379 1177 1418 sed
1198 1388 1365 1432 propter
1391 1380 1480 1420 eius
1511 1381 1677 1430 bonum,
1699 1389 1766 1422 at-

182 1452 261 1490 que
297 1444 339 1478 ut
381 1440 602 1480 inducatur
631 1441 684 1480 ad
723 1441 914 1481 hostilem
948 1442 1133 1482 animum
1175 1443 1466 1494 deponendum
1488 1476 1496 1492 ,
1529 1445 1765 1498 damnaque

181 1504 303 1544 nobis
329 1504 446 1545 illata
474 1506 755 1545 resarcienda.
786 1507 991 1547 Audiatur
1023 1509 1063 1547 S.
1097 1509 1310 1549 Thomas:
1351 1523 1372 1547 «
1405 1509 1581 1549 Dilectio
1622 1511 1764 1550 inimi-

184 1582 329 1608 corum
363 1569 577 1622 tripliciter
607 1578 743 1622 potest
787 1572 1062 1612 considerari.
1093 1572 1188 1612 Uno
1219 1574 1369 1622 modo,
1400 1584 1445 1615 ut
1483 1573 1640 1613 inimici
1668 1574 1762 1613 dili-

183 1641 338 1687 gantur
368 1636 410 1675 in
441 1644 643 1688 quantum
675 1644 772 1677 sunt
804 1638 976 1687 inimici,
1010 1644 1048 1678 et
1070 1639 1154 1679 hoc
1177 1645 1241 1678 est
1261 1652 1501 1691 perversum
1533 1646 1574 1679 et
1601 1640 1765 1681 caritati

179 1714 422 1753 repugnans
441 1715 449 1750 ;
482 1701 577 1753 quia
597 1702 679 1741 hoc
701 1710 765 1742 est
787 1703 959 1755 diligere
981 1704 1138 1742 malum
1160 1703 1341 1742 alterius.
1368 1703 1461 1742 Alio
1485 1704 1607 1743 modo
1629 1712 1763 1756 potest

182 1764 318 1816 accipi
350 1764 513 1804 dilectio
543 1766 820 1814 inimicorum,
851 1772 1052 1819 quantum
1083 1767 1136 1806 ad
1165 1773 1372 1813 naturam,
1404 1767 1563 1808 scilicet
1592 1767 1633 1806 in
1665 1768 1760 1806 uni—
1782 1788 1790 1795 ··

180 1831 365 1881 vel'sali,
398 1840 437 1871 et
466 1832 527 1871 sic
559 1833 722 1873 dilectio
753 1833 1016 1873 inimicorum
1039 1841 1103 1874 est
1133 1835 1181 1874 de
1211 1833 1466 1873 necessitate
1497 1834 1697 1884 caritatis,
1719 1842 1763 1874 ut

180 1896 342 1936 scilicet
372 1897 523 1950 aliquis
554 1898 732 1951 diligens
777 1900 909 1938 Deum
941 1907 981 1939 et
1010 1899 1244 1951 proximum
1263 1933 1272 1948 ,
1303 1900 1355 1939 ab
1386 1900 1457 1939 illa
1485 1901 1758 1951 generalitate

181 1962 416 2002 dilectionis
450 1964 629 2016 proximi
657 1964 851 2004 inimicos
873 1978 972 2005 suos
992 1978 1076 2004 non
1097 1965 1304 2005 excludat.
1329 1966 1483 2014 Tertio,
1506 1973 1641 2018 potest
1662 1979 1757 2006 oon-

184 2028 358 2068 siderari
392 2028 555 2069 dilectio
585 2029 847 2069 inimicorum
878 2030 920 2069 in
951 2030 1138 2082 speciali,
1158 2037 1201 2070 ut
1223 2031 1383 2071 scilicet
1413 2031 1561 2083 aliquis
1591 2031 1631 2070 in
1662 2045 1760 2084 spe-

183 2094 279 2133 ciali
310 2101 528 2134 moveatur
559 2105 673 2135 motu
705 2096 939 2136 dilectionis
969 2096 1021 2135 ad
1051 2096 1278 2136 inimicum.
1303 2099 1353 2137 Et
1381 2097 1491 2138 istud
1512 2111 1594 2137 non
1627 2104 1689 2138 est
1712 2098 1760 2138 de

181 2160 438 2201 necessitate
470 2162 656 2202 caritatis
687 2162 901 2212 absolute,
934 2162 1030 2215 quia
1059 2176 1138 2202 neo
1169 2163 1293 2202 etiam
1324 2163 1482 2203 moveri
1513 2170 1623 2203 motu
1654 2164 1758 2203 dile·

180 2226 335 2266 ctionis
365 2228 406 2266 in
438 2228 611 2280 speciali
642 2230 695 2268 ad
726 2230 933 2282 quoslibet
953 2229 1145 2268 homines
1166 2229 1435 2281 singulariter
1456 2235 1519 2269 est
1549 2229 1597 2269 de
1619 2242 1760 2269 neces-

178 2293 305 2333 sitate
337 2294 537 2343 caritatis,
570 2296 666 2347 quia
697 2296 778 2335 hoc
809 2305 921 2335 esset
950 2294 1219 2348 impossibile.
1252 2296 1326 2334 Est
1357 2303 1496 2335 tamen
1527 2296 1576 2335 de
1607 2308 1758 2335 neces-

176 2357 302 2397 sitate
335 2358 523 2398 caritatis
552 2360 784 2399 secundum
814 2360 1179 2413 praeparationem
1201 2360 1350 2410 animi,
1375 2367 1417 2400 ut
1451 2361 1611 2402 scilicet
1631 2362 1757 2401 homo

177 2420 333 2460 habeat
362 2422 547 2462 animum
577 2431 768 2475 paratum
799 2425 850 2464 ad
881 2425 984 2473 hoc,
1016 2425 1125 2477 quod
1156 2425 1198 2464 in
1229 2424 1435 2476 singulari
1464 2425 1677 2464 inimicum
1708 2424 1762 2463 di·

175 2484 335 2536 ligeret,
367 2486 402 2525 si
433 2488 666 2528 necessitas
698 2498 951 2529 occurreret.
984 2489 1064 2529 Sed
1095 2489 1200 2542 quod
1224 2489 1381 2542 absque
1411 2489 1590 2529 articulo
1621 2501 1760 2528 neces-

177 2550 311 2590 sitatis
341 2551 467 2591 homo
500 2553 624 2593 etiam
646 2554 726 2593 hoc
749 2568 845 2596 actu
873 2555 1054 2608 impleat,
1077 2555 1157 2595 hoc
1179 2555 1356 2608 pertinet
1378 2556 1431 2594 ad
1460 2554 1759 2607 perfectionem

178 2614 377 2654 caritatis.
397 2616 500 2655 Cum
532 2618 641 2657 enim
672 2632 725 2658 ex
755 2619 928 2659 caritate
953 2619 1148 2672 diligatur
1178 2619 1395 2671 proximus
1424 2623 1593 2671 propter
1612 2618 1758 2666 Deum,

221 2734 271 2773 (1)
299 2746 314 2762 «
338 2734 394 2767 Uti
418 2745 455 2768 re
484 2736 598 2769 aliena
615 2738 756 2770 occulte
774 2741 925 2780 accepta
942 2739 973 2771 in
990 2748 1078 2771 casu
1093 2738 1322 2770 necessitatis
1342 2740 1539 2774 extremae,
1564 2745 1632 2768 non
1651 2735 1760 2767 habet

179 2786 353 2819 rationem
376 2788 470 2826 furti,
494 2791 639 2831 proprie
664 2790 870 2830 loquendo3
897 2791 978 2831 quia
1000 2801 1067 2832 per
1078 2791 1186 2822 talem
1203 2789 1458 2822 necessitatem
1481 2788 1634 2820 efficitur
1650 2796 1755 2819 suzam

180 2839 213 2871 id
239 2842 336 2881 quod
363 2842 442 2882 quis
467 2842 593 2884 accipit
611 2844 655 2875 ad
674 2846 948 2877 sustentandam
965 2845 1147 2886 propriam
1171 2843 1286 2876 vitam.
1306 2856 1321 2873 »
1340 2843 1495 2875 Summa
1512 2841 1559 2874 tle.
1576 2843 1624 2874 22·
1643 2841 1698 2873 2²¹²
1724 2850 1755 2881 q.

180 2895 303 2928 LXVI.
329 2907 357 2928 a.
384 2899 410 2929 7.
434 2898 479 2930 ad
504 2899 528 2929 1.
