1970 3203
310 257 447 286 CAPUT
475 257 510 284 11.
542 258 594 285 DE
624 258 928 285 RELA‘rloNlssus
957 257 1178 285 NATlONUM
1206 259 1247 285 IN
1277 257 1414 285 STATU
1435 258 1552 286 BELm
1642 247 1719 285 355

154 335 372 388 inquiens:
404 334 546 374 «Eius
575 335 763 387 legiones
792 335 852 376 sic
881 335 923 374 in
952 335 1097 375 Asiam
1126 336 1382 388 pervenisse,
1411 343 1455 377 ut
1480 331 1566 377 ³non
1594 337 1716 377 modo

152 413 304 440 manus
334 400 435 439 tanti
467 401 688 450 exercitus,
720 402 794 441 sed
823 414 876 441 ne
904 400 1126 452 vestigium
1156 401 1320 454 quidem
1351 401 1540 454 cuiquam
1570 408 1719 455 pacato

147 466 344 507 nocuisse
376 465 535 506 dicatur
566 468 639 518 (1).
671 482 691 504 »

199 533 307 572 Hinc
341 532 465 572 etiam
488 532 661 572 vetitum
683 538 746 573 est
766 533 912 573 mediis
941 533 1010 580 uti,
1039 546 1146 585 quae
1165 546 1248 573 non
1270 534 1322 573 ad
1351 539 1613 586 praesentem
1630 534 1713 574 vim

141 599 323 640 hostium
353 599 679 651 propulsandam
703 599 956 647 ordinantur,
980 612 1056 639 nec
1079 605 1226 639 contra
1248 613 1320 640 eos
1351 605 1523 649 tantum,
1541 601 1608 653 qui
1630 601 1714 640 vim

141 671 365 718 opponunt,
388 665 646 717 diriguntur:
678 666 1023 717 quemadmodum
1057 671 1168 705 esset
1202 679 1403 718 aquarum
1442 668 1612 712 fluenta,
1643 673 1715 707 aut

144 741 274 776 arma,
297 728 444 781 quibus
462 728 726 780 praeliantur,
739 729 1092 777 venenoinficere,
1106 728 1356 780 pestilentias
1374 743 1631 781 promovere,
1644 737 1714 771 aut

145 791 229 830 alia
250 793 365 831 mala
384 805 622 843 procurare,
644 806 748 844 quae
772 793 957 844 pluribus
979 800 1048 833 aut
1067 793 1158 844 plus
1179 799 1370 841 noceant,
1393 808 1515 846 quam
1536 808 1711 835 necesse

146 855 208 896 sit.
238 856 508 896 Potissimum
527 869 624 896 vero
642 855 873 908 requiritur,
896 864 939 895 ut
959 856 1130 895 intentio
1149 856 1264 908 pacis
1281 856 1431 909 iugiter
1451 857 1711 898 demonstre-

144 928 221 969 tur,
246 934 322 960 nec
345 921 396 960 ad
424 934 516 960 eam
543 921 796 973 poscendam
826 921 963 960 aditus
984 934 1163 972 unquam
1181 920 1370 960 hostibus
1399 921 1710 971 intercludatur;

143 988 217 1027 sed
247 986 382 1039 potius
412 987 465 1025 ad
496 1000 587 1026 eam
610 987 754 1039 aequis
775 987 936 1038 legibus
954 987 1264 1026 concedendam
1288 1000 1333 1026 se
1353 987 1515 1027 facilem
1536 987 1708 1028 bellator

149 1053 352 1100 ostendat,
382 1053 721 1105 quotiescumque
750 1066 832 1092 non
863 1066 934 1105 per
965 1053 1100 1091 dolum
1131 1058 1253 1104 atque
1282 1052 1456 1093 insidias
1485 1054 1646 1105 petitur,
1672 1060 1710 1094 et

142 1116 358 1158 sufficiens
381 1115 611 1156 satisfactio
632 1116 891 1156 exhibeatur.
916 1119 1022 1156 Tum
1044 1116 1169 1157 etiam
1191 1130 1295 1168 opus
1316 1124 1380 1157 est
1396 1123 1438 1157 ut
1454 1118 1559 1158 fides
1576 1118 1713 1171 quoad

139 1181 344 1230 inducias,
374 1180 654 1221 cessationem
685 1194 909 1228 armorum,
940 1186 1011 1220 aut
1040 1181 1122 1220 alia
1152 1188 1288 1233 pacta,
1319 1195 1424 1235 quae
1453 1182 1558 1222 forte
1586 1182 1709 1222 inter-

139 1248 319 1296 veniant,
349 1253 494 1287 sancte
525 1253 805 1299 accurateque
836 1253 1053 1296 servetur;
1079 1260 1156 1286 nec
1177 1247 1411 1295 mendacia,
1441 1254 1511 1287 aut
1543 1248 1712 1288 dolosae

139 1318 263 1360 artes,
286 1310 522 1351 sollicitatio
544 1311 597 1350 ad
618 1310 885 1350 rebellionem
902 1312 966 1351 vel
988 1311 1260 1363 proditionem
1283 1318 1353 1352 aut
1369 1312 1577 1364 quidpiam
1596 1312 1707 1351 aliud

143 1377 359 1417 veracitati
390 1390 440 1416 ac
471 1376 657 1416 fidelitati
687 1389 927 1430 repugnans
956 1376 1206 1417 admittatur.

194 1441 240 1480 Id
270 1453 368 1480 vero
398 1453 480 1479 non
503 1440 692 1492 prohibet
712 1440 931 1493 quominus
953 1440 1140 1490 insidiae,
1162 1447 1204 1481 ut
1227 1442 1499 1494 appellantur,
1520 1439 1709 1480 hostibus

140 1508 281 1561 parari
311 1508 498 1560 possint,
529 1512 600 1546 aut
630 1513 793 1547 ceterae
837 1507 1115 1547 simultatione
1146 1508 1397 1560 strategicae
1428 1509 1706 1560 (stratagem-

142 1576 276 1627 Μαῖα)
310 1575 374 1614 vel
403 1573 684 1626 repraesaliae
715 1572 915 1622 adhiberi,
945 1587 1048 1626 quas
1078 1575 1281 1614 culturam
1310 1573 1496 1627 gentium
1522 1586 1704 1613 consue-

139 1642 235 1680 tudo
264 1640 472 1693 permittit.

191 1707 254 1746 29.
287 1706 386 1746 Post
413 1705 647 1746 victoriam.
678 1705 753 1745 Est
774 1704 948 1744 victoria
977 1705 1112 1744 exitus
1134 1704 1230 1744 felix
1254 1704 1360 1752 belli,
1391 1718 1469 1757 quo
1504 1718 1588 1744 una
1608 1717 1706 1757 pars

139 1771 411 1824 pugnantium
428 1772 602 1812 alteram
624 1771 684 1810 sic
705 1777 938 1823 superat,ut
960 1770 1012 1811 ad
1028 1771 1304 1811 resistendum
1318 1771 1512 1823 impotem
1536 1784 1706 1823 prorsus

138 1837 305 1878 efficiat.
331 1838 422 1877 Hac
447 1843 578 1890 parta,
597 1837 818 1877 violentiae
840 1837 1017 1878 facultas
1039 1838 1174 1877 omnis
1194 1838 1234 1876 in
1258 1838 1409 1877 victore
1440 1837 1706 1890 extinguitur,

139 1917 216 1944 nec
237 1904 315 1957 ipsi
335 1904 445 1943 aliud
464 1903 669 1956 competit,
690 1904 771 1943 nisi
788 1910 829 1943 ut
850 1910 1060 1957 tamquam
1078 1904 1201 1944 iudex
1219 1904 1324 1944 inter
1341 1910 1556 1957 utramque
1579 1904 1705 1944 natio-

135 1983 229 2010 nem
266 1970 466 2024 considat,
490 1971 541 2010 ad
559 1971 870 2011 controversiae
903 1976 1042 2022 partes
1065 1971 1292 2011 secundum
1313 1971 1493 2012 iustitiae
1516 1985 1704 2011 normam

135 2035 433 2074 diiudicandas.
448 2035 584 2081 Quare
595 2035 653 2074 nil
674 2035 784 2074 aliud
799 2049 825 2074 a
842 2036 1046 2076 debellata
1065 2042 1189 2088 gente
1211 2035 1381 2088 exigere
1405 2036 1642 2088 potest,nisi
1660 2042 1702 2076 ut

133 2098 319 2146 iniuriae,
333 2112 455 2150 quam
478 2098 624 2147 intulit,
644 2098 887 2147 satisfaciat,
910 2099 1063 2138 damna
1079 2105 1119 2139 et
1134 2099 1346 2152 impensas
1366 2100 1461 2139 belli
1482 2106 1700 2149 restauret,

136 2163 434 2216 cautionesque
453 2164 519 2203 det
534 2164 574 2203 in
596 2171 808 2216 posterum
830 2165 1052 2205 duraturae
1069 2165 1185 2216 pacis
1202 2172 1242 2207 et
1258 2165 1480 2206 amicitiae.
1497 2167 1636 2206 Brevi:
1657 2166 1700 2205 in

136 2230 340 2278 omnibus,
370 2242 476 2282 quae
496 2229 629 2270 victor
653 2230 754 2282 agit,
775 2244 939 2283 semper
967 2244 1065 2283 prae
1087 2231 1219 2271 oculis
1247 2231 1402 2271 habere
1432 2231 1552 2272 debet
1581 2232 1698 2285 leges

136 2296 317 2336 iustitiae
338 2302 377 2336 et
396 2295 630 2349 aequitatis,
650 2310 728 2336 nec
750 2296 955 2336 oblivione
974 2297 1066 2349 capi
1096 2296 1338 2346 dilectionis,
1358 2311 1438 2350 qua
1458 2311 1564 2350 gens
1583 2298 1700 2350 genti

135 2361 175 2400 vi
195 2367 369 2400 naturae
389 2360 671 2412 adstringitur.
695 2361 833 2408 Quare
854 2374 937 2400 non
958 2362 1050 2412 plus
1072 2374 1229 2414 poenae
1251 2362 1370 2401 victis
1400 2361 1546 2402 inferet
1567 2376 1690 2415 quam

134 2426 301 2467 omnino
331 2426 512 2478 postulat
541 2426 731 2478 propriae
761 2426 943 2466 nationis
970 2427 1081 2466 iusta
1111 2426 1296 2467 defensio
1327 2432 1366 2467 et
1395 2427 1671 2468 incolumitas.

185 2493 294 2533 Hinc
314 2493 459 2544 regula
480 2492 737 2532 desumenda
753 2499 816 2532 est
831 2492 1052 2541 iudicandi,
1070 2498 1206 2532 utrum
1227 2493 1332 2533 iuste
1353 2506 1408 2532 an
1435 2507 1558 2534 secus
1587 2507 1692 2546 gens

128 2560 240 2600 victa
259 2559 424 2612 propria
452 2559 770 2612 independentia
797 2559 952 2611 privari
975 2559 1132 2607 debeat,
1156 2573 1206 2599 ac
1230 2559 1398 2600 victoris
1421 2560 1484 2599 vel
1514 2560 1691 2600 alterius

129 2625 272 2666 ditioni
297 2625 456 2666 subiici.
480 2625 526 2664 Id
550 2624 659 2664 enim
679 2631 777 2664 tunc
799 2626 1016 2666 dumtaxat
1031 2625 1120 2665 iure
1141 2626 1186 2664 fit
1207 2625 1445 2678 meritoque;
1468 2640 1561 2666 cum
1583 2639 1689 2678 gens

127 2689 197 2729 illa
223 2689 330 2729 adeo
351 2688 616 2742 pervicacem
644 2702 688 2729 se
718 2689 943 2729 ostenderit
964 2703 1014 2729 ac
1030 2689 1317 2729 refractariam
1335 2704 1343 2738 ;
1365 2694 1408 2730 ut
1428 2696 1538 2732 tanta
1559 2703 1692 2742 poena

127 2754 368 2794 necessaria
387 2753 555 2793 omnino
579 2753 766 2793 videatur
791 2753 843 2792 ad
865 2753 1203 2806 tranquillitatem
1242 2753 1426 2795 victricis
1455 2753 1591 2805 gentis
1622 2758 1694 2792 aut

127 2818 302 2858 aliarum
331 2819 546 2860 nationum
568 2819 795 2867 tutandam,
816 2821 881 2860 vel
901 2820 954 2860 ad
973 2819 1163 2860 idoneam
1181 2820 1561 2873 compensationem
1582 2819 1688 2859 dam-

175 2960 224 3002 (1)
249 2961 320 2992 Pro
343 2959 420 3001 lege
442 2960 614 2993 Manilia.
