1970 3203
300 211 436 237 CAPUT
464 211 514 237 111.
543 211 597 237 DE
627 211 856 239 SOCIETATE
886 213 1116 249 RELIGIOSA,
1146 214 1331 241 NIMIRUM
1358 214 1553 242 ECCLESIA
1637 204 1713 243 325

153 288 442 335 consulentes,
469 300 601 340 neque
641 289 861 329 Pastorum
884 323 893 339 ‚
923 303 1057 343 neque
1096 292 1248 331 civium
1279 292 1419 332 officia
1456 293 1717 344 posthaben-

152 359 216 392 tes
246 353 321 403 (1).
354 366 373 390 »

211 416 299 454 135.
328 416 585 457 Peoposmo
615 417 670 457 3³.
703 419 852 458 Status
883 419 1089 471 politicas
1132 434 1404 473 nequaquam
1449 422 1498 461 ab
1528 423 1725 464 Ecclesia

149 481 418 532 separandas
448 488 518 521 est.

210 547 334 586 Prob.
365 547 457 586 Non
488 554 583 587 sunt
614 549 874 600 separandae
903 549 1138 598 societates,
1175 565 1349 603 quarum
1378 553 1484 592 fines
1513 566 1596 593 non
1625 559 1722 593 sunt

151 614 345 667 separati.
376 613 501 664 Atqui
530 613 626 652 finis
658 614 800 653 Status
830 615 984 667 politici
1014 628 1097 655 non
1128 623 1190 656 est
1219 624 1438 669 separatus
1468 632 1493 658 a
1523 620 1605 659 fine
1635 621 1720 659 Ec-

152 679 317 720 clesiae.
350 679 460 729 Ergo
490 684 568 718 etc.
599 678 749 718 Maior
777 693 850 730 per
879 693 924 719 se
953 686 1089 731 patet;
1121 681 1335 732 siquidem,
1357 688 1400 721 ut
1428 683 1506 722 fert
1536 685 1720 733 effatum,

151 745 374 786 societates
404 750 528 792 sunt,
558 750 602 783 ut
630 745 748 784 fines.
793 745 943 784 Minor
972 759 1071 785 vero
1100 746 1222 785 facile
1254 747 1571 790 demonstratur.
1612 750 1720 789 Nam

152 811 327 852 felicitas
357 810 612 862 temporalis,
643 810 708 849 cui
738 811 914 851 consulit
935 812 1077 851 Status
1099 811 1303 864 politicus,
1327 821 1476 852 natura
1505 828 1583 854 sua
1603 828 1723 867 sepa-

151 876 235 915 rari
265 876 407 928 nequit
436 888 462 914 a
491 874 688 915 felicitate
719 882 914 924 aeterna,
946 876 1012 915 cui
1047 876 1233 928 providet
1269 877 1487 926 Ecclesia;
1518 879 1720 931 siquidem

151 939 240 978 vita
270 951 471 990 praesens
501 951 584 977 non
615 945 678 978 est
698 939 778 978 nisi
798 939 979 979 medium
1000 946 1192 991 respectu
1213 940 1323 981 vitae
1343 941 1516 990 futurae,
1539 943 1720 982 medium

150 1010 289 1043 autem
320 1001 507 1054 separari
536 1003 678 1053 nequit
705 1017 731 1042 a
760 1004 854 1042 fine.

202 1069 438 1114 Praeterea,
452 1080 504 1106 ex
520 1067 601 1105 hac
619 1067 882 1118 separatione
893 1068 1085 1120 frequens
1101 1069 1213 1109 lucta
1233 1074 1272 1109 et
1289 1070 1573 1110 conscientiae
1585 1070 1720 1111 subdi-

146 1138 282 1172 torum
305 1130 560 1183 perturbatio
581 1130 770 1170 oriretur.
789 1132 895 1170 Nam
918 1145 1011 1170 cum
1043 1133 1190 1171 eadem
1211 1133 1427 1172 multitudo
1449 1133 1637 1173 subiecta
1667 1133 1719 1173 sit

147 1197 364 1236 Ecclesiae
385 1203 424 1236 et
445 1196 639 1248 potestati
669 1196 704 1235 ci
714 1196 807 1245 vili;
830 1197 863 1235 si
886 1197 992 1236 haec
1013 1197 1199 1249 imperet,
1221 1198 1310 1238 sine
1331 1199 1414 1237 ullo
1436 1205 1631 1251 respectu
1662 1199 1716 1237 ad

149 1263 267 1314 leges
303 1262 423 1310 illius,
455 1261 698 1313 contingere
720 1261 867 1313 poterit
890 1268 934 1301 ut
953 1261 1069 1301 iussa
1099 1263 1238 1302 civilia
1269 1264 1559 1303 contradicant
1589 1264 1716 1304 iussis

148 1327 460 1368 ecclesiasticis.
483 1329 530 1366 In
547 1341 597 1367 eo
616 1340 717 1367 casu
735 1327 915 1367 conditio
933 1327 1037 1367 civis
1052 1328 1094 1367 in
1111 1329 1309 1369 conflictu
1330 1330 1604 1370 constituetur
1623 1342 1718 1368 cum

151 1393 386 1433 conditione
417 1393 638 1433 credentis.
670 1394 721 1432 Et
751 1393 944 1445 quoniam
973 1394 1115 1433 Status
1144 1394 1335 1446 politicus
1366 1395 1406 1434 vi
1436 1395 1607 1447 potitur,
1637 1409 1719 1448 qua

152 1465 269 1498 caret
290 1458 494 1507 Ecclesia;
525 1457 713 1497 subditos
734 1458 787 1497 acl
809 1458 886 1497 sibi
908 1458 1183 1498 obediendum
1205 1466 1338 1511 coget,
1361 1470 1484 1511 atque
1504 1460 1562 1500 ita
1583 1467 1722 1511 tyran-

147 1524 213 1563 nis
234 1537 318 1563 non
342 1525 561 1564 toleranda
583 1524 763 1564 fidelium
786 1523 1068 1563 conscientiae
1090 1524 1332 1576 imponetur.
1367 1526 1428 1564 En
1451 1538 1530 1578 quo
1552 1526 1720 1565 tandem

147 1590 296 1629 recidit
325 1590 517 1642 speciosa
537 1590 607 1629 illa
628 1590 815 1629 formula:
844 1590 999 1629 Libera
1031 1590 1219 1629 Ecclesia
1244 1590 1286 1629 in
1312 1591 1442 1630 libero
1463 1591 1600 1630 Statu.
1633 1592 1719 1630 De-

144 1654 293 1706 nique,
332 1666 382 1692 ea
412 1652 619 1692 sententia
658 1653 856 1691 damnata
894 1658 957 1692 est
986 1666 1011 1691 a
1041 1652 1115 1691 Pio
1147 1654 1207 1691 IX
1243 1653 1284 1691 in
1322 1653 1604 1705 propositione
1645 1653 1718 1691 LV

147 1719 342 1771 Syllaln':
374 1719 565 1758 Ecclesia
594 1732 618 1757 a
643 1719 783 1766 Statu,
807 1719 1040 1770 Stalasqac
1061 1719 1110 1758 ab
1132 1719 1324 1758 Ecclesia
1345 1720 1615 1771 separandas
1645 1722 1716 1759 cst.

201 1784 312 1823 Vera
341 1783 466 1836 igitur
496 1783 685 1822 doctrina
727 1784 834 1823 haec
865 1789 953 1823 est:
984 1783 1092 1829 Quia
1130 1789 1301 1835 utraque
1342 1783 1524 1823 societas
1556 1783 1710 1822 bonum

149 1847 335 1887 hominis
363 1847 537 1887 intendit
566 1853 605 1886 et
634 1847 687 1886 ad
725 1847 907 1887 divinam
946 1847 1123 1899 gloriam
1153 1847 1192 1885 in
1225 1860 1298 1886 suo
1338 1848 1481 1886 ordine
1511 1847 1711 1897 refertur;

148 1914 298 1953 ambae
328 1920 471 1952 mutua
499 1913 709 1964 praesidia
739 1913 815 1952 sibi
847 1913 1026 1952 invicem
1069 1913 1332 1964 suppeditare
1364 1913 1542 1959 debent,
1581 1918 1624 1951 ut
1653 1912 1714 1951 sic

145 1983 234 2017 tota
262 1977 455 2024 societas,
480 1976 667 2028 utrinque
695 1976 849 2023 adiuta,
876 1977 919 2015 in
948 1977 1073 2015 finem
1090 1990 1115 2016 a
1136 1978 1223 2016 Deo
1246 1978 1532 2029 praestitutum
1557 1990 1716 2028 promo-

145 2048 301 2082 veatur.
332 2043 521 2081 Iamvero
554 2042 748 2081 Ecclesia
776 2044 937 2082 Statum
967 2042 1176 2094 politicum
1205 2043 1320 2082 iuvat
1349 2043 1611 2083 informando
1641 2043 1705 2082 ci-

145 2107 254 2146 vium
284 2120 434 2154 mores,
464 2106 742 2146 reverentiam
772 2112 811 2145 et
840 2106 1150 2146 observantiam
1180 2107 1330 2146 iurium
1358 2107 1621 2154 inculcando,
1645 2107 1702 2146 iu-

144 2170 279 2210 bendo
296 2170 569 2209 obedientiam
586 2183 688 2222 erga
700 2170 928 2222 legitimam
944 2171 1243 2219 auctoritatem,
1261 2172 1314 2211 ad
1331 2185 1494 2211 omnem
1514 2172 1706 2211 virtutem

145 2241 184 2275 et
205 2235 360 2276 ordinis
380 2235 550 2275 moralis
579 2236 880 2275 incrementum
912 2244 953 2276 et
982 2236 1215 2276 custodiam
1260 2238 1530 2276 cohortando.
1563 2237 1708 2275 Status

145 2312 243 2338 vero
272 2298 464 2350 politicus
485 2312 537 2338 ex
556 2306 672 2350 parte
694 2312 771 2338 sua
792 2300 1008 2340 Ecclesiae
1030 2300 1308 2351 opitulabitur,
1330 2301 1418 2340 eius
1448 2300 1606 2339 iuribus
1638 2305 1710 2339 tu-

142 2362 267 2401 telam
298 2361 595 2413 impertiendo;
630 2362 669 2400 vi
699 2363 966 2403 adversarios
997 2370 1037 2403 et
1065 2364 1228 2416 impios,
1259 2365 1327 2416 qui
1352 2364 1569 2404 Ecclesiae
1591 2363 1708 2402 mini-

141 2427 312 2467 sterium
342 2427 583 2478 impediunt,
612 2428 901 2480 reprimendo;
923 2430 1144 2470 sternendo
1162 2430 1272 2469 viam
1295 2438 1334 2469 et
1355 2430 1490 2469 media
1521 2429 1694 2482 suppedi

140 2493 433 2545 tando‚quibus
448 2493 640 2532 Ecclesia
650 2493 826 2534 faciliter
838 2501 877 2534 et
888 2496 1078 2547 expedite
1091 2496 1347 2536 salutiferam
1365 2509 1483 2535 suam
1502 2496 1712 2536 actionem

141 2571 340 2598 exercere
371 2559 512 2611 possit.
535 2559 604 2598 Sic
635 2572 722 2599 rem
753 2560 964 2612 sapienter
992 2561 1250 2613 intelligebat
1280 2562 1609 2614 gloriosissimus
1640 2562 1710 2600 ille

183 2679 232 2719 (1)
257 2678 430 2710 Indirizzo
454 2680 663 2719 presentato
686 2689 707 2711 a
730 2680 804 2711 Sua
826 2680 964 2712 Santita
987 2680 1043 2712 dai
1065 2680 1222 2712 vescovi
1244 2680 1402 2721 presenti
1425 2681 1480 2713 nel
1496 2680 1711 2712 Concistoro

139 2729 172 2761 in
194 2731 312 2762 Roma
333 2730 355 2761 il
379 2731 414 2762 di
436 2731 455 2762 9
479 2732 614 2771 giugno
639 2731 727 2763 1863.
753 2730 843 2762 Huic
866 2731 1097 2763 declarationi
1120 2732 1360 2764 adhaeserunt
1383 2735 1515 2773 postea
1538 2731 1647 2763 ceteri
1671 2741 1709 2763 o-

141 2792 241 2815 mnes
264 2784 433 2825 Episcopi
456 2794 521 2826 per
543 2777 666 2817 orbem
682 2784 843 2825 dispersi.
869 2784 960 2816 Vide
986 2784 1091 2817 etiam
1113 2785 1250 2826 insigne
1274 2795 1380 2827 opus,
1407 2786 1461 2818 cui
1484 2785 1631 2816 titulus:
1656 2785 1712 2816 La

142 2837 350 2869 Socranit‘a
373 2839 578 2880 temporale
602 2838 663 2872 dci
685 2839 803 2882 Papi,
825 2842 1070 2881 propugnata
1094 2839 1198 2872 nella
1224 2849 1297 2873 saa
1321 2840 1503 2882 irzteyritct
1541 2838 1608 2871 dal
1631 2839 1713 2880 saf-

141 2890 272 2932 fragio
297 2891 511 2925 univer-sale.
533 2892 717 2927 dell’Orbc
736 2893 928 2927 Cattolico.
