1970 3203
252 243 304 284 52
936 251 1155 278 ETH1cA

867 402 1113 441 ARTICULUs
1142 399 1215 438 III.

470 532 536 573 De
552 533 786 584 facultate,
818 547 843 574 α
876 546 961 587 qua
993 534 1112 572 actas
1143 530 1330 569 morales
1361 529 1617 582 efficiuntur.

309 668 372 705 41.
404 666 506 715 Quid
539 670 661 706 actus
681 666 957 707 voluntarius.
980 664 1103 704 Ratio
1132 663 1186 703 ad
1207 667 1347 702 actum
1367 662 1598 701 humanum
1621 664 1836 704 concurrit

257 731 487 785 dirigendo,
510 737 714 784 quatenus
735 732 944 772 obiectum
965 730 1135 783 eiusque
1155 729 1399 769 relationem
1421 729 1621 769 moralem
1642 730 1833 771 ostendit.

251 799 306 838 At
328 798 520 847 facultas,
542 812 596 838 ex
612 812 694 851 qua
710 804 830 838 actus
851 798 920 838 ille
939 796 1102 850 proprie
1124 795 1321 842 dimanat,
1342 796 1536 835 voluntas
1551 801 1633 845 -est;
1656 797 1765 836 unde
1788 798 1835 838 fit

252 869 296 904 ut
316 865 440 905 etiam
462 865 724 905 voluntarius
746 864 997 912 nominetur,
1019 868 1059 903 et
1081 861 1242 902 definiri
1264 862 1409 902 soleat:
1428 861 1559 902 Actio
1589 863 1639 903 ab
1663 864 1831 904 interno

246 929 465 982 principio
488 929 741 982 procedens,
771 942 869 968 cum
899 927 1141 981 coynitione
1158 926 1269 978 fin'z's
1298 927 1369 978 (1).
1400 927 1524 968 Actio
1551 928 1661 967 enim
1682 942 1787 981 quae
1807 943 1833 969 a

253 994 470 1034 voluntate
491 993 688 1045 procedit,
710 993 762 1033 ab
778 993 940 1033 interno
963 991 1164 1044 principio
1181 991 1381 1042 procedat
1401 1004 1580 1032 necesse
1600 998 1675 1042 est;
1698 993 1830 1046 siqui-

258 1058 349 1098 dem
384 1057 578 1097 voluntas
608 1057 751 1097 intime
773 1056 931 1097 homini
959 1056 1068 1095 inest
1094 1060 1134 1094 et
1154 1054 1402 1107 principium
1424 1057 1651 1106 constituit,
1677 1071 1730 1097 ex
1751 1071 1832 1110 quo

255 1128 422 1163 ceterae
452 1122 674 1163 facultates
704 1123 840 1175 quoad
871 1121 1117 1162 exercitium
1146 1120 1339 1172 pendent.
1372 1122 1476 1161 Cum
1506 1135 1606 1163 vero
1640 1124 1834 1164 voluntas

251 1200 336 1227 non
366 1193 478 1239 agat,
508 1186 589 1226 nisi
617 1187 791 1239 praevia
820 1186 1059 1239 cognitione
1089 1186 1251 1235 obiecti,
1283 1193 1323 1227 et
1352 1186 1561 1228 obiectum
1591 1188 1832 1228 considera-

251 1257 338 1290 tum
359 1255 558 1302 tanquam
578 1250 782 1290 terminus
802 1250 980 1291 actionis
1002 1256 1175 1290 vocetur
1195 1249 1311 1298 finis;
1335 1251 1514 1290 efficitur
1534 1251 1632 1291 hinc
1649 1258 1691 1291 ut
1707 1252 1832 1301 actio,

255 1330 361 1370 quae
391 1316 480 1356 sive
509 1316 749 1357 immediate
788 1317 878 1356 sive
907 1315 1086 1356 mediate
1115 1329 1140 1354 a
1170 1316 1382 1355 voluntate
1413 1315 1633 1367 procedit,
1669 1330 1836 1369 semper

256 1381 401 1434 exigat
430 1380 712 1433 cognitionem
742 1381 850 1421 finis.

307 1449 371 1488 42.
399 1448 577 1488 Partitio
608 1452 731 1488 actus
756 1448 995 1489 voluntarii.
1028 1446 1320 1486 Voluntarium
1355 1446 1550 1486 dividitur
1578 1447 1620 1487 in
1649 1461 1837 1489 necessa-

254 1512 368 1551 rium
399 1517 439 1551 et
468 1511 663 1550 liber-um.
696 1512 801 1551 Illud
831 1518 894 1551 est
923 1511 1032 1564 quod
1062 1511 1308 1551 electionem
1336 1511 1496 1551 arbitrii
1526 1513 1763 1564 praecedit,
1793 1520 1837 1554 ut

253 1578 501 1619 desiderium
530 1577 770 1626 felicitatis;
801 1577 882 1617 hoc
912 1591 1012 1618 vero
1042 1577 1152 1630 quod
1180 1577 1293 1616 illam
1324 1577 1600 1630 subsequitur,
1623 1584 1666 1618 ut
1686 1579 1720 1620 si
1742 1580 1833 1632 quis

255 1645 482 1685 deliberate
512 1645 565 1684 ad
594 1644 816 1696 legendum
847 1658 892 1685 se
921 1645 1114 1697 applicat.

308 1710 468 1750 Deinde
488 1742 497 1758 ‚
529 1709 722 1748 dividitur
749 1709 791 1748 in
809 1711 1008 1762 formale
1037 1715 1077 1750 et
1107 1709 1302 1748 vir-male.
1332 1710 1624 1750 Voluntarium
1660 1711 1836 1752 formale

256 1780 320 1815 est
349 1773 458 1827 quod
479 1785 551 1825 per
571 1786 616 1812 se
634 1773 868 1813 continetur
884 1774 927 1813 in
948 1780 1044 1813 actu
1073 1773 1313 1822 voluntatis,
1331 1779 1375 1813 ut
1395 1787 1448 1814 ex
1469 1788 1530 1826 gr.
1554 1775 1665 1827 optio
1687 1775 1839 1817 obiecti

254 1839 364 1892 quod
385 1837 603 1890 cogitatur.
621 1838 913 1877 Voluntarium
935 1850 1035 1877 vero
1057 1838 1233 1877 virtuale
1253 1844 1327 1886 est,
1348 1838 1456 1890 quod
1471 1852 1555 1878 non
1572 1839 1615 1878 in
1636 1852 1682 1879 se
1699 1840 1773 1879 sed
1795 1839 1837 1879 in

256 1906 339 1945 alio
355 1903 574 1956 appetitur,
589 1908 632 1943 ut
649 1916 714 1943 ex.
728 1917 789 1956 gr.
813 1904 1026 1956 navigatio
1042 1917 1116 1956 per
1135 1905 1351 1944 Oceanum
1367 1904 1409 1943 in
1426 1905 1594 1945 homine
1611 1906 1679 1958 qui
1696 1906 1839 1947 statuit

258 1968 470 2024 proficisci
500 1968 543 2007 in
572 1967 825 2008 Americam.

313 2035 474 2082 Tertio,
507 2033 701 2073 dividitur
729 2034 768 2073 in
801 2035 1011 2073 directum
1041 2040 1080 2074 et
1112 2035 1379 2074 indirectam.
1412 2034 1597 2075 Primum
1629 2041 1693 2077 est
1723 2038 1836 2088 quod

259 2114 285 2139 a
315 2099 527 2138 voluntate
557 2098 743 2149 procedit
773 2112 845 2150 per
876 2098 1123 2151 positionem
1154 2105 1300 2148 actus;
1331 2100 1507 2139 alterum
1538 2113 1637 2140 vero
1669 2102 1781 2153 quod
1812 2114 1838 2140 a

258 2164 472 2204 voluntate
502 2162 689 2213 procedit
717 2176 791 2214 per
820 2170 939 2203 actus
960 2163 1244 2210 omissionem,
1267 2173 1311 2203 ut
1331 2162 1365 2202 si
1387 2164 1478 2216 quis
1500 2163 1667 2205 omittat
1696 2164 1838 2204 facere

260 2229 369 2281 quod
402 2231 537 2280 potest
566 2236 604 2267 et
635 2226 815 2267 advertit
843 2241 867 2266 a
896 2241 941 2267 se
971 2240 1064 2267 esse
1094 2226 1343 2266 faciendum.

304 2335 354 2374 (1)
369 2335 422 2366 Ex
435 2335 502 2366 hac
514 2332 704 2365 voluntarii
717 2333 916 2365 definitione
928 2336 1080 2375 apparet
1092 2332 1280 2366 discrimen
1294 2332 1369 2365 eius
1383 2332 1426 2365 ab
1440 2336 1523 2366 actu
1538 2336 1839 2376 spontane0‚cuni

263 2396 334 2426 quo
360 2396 470 2427 saepe
494 2395 660 2417 sermone
685 2385 859 2417 communi
883 2385 1116 2417 confunditur.
1142 2386 1361 2427 Spontcmca
1378 2384 1468 2417 enim
1484 2385 1611 2418 dicitur
1626 2386 1730 2425 actio,
1747 2395 1838 2427 quae

263 2437 308 2469 ab
333 2437 469 2470 interno
500 2437 643 2478 quidem
667 2437 837 2478 principio
854 2437 1027 2478 procedit,
1041 2436 1187 2478 praevia
1199 2436 1402 2477 cognitione
1418 2437 1557 2477 obiecti3
1573 2441 1729 2470 attamen
1745 2448 1838 2480 opus

262 2498 331 2522 non
356 2492 412 2521 est
430 2491 467 2521 ut
485 2489 663 2522 obiectum
681 2489 856 2521 eiusmodi
869 2489 1159 2531 apprehendatur
1174 2490 1357 2529 tamquam
1374 2489 1462 2527 finis,
1476 2490 1638 2522 nimirum
1653 2491 1837 2530 tamquam

260 2543 296 2575 id
322 2544 418 2583 quod
444 2544 620 2575 actionem
643 2543 809 2576 terminat
840 2546 874 2575 ct
898 2543 998 2576 cuius
1023 2542 1140 2584 gratia
1161 2542 1222 2574 illa
1245 2543 1410 2575 exeritur.
1446 2544 1563 2580 Quare
1587 2544 1706 2576 locum
1729 2544 1839 2577 habet

257 2595 297 2627 in
321 2595 483 2636 appetitu
508 2595 612 2627 etiam
638 2595 768 2633 sensili,
793 2595 866 2628 sine
890 2595 963 2628 ullo
987 2604 1166 2627 concursu
1189 2595 1394 2633 voluntatis,
1418 2597 1453 2627 et
1476 2595 1677 2628 actionibus
1695 2605 1841 2636 quoque

266 2648 454 2679 brutorum
478 2647 691 2679 attribuitur.
716 2649 816 2680 Haec
840 2647 928 2679 enini
953 2657 997 2679 ex
1022 2646 1150 2680 obiecti
1173 2647 1375 2687 cognitione
1390 2647 1435 2679 acl
1458 2647 1682 2687 operandum
1698 2657 1841 2680 moven-

265 2702 325 2731 tur
340 2710 347 2737 ;
373 2699 535 2738 quamvis
559 2700 731 2732 rationem
755 2700 832 2731 finis
849 2709 918 2732 non
934 2699 1140 2740 concipiant.
1158 2698 1400 2735 Quamobrem
1413 2699 1511 2730 notio
1529 2698 1715 2739 spontanei
1732 2699 1838 2732 latius

268 2756 380 2794 patet,
405 2762 512 2793 quam
534 2753 634 2785 notio
658 2753 855 2791 voluntarii,
880 2754 924 2785 ad
949 2762 1099 2793 eamque
1123 2761 1162 2785 se
1178 2752 1285 2784 habet
1298 2754 1336 2784 ut
1348 2761 1468 2793 [senus
1481 2752 1527 2784 ad
1547 2751 1713 2794 speciem.
1733 2752 1838 2788 Quod

263 2806 294 2839 si
319 2806 414 2839 actio
438 2806 535 2838 nullo
560 2807 669 2839 niodo
705 2817 749 2839 ex
776 2807 903 2839 obiecti
928 2806 1128 2847 cognitione
1151 2805 1317 2847 procedit
1333 2831 1340 2844 ‚
1364 2806 1429 2838 sed
1453 2805 1553 2838 unice
1582 2816 1603 2838 a
1624 2805 1656 2837 vi
1681 2807 1836 2846 quadam

264 2858 433 2891 subiecto
457 2858 621 2898 ingenita,
644 2861 728 2891 tunc
752 2859 878 2891 dicitur
903 2858 1125 2895 naturalis;
1148 2858 1202 2890 cui
1225 2858 1388 2898 praecise
1413 2858 1615 2890 violentam
1632 2858 1831 2900 opponitur.

261 2910 366 2943 Actio
391 2910 498 2950 igitur
521 2910 739 2949 voluntaria,
764 2911 832 2943 hoc
855 2911 935 2951 ipso
960 2911 1056 2950 quod
1081 2909 1281 2942 voluntaria
1305 2912 1362 2942 est
1387 2936 1395 2949 ,
1418 2912 1475 2942 est
1506 2909 1612 2942 etiam
1636 2912 1836 2951 spontanea

261 2968 298 2998 et
320 2964 503 3003 naturalis,
527 2966 563 2997 at
586 2973 654 2998 non
678 2965 753 2998 vice
775 2974 891 2998 versa.
