1970 3203
210 207 291 248 104
901 221 1121 249 ETHlCA

209 310 248 344 et
267 304 445 356 primum
466 317 550 344 non
571 310 691 345 esset.
715 304 834 351 Quod
854 310 991 344 autem
1014 305 1242 345 maximam
1261 307 1615 347 umversalitatem
1640 306 1794 359 exqui-

207 377 285 419 rat,
307 369 429 410 facile
451 377 575 423 patet.
599 371 704 410 Cum
726 370 835 411 enim
857 384 1155 424 expressurum
1177 372 1230 412 sit
1245 372 1297 420 id,
1315 374 1424 425 quod
1441 373 1484 412 in
1504 370 1654 414 ceteris
1678 386 1800 425 prae-

207 434 338 488 ceptis
358 441 533 476 naturae
554 434 700 484 latitat,
722 435 890 489 singula
910 436 1130 487 complecti
1156 436 1288 485 debet,
1311 437 1425 477 velut
1446 438 1630 477 omnium
1652 438 1787 477 forma

206 500 454 539 communis.
476 499 587 539 Hinc
609 502 823 540 enascitur
853 513 1043 540 summae
1074 499 1352 552 simplicitatis
1382 501 1629 550 necessitas;
1661 500 1794 553 siqui—

207 565 314 611 dem,
335 569 379 602 ut
397 563 440 602 in
462 564 624 616 Logica
640 564 896 617 explicatum
916 570 992 611 est,
1010 576 1090 616 quo
1111 563 1349 615 generalior
1367 571 1430 604 est
1447 563 1586 616 aliqua
1602 564 1728 613 notio,
1747 577 1797 604 eo

208 627 357 668 maiori
388 627 653 680 simplicitate
682 629 849 682 gaudet.
881 629 1068 681 Denique
1100 628 1321 680 complecti
1352 628 1474 668 debet
1502 628 1721 677 rationem,
1750 628 1794 668 in

208 693 359 734 ceteris
380 695 614 747 praeceptis
634 695 777 735 intime
798 695 1017 742 inclusam,
1037 694 1135 747 quia
1154 707 1278 735 secus
1295 693 1491 734 idoneum
1508 707 1592 734 non
1611 701 1724 735 esset
1739 695 1793 735 ad

208 760 409 801 unitatem
429 760 511 800 illis
532 761 862 813 impertiendam.
887 762 993 800 Nam
1015 762 1083 801 lex
1105 761 1320 809 naturalis,
1343 761 1439 801 licet
1457 761 1650 813 pluribus
1671 775 1799 813 prae-

209 827 340 879 ceptis
360 835 536 876 constet;
560 834 701 868 tamen
722 828 870 868 dicitur
891 842 987 876 una,
1017 834 1241 880 propterea
1270 827 1379 881 quod
1410 828 1552 867 omnia
1580 828 1633 867 ad
1664 841 1790 867 unum

206 906 447 946 supremum
469 893 717 946 principium
737 894 1003 934 reducuntur.
1026 895 1144 941 Quae
1163 894 1328 946 quidem
1351 894 1537 934 reductio
1571 895 1680 935 effici
1705 908 1789 934 non

210 962 358 1009 potest,
380 957 459 997 nisi
481 957 727 1010 principium
750 958 860 998 istud
891 959 944 998 sit
964 958 1216 1006 huiusmodi,
1246 965 1289 998 ut
1317 959 1576 999 immutabile
1606 959 1793 1000 elemen-

212 1027 299 1061 tum
321 1022 541 1073 exprimat,
559 1023 667 1075 quod
689 1021 840 1062 ceteris
862 1023 1097 1075 praeceptis
1115 1023 1238 1072 inest,
1257 1029 1481 1076 utcumque
1502 1037 1645 1064 eorum
1665 1030 1800 1063 mate-

210 1086 273 1125 ria
294 1085 488 1126 varietur.

258 1152 348 1192 107.
371 1152 629 1193 Paoposrrio
649 1153 707 1192 25²
722 1152 925 1192 Primum
947 1153 1052 1206 legis
1074 1153 1573 1206 naturalisprincipiam
1590 1154 1651 1193 sic
1669 1166 1798 1193 enan—

207 1215 478 1268 tt'aripotest:
499 1216 673 1255 Bonum
693 1217 1031 1269 estfacc'endum,
1057 1219 1220 1257 malam
1243 1231 1339 1258 vero
1363 1218 1594 1257 vitandam.

268 1281 394 1321 Prob.
417 1281 525 1321 Huic
549 1283 674 1322 effato
697 1282 967 1323 characteres
983 1297 1128 1323 omnes
1145 1284 1409 1332 conveniunt,
1429 1297 1535 1336 quos
1552 1296 1683 1336 nuper
1699 1296 1793 1323 enu-

205 1348 476 1388 meravimus.
490 1349 541 1388 Et
556 1362 659 1389 sane
677 1355 740 1389 est
756 1349 1341 1402 simplicissimum:siquidem
1356 1353 1611 1390 voluntatem
1624 1349 1797 1401 respicit

205 1411 283 1452 sub
304 1425 353 1451 eo
374 1411 518 1452 stricte
539 1418 746 1464 respectu,
769 1426 848 1465 quo
871 1413 965 1464 ipsa
986 1413 1175 1464 primitus
1206 1413 1468 1454 connectitur
1489 1427 1584 1453 cum
1615 1413 1793 1462 obiecto;

206 1477 275 1530 qui
289 1485 507 1529 respectus
524 1478 565 1517 in
583 1491 632 1517 eo
650 1478 754 1518 situs
770 1484 845 1526 est,
864 1486 907 1518 ut
923 1487 1036 1518 amet
1054 1478 1206 1518 bonum
1224 1485 1263 1518 et
1279 1478 1412 1531 fugiat
1431 1479 1678 1518 malum.Est
1692 1492 1793 1518 vero

206 1556 376 1594 prorsus
397 1544 650 1584 absolutum:
670 1543 768 1596 quia
788 1544 866 1585 etsi
898 1558 952 1584 ex
981 1558 1030 1584 eo
1060 1544 1165 1584 ratio
1197 1544 1358 1584 desumi
1387 1545 1519 1597 possit
1550 1551 1787 1585 ceterorum

204 1616 538 1662 praeceptorum,
560 1623 667 1663 quae
686 1609 729 1648 in
749 1617 911 1650 tantum
934 1610 1093 1650 homini
1115 1610 1277 1658 dantur,
1307 1610 1349 1649 in
1370 1617 1572 1662 quantum
1592 1615 1786 1662 spectant

205 1674 360 1714 bonum
381 1675 577 1724 hominis3
600 1681 740 1715 tamen
760 1676 814 1715 ad
834 1676 1037 1716 rationem
1054 1676 1310 1715 reddendam
1327 1676 1376 1715 de
1393 1676 1483 1727 ipso
1501 1677 1656 1715 nullum
1674 1676 1788 1715 aliud

204 1737 453 1790 principium
483 1738 623 1777 afferri
653 1745 799 1790 potest.
832 1738 1038 1787 Profecto,
1071 1738 1105 1778 si
1135 1740 1346 1792 quaeritur
1376 1740 1453 1779 abs
1475 1746 1512 1779 te
1534 1753 1608 1779 cur
1629 1740 1786 1779 bonum

204 1801 539 1853 prosequendum
559 1801 624 1851 sit,
646 1815 896 1854 responsum
918 1803 1031 1842 aliud
1052 1803 1152 1843 dare
1174 1817 1256 1843 non
1278 1809 1409 1856 potes,
1440 1804 1520 1844 nisi
1542 1803 1636 1843 hoc:
1671 1803 1789 1849 Quia

206 1867 374 1905 homini
390 1868 595 1916 convenit,
618 1871 745 1921 atque
772 1869 939 1921 itafer‘t
960 1872 1122 1909 natura
1155 1870 1398 1909 rationalis.
1422 1870 1541 1916 Quod
1571 1876 1685 1910 certe
1706 1883 1791 1909 non

208 1938 271 1972 est
291 1945 448 1972 novum
469 1933 654 1983 proferre
676 1934 936 1986 principium,
960 1935 1034 1975 sed
1056 1935 1336 1975 conditionem
1358 1936 1580 1988 assignare
1603 1949 1656 1974 ex
1678 1941 1796 1988 parte

206 1998 398 2046 subiecti,
425 1998 492 2038 cui
514 2007 784 2052 praeceptum
804 2001 1043 2053 imponitur.
1065 2001 1219 2050 Tertio,
1238 2006 1301 2041 est
1322 2001 1728 2042 universalissimum
1749 2008 1789 2041 et

206 2071 348 2103 cetera
368 2070 595 2117 praecepta
616 2066 917 2118 complectitur;
948 2067 1052 2106 nihil
1073 2067 1183 2107 enim
1213 2081 1239 2106 a
1269 2068 1356 2107 Deo
1388 2068 1652 2120 praecipitur,
1673 2067 1783 2120 quod

206 2128 377 2169 notione
398 2129 495 2169 boni
517 2144 601 2170 non
619 2131 893 2172 contineatur.
916 2133 1103 2185 Denique
1134 2133 1328 2184 exprimit
1357 2133 1573 2181 rationem,
1605 2132 1783 2185 singulis

206 2193 443 2245 praeceptis
462 2193 643 2244 insitam,
665 2195 762 2247 quia
781 2196 939 2236 idcirco
961 2198 1100 2250 aliqua
1119 2197 1312 2249 prosequi
1331 2204 1371 2237 et
1389 2197 1473 2236 alia
1490 2197 1700 2237 declinare
1717 2197 1791 2237 de-

205 2258 366 2306 bemus,
388 2259 484 2311 quia
503 2260 575 2299 illa
594 2267 692 2300 sunt
712 2261 835 2309 bona,
857 2262 963 2302 haec
983 2270 1124 2303 autem
1145 2263 1269 2302 mala.
1292 2264 1343 2301 Et
1365 2276 1469 2303 sane
1489 2276 1539 2303 ex
1564 2276 1613 2303 eo
1635 2263 1794 2315 princi—

203 2320 272 2372 pio
294 2330 436 2362 cetera
455 2323 561 2376 legis
582 2330 807 2377 praecepta
837 2325 959 2365 facile
990 2326 1241 2366 derivantur.
1261 2326 1303 2366 Si
1323 2327 1430 2366 enirn
1451 2327 1604 2366 bonum
1622 2334 1686 2368 est
1702 2341 1793 2380 pro-

205 2385 477 2436 sequendum,
500 2387 681 2427 maxime
703 2390 1017 2440 prosequendus
1038 2396 1101 2429 est
1121 2390 1217 2430 finis
1239 2391 1421 2439 ultimus,
1452 2391 1520 2443 qui
1551 2396 1614 2431 est
1634 2404 1784 2443 supre-

205 2461 319 2486 mum
342 2449 495 2489 bonum
517 2451 711 2491 hominis.
742 2452 785 2491 Si
816 2466 915 2492 vero
945 2454 1261 2506 prosequendus
1282 2462 1345 2495 est
1365 2455 1461 2494 finis
1482 2455 1664 2502 ultimus,
1686 2467 1784 2506 pro-

206 2512 316 2554 fecto
339 2514 532 2555 facienda
552 2524 648 2557 sunt
669 2530 719 2557 ea
734 2532 840 2571 quae
857 2519 1121 2571 adeptionem
1138 2520 1261 2560 huius
1278 2521 1374 2560 finis
1390 2521 1615 2567 adducunt,
1636 2526 1675 2559 et
1692 2532 1788 2558 con-

206 2584 274 2616 tra
294 2576 524 2618 omittenda
545 2587 654 2628 sunt,
678 2594 783 2633 quae
804 2582 1066 2635 adeptionem
1088 2583 1199 2625 hanc
1221 2591 1452 2624 removent.

260 2641 420 2682 Deinde
442 2645 640 2693 probatur
660 2654 909 2699 argumento
933 2648 973 2688 S.
998 2649 1200 2698 Thomae‚
1231 2650 1299 2702 qui
1320 2651 1381 2690 sic
1403 2663 1490 2689 rem
1521 2648 1792 2689 demonstrat:

208 2720 226 2742 ‹<
253 2705 369 2746 Sicut
386 2719 462 2746 ens
483 2714 546 2747 est
567 2709 757 2760 primum,
781 2712 885 2763 quod
907 2712 1017 2751 cadit
1039 2713 1080 2751 in
1100 2713 1436 2764 apprehensione
1457 2711 1715 2763 simpliciter,
1734 2711 1793 2752 ita

208 2770 361 2811 bonum
375 2778 437 2812 est
448 2773 624 2825 primum
636 2777 744 2827 quod
756 2776 866 2816 cadit
876 2777 918 2816 in
931 2778 1265 2830 apprehensione
1275 2778 1485 2830 practicae
1495 2776 1793 2829 rationis‚quae

211 2837 428 2878 ordinatur
449 2839 502 2879 ad
523 2853 639 2891 opus.
662 2842 796 2882 Omne
817 2843 926 2882 enim
943 2856 1076 2895 agens
1097 2843 1185 2895 agit
1205 2849 1370 2895 propter
1399 2844 1539 2890 finem,
1569 2842 1637 2895 qui
1667 2841 1801 2886 habet

211 2903 415 2945 rationem
429 2905 539 2946 boni:
552 2906 694 2947 etideo
706 2908 880 2959 primum
895 2908 1142 2961 principium
1160 2908 1201 2947 in
1218 2909 1380 2948 ratione
1398 2909 1585 2960 practica
1601 2908 1790 2960 est,quod
