1970 3203
429 178 566 205 CAPUT
592 177 629 203 11.
660 177 713 204 DE
743 177 909 205 OFFICIIS
938 177 1106 205 HOMINIS
1135 177 1247 204 ERGA
1276 176 1393 203 DEUM
1615 164 1691 201 141

127 257 319 296 damento
339 253 504 300 nitatur,
519 252 660 291 divina
679 253 936 294 revelatione
953 254 1184 306 superstrui
1202 260 1404 306 oportere;
1421 253 1532 292 hanc
1546 252 1692 292 deinde

126 336 178 363 ex
198 334 248 362 eo
267 318 416 359 haberi
437 318 570 366 docet,
590 317 699 370 quod
719 319 898 357 mundus
919 319 1125 371 cogitetur
1144 325 1187 359 ut
1207 319 1485 359 manifestatio
1518 323 1694 357 naturae

127 383 306 431 divinae,
328 387 369 422 et
389 380 560 433 spiritus
580 380 794 433 speciatim
816 386 859 420 ut
878 382 1121 431 subiectum,
1153 383 1219 422 cui
1240 384 1354 422 Deus
1373 395 1423 427 ,se
1453 382 1603 433 iugiter
1622 393 1693 420 re-

126 447 236 486 velet
256 445 298 484 vi
318 457 565 496 magnarum
585 443 774 483 idearum
794 444 988 484 bonitatis
1017 458 1068 484 ac
1089 446 1274 487 veritatis
1295 459 1399 499 quae
1432 445 1539 484 inter
1568 443 1696 484 homi-

126 524 202 551 nes
217 516 515 562 propagantur.
533 509 602 548 Sic
622 509 920 549 revelationem
942 510 1108 549 nonnisi
1126 511 1284 551 ambitu
1305 511 1506 551 naturalis
1525 509 1693 549 luminis

132 574 458 626 comprehendit,
481 586 575 613 sese
594 586 668 625 per
688 573 1077 624 contemplationem
1097 574 1237 614 mundi
1259 576 1513 624 evolventis;
1536 588 1586 614 ac
1606 587 1696 625 pro-

135 640 227 693 pria
247 639 494 679 auctoritate
515 639 713 686 confisus,
734 652 785 678 ne
807 645 1074 691 apparentem
1096 638 1259 691 quidem
1280 640 1484 680 rationem
1507 640 1697 692 adiungit

131 717 206 743 cur
226 703 584 755 supernaturalem
606 702 906 742 revelationem
927 703 1113 755 repellat.

181 769 237 807 At
255 780 343 807 rem
364 767 475 806 hanc
504 779 589 806 non
610 766 829 806 verborum
859 766 1048 815 audacia,
1080 774 1124 806 ut
1143 767 1186 806 hi
1210 768 1358 816 solent,
1392 768 1465 807 sed
1485 768 1693 808 rationum

134 833 356 873 momentis
377 833 652 872 declaremus.

694 964 1161 1004 PROPOSITIONES.

182 1094 243 1135 39.
265 1095 519 1134 PRoposrmo
542 1095 598 1133 1³.
619 1094 804 1133 Praeter
826 1095 1034 1142 veritates,
1052 1108 1160 1148 quas
1183 1096 1380 1135 naturali
1403 1096 1562 1136 lamine
1581 1096 1698 1135 dete-

126 1160 281 1213 yimzw,
300 1159 413 1199 aliae
430 1159 599 1206 adsunt,
611 1159 669 1197 ad
682 1172 791 1211 quas
808 1173 924 1199 mens
939 1161 1128 1199 humana
1138 1173 1222 1211 per
1236 1173 1279 1199 se
1296 1174 1522 1213 assur-gere
1543 1163 1698 1214 nequit.

182 1223 305 1263 Prob.
324 1222 629 1274 Intelligentiae
650 1229 819 1262 nostrae
841 1224 979 1262 lumen
1000 1224 1159 1263 finitum
1181 1237 1274 1264 esse
1296 1230 1335 1264 et
1351 1225 1477 1264 certis
1495 1225 1692 1266 limitibus

130 1287 502 1339 circumscriptum,
523 1299 643 1326 nemo
663 1286 744 1326 nisi
765 1287 939 1326 insanus
955 1288 1136 1340 negabit.
1150 1288 1255 1333 Quid
1276 1294 1414 1328 autem
1436 1289 1512 1328 sibi
1534 1291 1623 1329 vult
1640 1289 1698 1328 in-

129 1350 400 1402 telligentiam
421 1350 600 1401 aliquam
621 1349 819 1389 limitibus
840 1351 1138 1399 circumscribi,
1160 1351 1240 1391 nisi
1261 1352 1313 1391 ab
1333 1353 1405 1391 illa
1424 1366 1507 1392 non
1524 1366 1693 1392 omnem

129 1415 346 1456 veritatem
376 1415 523 1467 attingi
543 1428 681 1466 posse,
696 1415 770 1454 sed
789 1415 906 1467 plura
926 1428 1019 1455 esse
1049 1417 1173 1455 immo
1194 1417 1318 1457 etiam
1338 1418 1567 1467 innumera,
1592 1432 1699 1471 quae

132 1481 221 1521 eius
241 1480 375 1520 aciem
391 1479 667 1532 exsuperant?
684 1480 834 1528 Secus,
852 1483 888 1520 si
908 1481 961 1519 ad
981 1494 1103 1521 omne
1126 1496 1269 1522 verum
1290 1496 1334 1522 se
1355 1483 1594 1535 porrigeret,
1619 1490 1694 1524 ter-

131 1545 256 1585 minis
275 1545 320 1584 in
337 1545 632 1596 cognoscendo
649 1551 822 1585 careret.
847 1546 888 1585 Si
908 1546 1035 1598 igitur
1055 1547 1240 1587 humana
1255 1549 1361 1588 ratio
1384 1549 1570 1589 terminis
1587 1549 1698 1588 cohi-

126 1611 258 1659 betur;
288 1609 530 1661 angustiore
550 1623 655 1661 gyro
687 1611 1066 1662 comprehendatur
1086 1619 1259 1664 oportet,
1292 1628 1416 1666 quam
1446 1616 1499 1655 sit
1528 1615 1691 1654 infinita

129 1675 358 1728 amplitudo
379 1674 479 1722 veri,
500 1674 704 1715 obiective
724 1677 912 1727 spectati.
945 1678 1082 1723 Quare
1102 1679 1270 1718 omnino
1293 1681 1498 1733 desipiunt
1518 1683 1696 1721 rationa-

128 1740 251 1779 listae
281 1744 321 1778 et
351 1738 674 1778 contradictoria
694 1739 815 1778 simul
844 1739 1031 1792 iungunt,
1054 1741 1149 1780 dum
1170 1748 1349 1783 mentem
1384 1751 1570 1784 nostram
1601 1744 1698 1783 fini-

128 1811 214 1845 tam
244 1817 338 1844 esse
359 1805 607 1851 concedunt,
638 1810 679 1843 et
707 1805 829 1844 simul
850 1806 1046 1846 veritates
1077 1808 1286 1861 denegant
1316 1823 1422 1862 quae
1443 1810 1533 1850 eius
1564 1811 1698 1850 aciem

132 1870 505 1924 praeterlabantur.
525 1870 658 1916 Quam
679 1870 1048 1912 contradictionem
1066 1886 1149 1912 non
1167 1874 1286 1914 aliter
1304 1876 1489 1927 effugere
1507 1882 1698 1927 possunt,

131 1927 212 1976 nisi
233 1936 406 1975 dicendo
428 1940 499 1975 aut
519 1938 697 1974 mentem
716 1941 903 1975 nostram
925 1950 1018 1977 esse
1039 1937 1254 1987 infinitam,
1273 1946 1344 1979 aut
1366 1954 1509 1980 veram
1531 1955 1625 1981 esse
1646 1942 1698 1980 fi-

130 2000 273 2040 nitum.
305 2000 386 2039 Sed
406 1999 584 2052 primum
604 1999 775 2038 includit
794 2000 1119 2051 pantheismum,
1152 2003 1250 2054 quia
1269 2003 1474 2043 rationem
1506 2010 1694 2044 nostram

134 2080 229 2107 cum
251 2066 391 2105 divina
411 2064 636 2113 confundit;
666 2066 894 2105 secundum
915 2066 1088 2106 includit
1107 2068 1370 2117 atheismum,
1390 2071 1487 2122 quia
1502 2071 1701 2111 limitibus

134 2131 244 2170 affici
265 2129 406 2182 nequit
425 2129 593 2177 veritas,
613 2129 710 2181 quin
729 2129 860 2181 ipsius
881 2130 973 2169 fons
996 2136 1035 2170 et
1054 2131 1314 2184 principium,
1332 2146 1480 2185 nempe
1506 2135 1631 2182 Deus,
1648 2134 1700 2174 iis

131 2195 286 2246 pariter
306 2195 522 2235 afficiatur.
544 2195 658 2234 Deus
679 2201 817 2234 autern
838 2195 1036 2236 limitibus
1059 2197 1249 2246 affectus,
1273 2212 1358 2238 non
1380 2205 1443 2238 est
1465 2201 1591 2239 Deus.

186 2261 426 2308 Praeterea,
447 2260 525 2299 etsi
546 2259 685 2308 homo,
708 2260 802 2312 quia
822 2266 959 2300 mente
980 2266 1020 2301 et
1039 2261 1200 2302 ratione
1218 2263 1373 2312 fruitur,
1388 2266 1518 2304 multa
1539 2265 1587 2304 de
1606 2266 1694 2305 Deo

133 2322 304 2375 eiusque
322 2322 591 2362 relationibus
611 2324 791 2362 naturali
809 2324 963 2364 lumine
983 2332 1225 2377 cognoscat,
1241 2332 1380 2367 tamen
1403 2328 1608 2367 eiusmodi
1629 2342 1699 2369 no-

129 2387 220 2427 titia
240 2401 323 2426 non
344 2387 465 2426 modo
496 2388 892 2429 excellentissimam
913 2389 1025 2428 illam
1047 2396 1239 2430 naturam
1270 2405 1354 2431 non
1376 2399 1592 2445 exaequat,
1624 2394 1698 2434 sed

130 2451 300 2503 insuper
320 2450 454 2503 qualis
475 2464 525 2490 ea
553 2451 595 2489 in
615 2464 661 2490 se
682 2452 746 2499 sit,
768 2465 849 2491 non
871 2453 973 2493 satis
994 2454 1245 2496 manifestat.
1278 2457 1386 2496 Nam
1408 2457 1450 2495 in
1475 2458 1607 2496 Deum
1627 2471 1699 2497 na-

130 2516 316 2557 turaliter
336 2530 420 2556 non
440 2516 718 2564 ascendimus,
750 2517 829 2556 nisi
850 2530 902 2557 ex
923 2519 1258 2560 consideratione
1289 2535 1427 2561 rerum
1450 2529 1695 2562 creatarum.

131 2583 216 2622 Res
235 2589 374 2623 autem
404 2589 572 2623 creatae
601 2595 685 2622 non
706 2583 818 2621 aliud
848 2583 968 2623 nobis
998 2584 1046 2624 de
1068 2586 1155 2624 Deo
1186 2587 1468 2636 manifestant,
1497 2589 1576 2628 nisi
1606 2589 1696 2629 eius

132 2647 434 2696 exsistentiam,
454 2653 665 2700 tamquam
696 2661 914 2699 supremae
936 2662 1102 2698 causae,
1119 2656 1160 2691 et
1180 2664 1253 2690 eas
1272 2652 1560 2704 perfectiones,
1591 2667 1696 2705 quae

134 2721 188 2749 ex
206 2716 407 2762 conceptu
436 2723 656 2763 supremae
687 2725 842 2751 causae
872 2718 1081 2752 eruuntur.
1115 2728 1134 2751 «
1160 2715 1265 2753 Cum
1296 2715 1540 2768 principium
1570 2717 1696 2756 totius

135 2774 332 2815 scientiae
349 2776 425 2827 (ait
446 2777 485 2815 S.
510 2777 723 2828 Thomas),
745 2791 869 2829 quam
891 2778 940 2817 de
957 2778 1094 2830 aliqua
1112 2792 1158 2819 re
1177 2780 1282 2819 ratio
1304 2781 1487 2833 percipit,
1509 2782 1561 2821 sit
1576 2782 1689 2821 intel-

133 2839 287 2878 lectum
307 2838 565 2880 substantiae
586 2840 729 2893 ipsius,
753 2854 800 2880 eo
822 2842 930 2893 quod
952 2842 1181 2882 secundum
1203 2844 1433 2884 doctrinam
1456 2844 1690 2896 philosophi
