1970 3203
226 204 277 245 28
907 220 1127 249 ΗΤΗΙΟΑ

225 293 415 333 tellectus
445 294 648 335 consistit.
681 295 764 334 Sed
792 295 846 334 ad
874 295 1129 336 voluntatem
1158 296 1334 349 pertinet
1372 296 1590 338 delectatio
1621 297 1804 338 beatitu-

226 359 364 399 dinem
394 373 680 414 consequenS,
707 354 944 403 secundum
982 363 1091 416 quod
1120 363 1383 414 Augustinus
1417 363 1516 404 dicit
1544 364 1616 416 (10
1646 363 1808 405 Cofess.

223 438 257 464 c.
289 427 358 477 23)
388 428 497 479 quod
526 427 741 468 beatitudo
771 431 835 469 est
860 428 1057 482 gaudium
1079 429 1129 469 de
1153 429 1343 478 veritate,
1364 430 1461 483 quia
1480 430 1640 472 scilicet
1659 429 1798 484 ipsum

221 490 419 542 gaudium
450 499 515 533 est
545 493 853 534 consummatio
883 494 1150 535 beatitudinis
1180 494 1252 546 (1).
1284 508 1304 532 n

739 688 977 729 Solvuntur
1006 689 1291 742 difficultates.

279 818 341 856 22.
367 817 495 857 obite.
529 819 559 857 I.
589 819 707 860 Finis
736 819 905 860 ultimus
934 820 1002 860 ille
1033 826 1108 869 est,
1128 820 1197 873 qui
1217 825 1383 873 propter
1409 834 1455 861 se
1475 819 1803 873 concupiscitur.

224 883 350 935 Atqui
381 884 476 924 talis
506 890 569 924 est
599 885 930 939 voluptas;quae
958 893 1071 927 certe
1102 887 1155 927 ad
1184 887 1298 927 aliud
1317 900 1400 927 non
1421 886 1649 928 ordinatur.
1671 889 1803 929 Item—

227 960 319 999 que,
352 960 447 986 cum
480 948 667 1000 operatio
697 951 931 1003 appetentis
960 951 1088 990 animi
1118 951 1170 991 sit
1199 958 1336 992 motus
1367 951 1546 1004 quidam,
1568 957 1705 991 motus
1725 965 1804 992 au-

227 1020 310 1053 tem
333 1014 387 1052 ad
409 1013 588 1066 quietem
619 1016 787 1068 aspiret,
803 1016 846 1055 in
868 1017 1071 1057 eiusmodi
1092 1017 1227 1071 quiete
1247 1018 1418 1057 ultimus
1439 1018 1534 1058 finis
1556 1018 1806 1060 constituen-

228 1079 304 1119 dus
335 1086 409 1119 est.
443 1081 490 1119 In
523 1081 735 1134 voluptate
764 1083 891 1136 igitur
919 1084 1087 1124 ultimus
1117 1085 1212 1124 finis
1242 1084 1441 1124 collocari
1471 1085 1603 1125 debet.

281 1144 516 1197 Distintqzto
549 1147 759 1187 maiorem
788 1148 909 1200 primi
938 1149 1188 1201 argumenti:
1211 1149 1326 1189 Finis
1347 1149 1516 1191 ultimus
1545 1150 1613 1190 ille
1643 1156 1718 1199 est,
1741 1149 1810 1203 qui

226 1215 394 1262 propter
425 1224 470 1251 se
496 1211 826 1264 concupiscitur,
859 1219 1072 1266 tamquam
1102 1213 1322 1262 obiectum,
1358 1214 1538 1253 concedo
1555 1228 1565 1264 3
1595 1220 1809 1266 tamquam

225 1274 493 1314 corollarium
517 1276 756 1329 adeptionis
779 1277 941 1326 obiecti,
974 1291 1092 1331 negyo.
1114 1279 1179 1317 Ad
1200 1279 1411 1318 minorem
1439 1277 1536 1318 item
1563 1277 1782 1330 distinguo
1802 1291 1811 1318 :

224 1338 431 1390 Voluptas
462 1346 525 1379 est
557 1340 657 1380 talis
687 1341 819 1394 primo
849 1354 977 1381 sensu
998 1374 1007 1390 ,
1036 1355 1172 1395 ne90‚·
1204 1343 1388 1383 secundo
1419 1356 1570 1391 sensu,
1612 1342 1806 1382 concedo.

225 1404 344 1449 Quod
375 1419 474 1445 vero
497 1406 695 1458 voluptas
712 1421 797 1447 non
817 1408 1028 1448 ordinetur
1049 1409 1102 1448 ad
1123 1407 1247 1457 aliud,
1269 1409 1311 1448 id
1331 1409 1455 1449 etiam
1477 1408 1681 1461 duplicem
1704 1423 1808 1450 sen-

224 1480 316 1506 sum
332 1469 470 1509 habet.
493 1471 599 1510 Nam
622 1484 707 1511 non
723 1471 939 1513 ordinatur
955 1471 1008 1512 ad
1023 1472 1147 1520 aliud,
1164 1479 1377 1525 tamquam
1395 1473 1575 1513 medium
1591 1474 1645 1513 ad
1663 1473 1804 1523 finem,

224 1539 266 1571 at
286 1532 500 1572 ordinatur
525 1534 578 1573 ad
608 1535 731 1584 aliud,
752 1542 965 1589 tamquam
996 1535 1204 1585 accidens,
1226 1542 1268 1576 ut
1287 1536 1347 1577 ita
1367 1537 1516 1585 dicam,
1539 1537 1593 1576 ad
1612 1536 1807 1576 substan-

227 1598 342 1646 tc'am3
374 1605 438 1638 est
467 1600 578 1639 enim
607 1601 762 1654 aliquid
790 1603 998 1644 resultans
1033 1616 1087 1642 ex
1121 1602 1391 1654 possessione
1421 1602 1583 1651 obiecti,
1613 1602 1666 1642 ad
1695 1602 1808 1655 quod

226 1664 449 1704 tendimus.

278 1730 405 1777 Quies
437 1732 479 1771 in
509 1732 620 1772 bono
639 1766 648 1781 ,
679 1739 722 1773 ut
752 1747 882 1786 supra
911 1734 1022 1784 dixi,
1053 1741 1118 1776 est
1147 1734 1313 1788 quidem
1343 1735 1517 1775 effectus
1558 1734 1803 1775 necessario

228 1810 495 1850 consequens
525 1798 793 1850 adeptionem
824 1800 932 1850 boni,
963 1801 1037 1841 sed
1068 1801 1275 1842 obiectum
1304 1814 1376 1853 per
1405 1814 1555 1841 senon
1576 1809 1651 1852 est;
1674 1801 1802 1841 multo

224 1862 361 1902 minus
391 1869 454 1902 est
485 1863 693 1903 obiectum
723 1865 967 1913 maximum,
999 1879 1095 1905 cum
1124 1878 1208 1905 non
1239 1865 1388 1905 sitnisi
1405 1865 1572 1905 affectio
1593 1865 1804 1918 quaedam

222 1925 399 1966 subiecti
429 1927 555 1975 finiti,
587 1941 638 1968 ac
669 1929 842 1982 proinde
872 1942 940 1970 res
969 1929 1166 1969 limitibus
1202 1928 1531 1981 circumscripta.
1564 1929 1713 1981 Neque
1745 1935 1808 1970 est

222 1992 276 2040 id,
306 1993 415 2045 quod
445 1993 564 2035 iuxta
594 1994 779 2034 ordinem
809 1995 984 2036 rationis
1014 2009 1087 2048 per
1116 1995 1401 2048 operationem
1431 1994 1654 2047 quaeritur.
1695 1995 1809 2047 Ope—

222 2058 327 2098 ratio
358 2059 468 2099 enim
499 2073 524 2099 a
553 2065 704 2100 natura
732 2074 817 2101 non
845 2063 898 2101 ad
928 2062 1260 2109 delectationem,
1291 2060 1365 2101 sed
1385 2061 1438 2100 ad
1459 2060 1668 2100 obiectum
1691 2073 1801 2101 con-

224 2125 481 2177 sequendum
512 2126 755 2177 ordinatur;
787 2141 839 2168 ex
869 2141 950 2181 qua
980 2127 1332 2180 consequutione‚
1363 2133 1576 2179 tamquam
1612 2127 1804 2174 effectus,

225 2191 352 2231 oritur
382 2192 614 2232 delectatio.
646 2193 786 2239 Quare
815 2194 1020 2246 voluptas,
1052 2193 1129 2234 etsi
1158 2206 1243 2232 non
1271 2192 1478 2233 reseratur
1503 2192 1558 2232 ad
1577 2193 1801 2232 honestum

225 2264 437 2311 tamquam
467 2258 646 2297 medium
677 2260 728 2298 ad
757 2260 884 2299 finem
917 2260 975 2312 (id
1004 2260 1115 2300 enim
1146 2259 1244 2299 boni
1278 2258 1391 2298 utilis
1419 2263 1581 2298 tantum
1611 2259 1704 2309 est),
1734 2271 1805 2298 re-

224 2323 351 2363 fertur
379 2330 521 2364 tamen
552 2330 595 2363 ut
624 2326 802 2366 effectus
830 2326 884 2365 ad
914 2339 1100 2374 causam,
1131 2325 1250 2365 cuius
1280 2324 1539 2377 praestantia
1569 2329 1609 2364 et
1635 2323 1803 2364 bonitas

227 2390 390 2443 proprie
422 2390 639 2442 appetitur.

277 2455 412 2506 Atque
434 2454 533 2494 hinc
554 2455 752 2494 resolutio
774 2455 902 2495 oritur
930 2455 1142 2496 secundae
1164 2454 1431 2495 difficultatis.
1468 2455 1572 2494 Nam
1603 2466 1677 2505 pro
1711 2459 1808 2494 ente

225 2520 385 2560 ratione
402 2520 588 2572 praedito
603 2520 700 2561 finis
720 2521 759 2560 id
777 2521 939 2574 proprie
956 2521 1177 2561 dicendum
1190 2521 1328 2570 est,ad
1340 2521 1449 2573 quod
1466 2519 1595 2560 tendit
1614 2519 1806 2570 operatio

225 2590 437 2635 tamquam
456 2584 507 2622 ad
525 2583 733 2624 obiectum
759 2591 936 2626 naturae
957 2592 1297 2634 consentaneum;
1321 2597 1404 2624 non
1435 2597 1533 2624 vero
1553 2583 1608 2630 id,
1629 2581 1682 2621 ad
1699 2583 1808 2634 quod

224 2647 408 2698 operatio
425 2647 554 2687 tendit
571 2656 780 2699 tamquam
798 2650 851 2689 ad
868 2649 1113 2690 desitionem
1129 2655 1266 2689 motus
1287 2654 1358 2688 aut
1377 2648 1502 2689 etiam
1524 2652 1659 2688 status
1691 2645 1798 2686 irre-

223 2712 362 2764 quieti,
380 2712 447 2764 qui
468 2719 633 2764 propter
649 2714 799 2754 obiecti
819 2715 1053 2755 absentiam
1076 2715 1205 2754 oritur
1233 2720 1273 2754 et
1292 2713 1522 2766 indigentia
1543 2712 1799 2753 nominatur.

224 2778 327 2817 Cum
346 2778 453 2818 enim
471 2778 576 2818 haec
595 2779 685 2819 ideo
704 2780 909 2829 sollicitet,
930 2781 1027 2834 quia
1047 2781 1254 2821 obiectum
1277 2779 1533 2820 conveniens
1553 2779 1684 2828 abest;
1713 2792 1805 2832 pro-

271 2918 504 2959 (listemma
529 2918 575 2951 clz.
604 2920 644 2950 1.·
667 2920 721 2951 ἓν
737 2929 766 2960 q.
794 2921 848 2958 ΙΙΙ,
872 2930 900 2952 a.
927 2922 955 2952 4.
