1970 3203
183 222 261 265 263
555 240 622 267 ms
652 241 854 268 NATURAE
876 250 896 256 ··
917 242 1025 268 PARS
1054 243 1092 269 11.
1121 244 1187 271 IUS
1218 244 1390 273 SOCIALE

184 322 385 357 constans
418 319 676 369 experientia
706 320 976 362 demonstrat.
1008 322 1120 374 Ergo
1140 323 1252 363 mala
1272 330 1335 364 est
1363 338 1436 377 per
1456 338 1514 366 se.
1546 326 1666 373 Quod
1680 340 1760 367 au-

185 387 263 419 tem
295 387 359 421 est
382 381 539 421 malum
569 396 642 434 per
663 397 720 432 se,
751 384 804 424 ad
826 385 1105 426 obedientiam
1136 400 1219 427 non
1242 388 1410 442 obligat.

235 444 284 484 R.
316 444 428 484 Dc'st.
447 447 552 485 mai:
585 448 751 497 Forma,
781 463 888 502 quae
915 465 993 504 per·
1013 465 1056 491 se
1075 452 1286 506 progignit
1306 457 1620 507 oppressionem
1644 464 1684 498 et
1711 457 1768 498 li-

182 508 378 557 centiam,
411 518 473 549 est
494 524 626 562 prava
656 526 727 564 per
747 527 803 564 se,
836 528 967 562 conc.,·
998 529 1105 568 quae
1124 518 1336 570 progignit
1355 519 1425 558 illa
1446 522 1556 561 mala
1588 535 1670 562 non
1692 535 1766 574 per

182 586 227 613 se
258 573 332 613 sed
361 587 435 625 per
456 575 651 617 accidens
681 591 802 632 nego.
834 580 899 619 Ad
921 581 1130 620 minorem
1160 583 1315 634 pariter
1334 583 1433 623 dist:
1466 586 1619 625 Forma
1649 586 1765 638 regi-

183 639 306 680 minis
342 645 690 694 repraesentativi
718 646 931 701 progignit
961 649 1072 687 mala
1100 648 1171 688 illa
1199 661 1272 702 per
1291 663 1351 698 se,
1383 663 1515 703 nequ,-
1545 665 1617 704 per
1647 652 1765 692 acci-

182 704 299 753 dens,
330 707 523 747 concedo.

240 770 529 822 improborum
550 774 718 816 licentia
740 783 779 817 et
797 777 1000 817 bonorum
1022 779 1251 831 oppressio,
1263 793 1388 832 quam
1409 780 1555 820 merito
1578 780 1766 832 deplorat

185 834 377 885 obiectio,
397 850 480 877 non
503 840 632 879 oritur
653 853 703 880 ex
720 840 813 893 ipsa
833 849 984 882 natura
1004 843 1246 895 systematis
1263 843 1620 896 re‘praesentativi;
1639 844 1763 897 quod,

186 906 229 938 ut
251 901 431 943 diximus
462 904 504 943 in
527 905 646 953 thesi,
677 920 748 958 per
768 920 814 947 se
834 906 1078 948 indifferens
1098 917 1162 949 est
1192 917 1232 949 et
1251 910 1389 951 flexile
1420 916 1505 949 tum
1536 909 1590 949 ad
1609 910 1763 950 bonum

186 973 273 1006 tum
297 968 350 1007 ad
371 970 539 1009 malum.
574 972 655 1011 Sed
679 973 809 1012 oritur
830 974 893 1014 vel
915 988 968 1014 ex
990 975 1170 1015 falsitate
1191 976 1500 1029 principiorum,
1531 976 1680 1029 quibus
1701 989 1765 1016 su-

182 1032 438 1083 perstruitur,
463 1035 527 1074 vel
549 1048 602 1075 ex
623 1038 827 1089 pravitate
848 1039 1078 1089 hominum,
1100 1040 1166 1093 qui
1188 1047 1395 1093 potestate
1412 1041 1633 1093 potiuntur.
1653 1040 1764 1080 Hinc

179 1097 396 1138 innuimus
428 1103 657 1154 praecipua
677 1104 798 1152 vitia,
834 1118 860 1144 a
887 1106 1036 1158 quibus
1066 1114 1254 1160 systema
1282 1108 1544 1148 liberandum
1564 1112 1690 1155 esset,
1725 1114 1766 1147 et

181 1175 288 1214 quae
310 1163 399 1204 eius
419 1165 673 1207 adscititiam
703 1182 785 1209 non
808 1173 1043 1212 naturalem
1073 1172 1274 1212 malitiam
1293 1173 1562 1212 constituunt.
1587 1172 1707 1220 Quod
1728 1172 1766 1211 si

179 1229 265 1276 fiat,
295 1243 346 1270 ac
367 1238 585 1283 praeterea
615 1234 650 1273 si
673 1234 781 1287 frugi
812 1238 1107 1290 sapientesque
1127 1239 1216 1287 viri,
1238 1239 1305 1292 qui
1327 1253 1409 1279 non
1432 1241 1640 1292 privatum
1657 1252 1763 1279 suae

179 1293 373 1334 factionis
404 1296 478 1335 sed
512 1311 732 1339 commune
762 1300 1014 1353 reipublicae
1044 1303 1196 1342 bonum
1227 1310 1393 1356 optent,
1424 1304 1477 1342 ad
1506 1303 1756 1355 gubernium

180 1359 424 1410 evehantur,
455 1361 590 1403 forma
610 1367 982 1417 repraesentativa,
1015 1373 1237 1420 utcumque
1258 1367 1515 1420 imperfecta,
1546 1374 1685 1420 potest
1707 1367 1760 1407 ad

180 1423 421 1466 felicitatem
440 1429 655 1470 societatis
677 1430 818 1471 utilem
841 1445 1000 1472 navare
1030 1446 1212 1485 operam.
1250 1434 1374 1473 Salus
1395 1433 1505 1473 enim
1528 1432 1695 1485 publica
1723 1438 1765 1473 et

178 1489 288 1530 iusta
308 1492 626 1540 administratio,
650 1510 731 1536 non
763 1505 849 1538 tam
871 1512 924 1539 ex
946 1500 1153 1540 materiali
1175 1506 1399 1549 structura,
1430 1514 1555 1553 quam
1576 1513 1629 1540 ex
1649 1499 1765 1553 prin-

179 1556 310 1608 cipiis,
332 1559 478 1611 quibus
500 1561 687 1614 regimen
709 1563 969 1614 informatur,
1000 1579 1150 1619 reapse
1172 1567 1333 1618 pendet;
1367 1575 1451 1606 tum
1474 1566 1600 1606 etiam
1631 1578 1765 1606 verae

178 1623 396 1663 cautiones
426 1639 498 1676 pro
520 1626 711 1668 libertate
741 1636 780 1669 et
802 1630 930 1670 tutela
949 1631 1099 1670 iurium
1129 1644 1213 1670 non
1232 1631 1274 1669 in
1297 1631 1541 1683 aequilibrio
1572 1629 1760 1682 politico,

177 1687 252 1726 sed
282 1687 323 1726 in
344 1689 668 1739 gubernantium
698 1693 921 1735 honestate
953 1702 1050 1735 sunt
1079 1696 1252 1747 positae.

234 1750 363 1791 Obiic.
395 1762 543 1794 contra
573 1758 803 1797 secundam
824 1759 1161 1810 propositionem:
1194 1760 1311 1805 Quae
1333 1759 1556 1812 reprobata
1586 1764 1685 1798 sunt
1715 1758 1762 1797 in

177 1817 284 1858 thesi
307 1825 518 1872 tamquam
541 1822 651 1870 vitia,
683 1823 890 1864 habentur
910 1825 1068 1876 passim
1090 1830 1302 1878 tamquam
1321 1825 1445 1874 bona,
1467 1825 1521 1864 ad
1542 1838 1649 1878 quae
1672 1837 1762 1877 pro-

179 1898 352 1935 gressus
383 1888 629 1939 populorum
661 1891 828 1930 tandem
860 1892 1039 1931 devenit.

231 1952 279 1990 R.
311 1952 670 1998 Quemadmodum
698 1969 877 2008 corpora
898 1957 1117 1997 subiacent
1133 1958 1380 2010 quandoque
1403 1957 1643 2010 epidemicis
1665 1955 1760 2008 qui-

178 2016 353 2055 busdam
375 2019 544 2067 morbis,
568 2020 628 2059 sie
650 2021 774 2060 etiam
798 2024 1068 2063 mentes.Eas
1089 2023 1199 2062 enim
1220 2022 1378 2062 invadit
1393 2022 1617 2074 aliquando
1637 2021 1760 2074 pesti-

177 2080 238 2120 fer
254 2081 421 2131 quidam
439 2083 558 2135 quasi
577 2084 771 2138 furor,qui
788 2086 869 2126 late
889 2087 1228 2136 debacchatur,et
1246 2087 1573 2139 adturpissimos
1591 2099 1757 2126 errores

178 2147 445 2199 liguriendos,
468 2151 585 2202 quasi
607 2152 808 2192 salutaria
830 2153 1040 2206 dogmata,
1073 2153 1158 2194 fere
1179 2153 1321 2205 adigit.
1343 2155 1478 2205 Atque
1500 2153 1581 2191 hoc
1602 2152 1754 2191 iterum

177 2213 359 2252 ostendit
380 2227 502 2266 quam
525 2217 692 2255 stultum
714 2217 766 2257 sit
787 2231 838 2257 ex
860 2217 1054 2270 opinione
1077 2218 1294 2258 veritatem
1314 2224 1384 2257 aut
1400 2217 1601 2257 iustitiam
1623 2216 1758 2257 dime—

178 2277 363 2318 tiri.Cum
380 2280 419 2319 id
436 2282 585 2330 evenit,
603 2296 779 2323 necesse
795 2290 870 2331 est,
889 2290 942 2332 ut,
960 2285 1027 2336 qui
1044 2284 1253 2324 humanae
1279 2284 1493 2324 societatis
1511 2297 1655 2323 amore
1675 2282 1761 2324 fer—

178 2351 288 2392 vent,
320 2359 468 2386 vocem
488 2347 696 2399 impavide
717 2350 910 2389 attollant
939 2359 979 2390 et
996 2349 1178 2389 iustitiae
1198 2362 1249 2388 ac
1273 2349 1460 2389 veritatis
1484 2349 1587 2397 iura,
1610 2346 1762 2388 contra

178 2410 429 2452 nebulonum
453 2414 727 2466 sophismata,
743 2422 947 2456 tueantur.
970 2416 1038 2455 Sic
1056 2417 1138 2464 fiet,
1158 2423 1200 2455 ut
1217 2416 1459 2467 passionum
1476 2416 1652 2455 tumultu
1675 2421 1759 2454 tan-

178 2477 268 2517 dem
288 2479 610 2530 defervescente,
632 2481 802 2533 ingenia
819 2482 1079 2534 resipiscant3
1098 2488 1138 2521 et
1158 2482 1313 2534 populi,
1332 2482 1399 2534 qui
1417 2481 1624 2534 pecudum
1640 2493 1760 2520 more

177 2557 223 2583 se
240 2544 372 2596 decipi
388 2547 500 2597 passi
519 2556 627 2595 sunt,
645 2548 697 2586 ad
709 2547 883 2588 meliora
899 2561 1058 2600 pascua
1068 2561 1114 2587 se
1132 2554 1390 2587 convertant.
1406 2549 1603 2587 Fatemur
1619 2546 1759 2598 itaque

177 2615 387 2649 sectarum
409 2625 536 2662 opera
553 2613 781 2665 contigisse
803 2613 902 2652 utin
926 2627 969 2653 re
986 2613 1132 2652 sociali
1155 2613 1259 2652 falsa
1281 2619 1321 2652 et
1344 2613 1495 2652 nociva
1514 2610 1753 2659 dictamina,

178 2682 389 2728 tamquam
413 2678 614 2730 principia
634 2679 890 2719 inconcussa
911 2686 951 2719 et
971 2678 1200 2726 salutifera,
1223 2679 1304 2717 late
1323 2682 1667 2730 propagarentur.
1698 2677 1753 2716 At

175 2742 272 2781 inde
289 2755 370 2782 non
388 2742 500 2782 aliud
517 2745 711 2796 sequitur,
734 2745 814 2785 nisi
832 2758 917 2793 eos,
940 2745 1006 2798 qui
1024 2751 1137 2784 recte
1161 2741 1355 2792 sentiunt,
1378 2743 1518 2783 officio
1536 2742 1756 2794 adstringi,

178 2813 220 2846 ut
237 2808 377 2857 libere,
400 2815 601 2861 quantum
620 2817 806 2862 possunt,
829 2811 1063 2863 oppositam
1081 2809 1297 2850 veritatem
1321 2809 1585 2860 promulgent
1601 2813 1641 2847 et
1659 2821 1758 2860 pra-

181 2887 325 2913 vorum
344 2874 550 2914 obsistant
568 2876 843 2926 pervicaciae.
864 2877 951 2914 Iam
971 2886 1071 2913 vero
1089 2872 1179 2925 quis
1202 2886 1282 2911 non
1301 2872 1422 2921 videt,
1445 2872 1621 2911 formam
1642 2871 1757 2911 illam

182 2939 409 2993 regiminis,
442 2938 518 2978 nisi
542 2947 741 2990 purgetur
762 2952 786 2977 a
806 2938 927 2985 vitiis,
959 2950 1064 2988 quae
1095 2935 1344 2983 notavimus,
1375 2935 1549 2975 rationis
1570 2948 1750 2975 examen
