1970 3203
240 220 317 259 304
598 230 664 257 ms
694 229 896 256 NATURAE
920 239 939 245 -
962 229 1069 256 PARS
1099 230 1135 255 11.
1164 229 1231 256 lus
1260 228 1430 257 soeiALE

292 308 356 345 Ex
389 318 485 358 quo,
507 312 550 345 ut
572 305 746 358 quisque
767 305 889 352 videt,
907 303 1146 344 auctoritati
1162 304 1395 344 innascitur
1414 305 1594 345 facultas
1612 316 1816 346 censurae

234 370 379 422 quoad
403 371 560 422 scripta
589 370 758 422 publice
780 369 953 416 edenda,
985 375 1024 408 et
1044 368 1207 420 quidem
1236 369 1547 420 praeventc'vae.
1580 369 1818 409 Consenta-

234 451 358 477 neum
390 437 499 477 enim
533 437 670 489 magis
703 443 766 476 est
796 436 905 476 bono
927 435 1144 475 societatis
1166 441 1209 474 ut
1228 434 1351 481 mala,
1380 436 1517 487 quoad
1546 434 1638 475 fieri
1668 439 1817 486 potest,

234 508 459 555 antequam
491 501 707 549 eveniant,
731 506 973 548 caveantur,
998 512 1126 549 quam
1141 506 1197 548 ut,
1227 505 1448 552 postquam
1470 499 1695 548 evenerint,
1719 499 1817 538 mul-

233 572 381 606 tentur.
414 568 557 618 Inepte
585 572 725 606 autem
754 565 1005 605 obiiceretur
1027 578 1034 604 :
1063 563 1229 604 civilem
1256 569 1502 615 potestatem
1526 564 1591 602 ius
1611 564 1651 602 in
1673 562 1821 602 intelli-

233 630 421 683 gentiam
455 643 542 670 non
573 630 742 670 habere.
773 631 880 670 Nam
912 629 981 668 hic
1014 641 1098 668 non
1129 628 1269 681 agitur
1298 628 1349 668 de
1379 628 1634 667 coarctanda
1662 625 1817 666 intelli-

232 696 387 749 gentia,
418 697 492 736 sed
515 698 564 736 de
599 702 774 736 externa
791 697 957 736 actione
995 696 1255 744 cohibenda3
1277 708 1330 735 ne
1350 694 1453 747 quiS,
1472 695 1580 747 quod
1609 695 1815 734 delirante

236 761 379 801 animo
410 761 515 802 sorte
533 761 736 813 concepit,
759 761 921 813 publice
945 766 1119 813 promat,
1142 772 1297 811 magno
1317 759 1532 800 societatis
1554 758 1813 798 detrimento.

236 827 371 866 Nemo
402 833 541 866 autem
571 825 834 872 inficiabitur,
857 830 1058 864 externas
1079 823 1280 871 actiones,
1310 836 1416 876 quae
1444 823 1553 862 bono
1586 821 1730 861 sociali
1746 822 1813 860 in—

235 890 379 930 sensae
409 890 517 939 sint,
550 889 718 942 publica
746 888 994 928 auctoritate
1038 887 1225 928 coerceri
1253 901 1392 940 posse.
1423 888 1516 927 Hoc
1545 895 1686 927 tamen
1727 897 1811 925 non

239 955 436 1006 prohibet
464 954 685 1007 quominus
715 952 950 994 contrarius
972 960 1089 992 tenor
1105 952 1310 992 habeatur
1329 952 1438 1004 apud
1457 951 1551 991 illas
1572 950 1809 996 societateS,

240 1034 361 1074 quae,
394 1021 445 1059 ob
476 1019 705 1060 carentiam
735 1018 858 1058 unius
874 1024 913 1058 et
933 1031 1058 1057 verae
1077 1018 1303 1070 religionis,
1324 1018 1481 1057 nullam
1506 1025 1664 1057 certam
1685 1023 1809 1068 atque

238 1086 558 1127 determinatam
602 1085 833 1126 doctrinam
867 1086 1102 1138 generatim
1131 1094 1172 1125 et
1200 1084 1363 1137 publice
1401 1084 1659 1137 profitentur.
1702 1083 1806 1122 Cum

232 1153 340 1193 enim
371 1153 427 1192 ibi
449 1153 565 1193 cives
586 1153 792 1193 communi
808 1152 977 1192 vinculo
994 1152 1037 1190 in
1054 1151 1272 1191 sentiendo
1290 1156 1462 1191 careant
1477 1163 1487 1198 3
1505 1163 1655 1190 norma
1678 1149 1807 1196 deest,

238 1219 358 1259 iuxta
387 1233 510 1272 quam
543 1219 679 1259 civilis
708 1225 894 1271 potestas
923 1219 1005 1258 hac
1034 1218 1077 1257 in
1106 1231 1151 1257 re
1181 1223 1319 1257 utatur
1348 1217 1580 1264 coactione,
1610 1216 1704 1269 quin
1725 1215 1806 1254 vio-

238 1283 410 1323 lentiam
442 1283 727 1324 conscientiae
757 1283 1015 1323 subditorum
1046 1282 1210 1321 inserat.
1241 1281 1521 1321 Nihilominus
1549 1281 1592 1320 in
1613 1294 1661 1321 eo
1683 1280 1808 1320 etiam

237 1363 340 1390 casu
369 1350 549 1402 permitti
579 1364 663 1390 non
693 1350 845 1390 debent
875 1362 980 1401 quae
1011 1362 1176 1388 morum
1221 1348 1462 1396 honestati,
1492 1354 1564 1387 aut
1592 1347 1805 1400 principiis

232 1416 464 1468 religionis,
495 1417 642 1456 saltem
668 1415 887 1463 naturalis,
918 1416 1209 1455 adversantur.

702 1550 950 1602 CAPUT
990 1550 1329 1603 TERTIUM

502 1701 553 1726 DE
584 1700 814 1727 SOCIETATE
846 1699 1083 1733 RELIGIOSA,
1116 1700 1300 1727 NlMlRUM
1329 1701 1538 1728 ECCLESIA.

281 1820 370 1858 115.
400 1819 520 1860 Ratio
550 1819 835 1859 tractationis.
866 1819 971 1856 Cum
991 1818 1038 1857 de
1057 1818 1329 1858 societatibus
1351 1819 1620 1870 disseramus,
1638 1836 1744 1875 quae
1768 1824 1809 1863 in

230 1883 399 1935 proprio
425 1883 568 1922 ordine
593 1888 721 1923 totum
747 1882 958 1922 hominem
980 1882 1212 1934 attingant;
1251 1894 1321 1922 res
1348 1882 1441 1934 ipsa
1469 1885 1652 1935 postulat
1681 1892 1724 1926 ut
1755 1888 1806 1927 de

232 1950 436 1990 societate
468 1949 591 1989 etiam
622 1948 824 2001 religiosa
843 1955 1084 1988 tractemus.
1106 1949 1164 1988 Ut
1192 1948 1302 1987 enim
1338 1948 1421 1988 iam
1455 1949 1570 1990 initio
1606 1951 1806 2001 diximus,

230 2016 337 2054 haec
369 2017 493 2054 tertia
522 2020 585 2053 est
615 2014 875 2053 societatum
892 2026 1035 2052 earum
1058 2012 1233 2064 speeies,
1255 2026 1361 2066 quae
1377 2013 1437 2054 sic
1457 2015 1672 2056 hominem
1696 2031 1805 2058 com-

231 2082 438 2135 plectitur,
457 2088 500 2121 ut
515 2081 755 2121 universam
777 2080 866 2120 eius
882 2079 1156 2127 activitatem,
1170 2080 1214 2118 in
1231 2093 1306 2120 suo
1323 2080 1480 2129 ordine,
1502 2081 1582 2121 sibi
1597 2083 1803 2125 subiiciat.

227 2149 345 2189 Finis
378 2148 500 2196 enim,
523 2161 644 2200 quem
665 2147 869 2199 proponit,
892 2153 1079 2187 centrum
1101 2146 1308 2198 quoddam
1339 2153 1413 2195 est,
1442 2148 1495 2187 ad
1528 2150 1637 2201 quod
1667 2152 1806 2192 omnis

229 2214 317 2254 vita
346 2213 529 2253 hominis
557 2211 757 2265 peculiari
788 2212 968 2264 quadam
1000 2210 1162 2251 ratione
1177 2210 1367 2251 refertur.
1390 2212 1617 2253 Praeterea
1636 2214 1729 2267 ipsa
1750 2217 1803 2256 ci—

227 2281 321 2320 vilis
351 2280 532 2320 societas
562 2280 683 2331 plene
704 2278 905 2331 cognosci
934 2291 1016 2317 non
1040 2283 1186 2329 potest,
1207 2277 1288 2317 nisi
1308 2277 1462 2329 aliquid
1492 2279 1615 2318 etiam
1647 2281 1697 2321 de
1728 2295 1802 2322 so-

226 2347 376 2386 cietate
405 2344 605 2397 religiosa
632 2343 805 2385 dicatur.
836 2342 1079 2382 Relationes
1109 2341 1232 2388 enim,
1254 2355 1360 2394 quae
1390 2341 1496 2382 inter
1527 2357 1653 2383 unam
1686 2350 1725 2385 et
1744 2346 1798 2384 al-

225 2418 357 2450 teram
389 2409 666 2456 intercedunt,
694 2407 868 2460 intelligi
899 2412 1109 2458 nequeunt
1129 2439 1137 2454 ,
1169 2406 1248 2445 nisi
1279 2413 1376 2446 ante
1407 2407 1622 2448 sufficiens
1652 2409 1799 2450 notitia

221 2476 429 2516 habeatur
459 2475 685 2528 utriusque.
716 2473 904 2526 Denique
934 2482 1180 2524 temporum,
1209 2471 1251 2510 in
1281 2486 1388 2525 quae
1417 2473 1640 2513 incidimus
1662 2506 1670 2522 ,
1702 2488 1799 2526 per-

218 2542 400 2582 turbatio
418 2542 471 2581 ad
486 2541 665 2581 iusmodi
676 2539 996 2591 vestigationem
1018 2538 1317 2578 instituendam
1332 2539 1600 2579 vehementer
1612 2539 1796 2591 impellit.

224 2609 304 2647 Tot
336 2608 445 2646 enim
477 2618 641 2646 errores
657 2605 768 2643 hanc
785 2603 886 2643 iuris
901 2613 1062 2654 partem
1079 2603 1402 2651 commaculant,
1419 2609 1542 2653 atque
1564 2615 1648 2641 non
1670 2604 1793 2644 modo

217 2672 262 2711 in
294 2670 411 2710 libris
441 2677 480 2709 et
510 2667 844 2721 ephemeridibus
874 2667 1126 2714 effutiuntur,
1144 2667 1218 2706 sed
1245 2667 1287 2707 in
1317 2667 1622 2707 conventiculis
1653 2668 1793 2716 etiam,

217 2737 259 2776 in
290 2735 582 2783 concionibus,
613 2734 655 2774 in
686 2735 796 2782 soro,
827 2741 867 2774 et
898 2746 1031 2785 paene
1061 2732 1236 2773 dixerim
1266 2733 1309 2772 in
1338 2732 1495 2782 triviis;
1526 2740 1568 2772 ut
1594 2747 1798 2774 necessa-

216 2802 324 2840 rium
361 2799 531 2840 omnino
562 2799 613 2838 sit
634 2799 675 2838 in
697 2797 927 2844 elementis,
945 2809 1052 2849 quae
1068 2797 1121 2836 ad
1138 2796 1372 2836 docendum
1389 2797 1616 2845 traduntur,
1639 2804 1798 2837 tantam

216 2866 515 2919 impudentiam
545 2865 781 2912 retundere,
799 2869 838 2903 et
860 2861 1065 2915 principia
1086 2861 1234 2902 saltem
1255 2861 1435 2903 breviter
1455 2862 1797 2905 adolescentibus

217 2933 419 2982 indicare,
452 2931 601 2984 quibus
631 2931 780 2970 falsum
811 2943 837 2968 a
866 2941 964 2968 vero
995 2927 1234 2968 discernere
1251 2927 1411 2980 possint
1438 2934 1478 2968 et
1498 2929 1550 2969 ab
1570 2929 1791 2983 impiorum
