1970 3203
192 169 271 209 110
873 188 1091 215 ETHICA

176 270 292 308 9are
309 262 374 301 vel
399 271 602 302 revocare
623 262 703 302 dici
725 263 842 302 solet.
869 264 1138 316 Consequens
1160 278 1259 305 vero
1280 266 1543 307 conscientia
1561 272 1635 315 est,
1658 281 1767 320 quae

184 327 362 367 refertur
383 326 436 365 ad
455 334 595 366 actum
618 326 699 365 iam
722 326 915 379 positum.
936 329 1000 368 Ac
1017 327 1052 367 si
1072 336 1193 369 actus
1213 329 1292 370 iste
1311 329 1432 370 suerit
1453 344 1622 383 pravus,
1644 345 1767 373 accu-

187 393 295 435 satio
316 392 388 433 illa
409 393 696 434 conscientiae
713 393 864 434 dicitur
886 407 1117 444 remorsus,
1140 409 1219 448 quo
1237 396 1534 438 excruciantur
1554 399 1679 451 impii;
1698 399 1764 439 sin

181 460 306 501 fuerit
325 460 475 507 bonus,
497 459 755 511 approbatio,
777 474 882 513 quae
902 461 997 501 inde
1018 460 1157 510 oritur,
1180 469 1355 503 vocatur
1377 465 1666 505 testimoniam
1687 466 1761 505 bo-

184 541 267 567 nae
287 525 584 575 conscientiae,
607 526 714 578 quod
736 527 920 566 animum
943 527 1186 568 dulcissima
1206 529 1420 581 voluptate
1441 518 1659 582 perfundit.

235 592 358 632 Aliae
378 592 626 644 partitiones
651 594 937 634 conscientiae
958 594 1099 634 afferri
1130 595 1276 646 solent3
1306 609 1482 648 quarum
1514 598 1761 652 praecipuas

184 662 348 697 tantum
370 656 660 698 indicabimus.
683 659 953 699 Conscientia
972 659 1111 712 itaque
1133 660 1342 699 nominari
1363 661 1481 701 solet:
1505 666 1634 712 recta,
1655 677 1774 704 err-0-

188 739 280 773 nea,
301 726 444 774 dubia,
462 727 685 779 perplexa,
707 728 977 780 scrupulosa,
993 727 1247 780 probabilis.

234 792 323 831 112.
339 785 396 831 De
415 792 676 832 conscientia
690 796 810 832 recta
826 795 869 832 et
885 803 1073 833 erronea.
1093 791 1364 833 Conscientia
1379 794 1617 834 nominatur
1635 799 1765 845 recta,

181 854 219 894 si
240 854 348 906 quod
371 868 469 895 vere
491 854 645 894 bonum
663 862 702 896 et
722 856 875 896 iustum
897 862 960 896 est
980 856 1117 904 dictet;
1140 870 1314 909 eamque
1329 858 1455 898 homo
1473 859 1686 900 evidenter
1702 874 1763 901 se-

183 919 253 971 qui
276 925 451 967 tenetur,
464 919 561 972 quia
575 933 717 960 veram
731 934 921 960 normam
939 920 1154 973 operandi,
1193 934 1343 973 nempe
1359 923 1509 974 legem,
1522 924 1676 964 actioni
1692 938 1760 976 ap-

175 984 321 1034 plicat.
338 984 541 1023 Erronea
557 991 699 1024 autem
721 984 983 1025 conscientia
996 984 1275 1038 dicitur,quae
1290 985 1443 1025 falsum
1455 986 1652 1027 iudicium
1670 1003 1762 1041 pro-

177 1048 267 1088 fert.
282 1049 345 1087 Ac
358 1048 393 1088 si
411 1048 600 1100 deceptio
615 1049 818 1089 eiusmodi
830 1050 967 1101 legem
980 1049 1114 1102 ipsam
1125 1050 1334 1102 respiciat,
1345 1064 1462 1091 error
1472 1051 1623 1092 dicitur
1635 1054 1768 1101 iaris,·

176 1113 214 1153 si
233 1113 432 1165 respiciat
449 1113 618 1163 factum,
637 1114 702 1154 cui
719 1115 788 1155 lex
805 1114 1049 1167 applicatur,
1068 1115 1216 1155 dicitur
1234 1117 1484 1168 errorsactz'.
1505 1119 1636 1157 Porro
1657 1117 1693 1156 si
1711 1131 1770 1157 er-

177 1191 248 1218 ror
270 1178 479 1218 vincibilis
500 1186 575 1228 est,
598 1192 775 1232 eumque
796 1180 1006 1232 deponere
1025 1180 1151 1219 homo
1183 1186 1357 1228 tenetur;
1387 1181 1500 1220 mala
1530 1181 1610 1221 erit
1640 1182 1765 1230 actio,

175 1257 284 1296 quae
305 1244 425 1285 iuxta
446 1243 751 1284 conscientiam
773 1257 993 1285 erroneam
1013 1244 1187 1284 elicitur.
1207 1243 1278 1284 Sin
1296 1257 1412 1284 error
1427 1245 1480 1287 sit
1495 1244 1767 1304 invincibilis5

177 1308 290 1351 actio
311 1322 396 1348 non
418 1309 541 1350 modo
560 1311 672 1349 mala
687 1323 771 1349 non
788 1309 875 1358 erit,
893 1310 967 1349 sed
983 1309 1123 1356 etiam,
1142 1308 1176 1348 si
1194 1322 1309 1349 error
1325 1316 1596 1362 praeceptum
1614 1322 1760 1362 propo-

177 1380 261 1422 nat,
285 1374 338 1414 ad
359 1375 571 1426 agendum
591 1374 803 1428 obligabit3
824 1387 909 1413 non
930 1373 1094 1426 quidem
1108 1386 1192 1426 per
1212 1387 1255 1412 se
1271 1373 1345 1413 sed
1359 1386 1443 1425 per
1464 1373 1672 1416 accidens,

229 1439 319 1486 Qua
340 1438 383 1477 in
400 1452 444 1478 re
467 1438 669 1491 decipitur
689 1437 957 1486 Heineccius,
989 1437 1055 1490 qui
1075 1437 1309 1491 generatim
1337 1444 1466 1489 negat
1496 1438 1755 1490 sequendam

173 1517 270 1545 esse
288 1504 591 1545 conscientiam
614 1517 834 1545 erroneam
857 1505 933 1557 (1).
952 1506 1059 1544 Nam
1081 1504 1115 1543 si
1133 1517 1248 1544 error
1265 1509 1328 1544 est
1347 1503 1646 1554 ineluctabilis,
1671 1504 1762 1544 sive

171 1572 290 1611 circa
309 1572 459 1624 legem,
483 1571 571 1611 sive
592 1572 706 1611 circa
726 1570 895 1619 factum,
918 1570 1190 1619 conscientia,
1221 1584 1327 1623 quae
1358 1584 1412 1610 ex
1431 1570 1501 1610 illo
1521 1571 1754 1611 illationem

172 1638 348 1687 derivat,
371 1637 563 1691 quamvis
585 1651 762 1678 erronea
782 1637 849 1685 sit,
872 1650 1021 1677 norma
1041 1643 1182 1676 tamen
1204 1642 1266 1676 est
1282 1636 1454 1677 moralis
1486 1636 1754 1689 operationis.

173 1705 225 1744 Et
255 1718 358 1745 sane
387 1706 501 1756 finge
532 1703 711 1756 aliquem
741 1704 847 1743 falso
879 1703 1120 1744 existimare
1150 1716 1245 1743 esse
1273 1716 1386 1743 nunc
1417 1703 1524 1743 diem
1559 1699 1763 1743 Veneris(

172 1770 321 1809 Nonne
339 1768 709 1821 obtemperandum
726 1768 801 1808 erit
813 1767 1097 1808 conscientiae
1111 1767 1282 1807 dictanti
1295 1780 1388 1807 esse
1401 1781 1426 1806 a
1443 1767 1642 1807 carnibus
1653 1767 1755 1807 abs-

167 1834 383 1874 tinendum
402 1832 418 1872 {2
447 1834 514 1872 An
531 1833 756 1874 honestum
792 1833 869 1873 erit
901 1833 1158 1872 contrarium
1181 1831 1355 1872 faeere?
1386 1833 1572 1885 Itemque
1592 1832 1660 1871 fac
1680 1846 1756 1872 ru-
1803 1843 1806 1846 ·

167 1900 235 1940 dis
255 1899 405 1952 aliquis
427 1898 636 1939 existimet
657 1899 939 1938 mentiendum
962 1898 1038 1938 sibi
1055 1912 1161 1947 esse,
1183 1903 1226 1938 ut
1246 1897 1482 1950 proximum
1501 1911 1527 1937 a
1548 1898 1753 1951 supplicio

168 1966 329 2006 liberet.
357 1967 506 2005 Nonne
526 1966 636 2005 male
656 1971 814 2018 ageret,
835 1965 871 2004 si
891 1964 1083 2004 iudicans
1104 1965 1157 2004 ad
1178 1964 1444 2004 mendacium
1467 1978 1512 2004 se
1530 1970 1628 2004 tuno
1644 1964 1752 2004 obli-

165 2032 277 2084 gari,
299 2032 557 2072 contrarium
580 2029 855 2084 operaretur?
886 2031 1010 2070 Certe
1030 2030 1072 2070 in
1095 2043 1145 2071 ea
1165 2030 1389 2084 hypothesi
1410 2031 1533 2070 vellet
1556 2030 1753 2070 violatio-

168 2112 266 2153 nem
288 2099 406 2151 legis;
430 2112 551 2150 quae,
575 2098 652 2139 etsi
673 2099 715 2138 in
737 2112 783 2139 se
803 2112 888 2138 non
909 2099 962 2138 sit
978 2098 1058 2147 lex,
1076 2103 1216 2138 tamen
1233 2111 1311 2137 ceu
1326 2098 1395 2137 lex
1410 2097 1749 2150 apprehenditur.

165 2167 376 2206 Voluntas
397 2171 535 2206 autern
557 2165 685 2206 fertur
707 2166 749 2205 in
772 2166 991 2213 obiectum,
1013 2172 1134 2217 prout
1153 2164 1232 2217 ipsi
1253 2178 1279 2203 a
1298 2164 1459 2204 ratione
1489 2164 1745 2217 proponitur.

165 2229 474 2281 Suspendenda
495 2228 571 2268 erit
592 2228 713 2276 actio,
736 2229 866 2281 inquit
885 2227 1166 2276 adversarius,
1200 2228 1332 2268 donec
1363 2241 1478 2267 error
1508 2227 1742 2269 abiiciatur.

161 2295 231 2342 At,
253 2300 296 2333 ut
317 2294 358 2332 id
380 2295 465 2341 fiat,
488 2293 670 2345 suspicio
689 2294 836 2333 saltem
852 2293 992 2344 aliqua
1011 2291 1052 2330 in
1069 2291 1208 2331 animo
1225 2305 1456 2345 exsurgere
1473 2291 1641 2332 deberet
1663 2292 1738 2332 cir-

162 2373 216 2400 ca
241 2373 441 2408 errorem,
465 2373 545 2412 quo
569 2372 686 2399 mens
706 2359 897 2398 afficitur.
916 2359 1008 2398 Hoc
1029 2363 1168 2397 autern
1185 2358 1219 2398 si
1237 2358 1512 2411 contingeret,
1529 2358 1613 2398 iam
1633 2372 1749 2399 error

157 2437 243 2464 non
257 2431 370 2464 esset
382 2423 702 2471 invincibilis,ac
716 2413 888 2475 proinde
900 2428 1019 2462 extra
1031 2428 1184 2461 statum
1195 2421 1451 2475 quaestionis
1467 2434 1748 2462 versaremur.

211 2491 302 2529 113.
332 2491 389 2530 De
413 2490 675 2530 conscientia
697 2488 822 2529 dubia
852 2492 895 2528 et
924 2488 1182 2539 scrupulosa.
1215 2487 1483 2527 Conscientia
1511 2487 1641 2527 dubia
1671 2493 1749 2536 est,

162 2568 270 2608 quae
292 2555 390 2594 hinc
413 2561 538 2607 atque
559 2555 654 2594 inde
675 2555 884 2594 fluctuans
907 2553 1125 2594 veritatem
1147 2567 1225 2594 nec
1245 2566 1319 2606 pro
1340 2567 1424 2593 una
1440 2559 1558 2606 parte
1575 2566 1654 2593 nec
1670 2565 1746 2605 pro

160 2621 297 2660 altera
319 2619 531 2671 perspicit.
556 2620 659 2658 Eam
693 2619 821 2671 sequi,
853 2631 1066 2671 quousque
1096 2617 1220 2657 dubia
1250 2624 1403 2666 manet,
1435 2616 1605 2656 minime
1635 2616 1748 2666 licet;

163 2689 390 2736 propterea
400 2683 593 2735 quod‚qui
609 2683 699 2723 sine
716 2683 960 2723 certitudine
976 2682 1026 2721 de
1047 2681 1240 2721 absentia
1255 2680 1522 2732 turpitudinis
1539 2679 1751 2720 actionem

167 2748 291 2796 elicit,
314 2748 349 2787 is
370 2748 452 2787 hoc
474 2747 564 2800 ipso
585 2747 626 2786 in
647 2748 759 2787 illam
782 2747 922 2787 animo
943 2746 1213 2799 propendere,
1235 2758 1287 2785 ac
1317 2743 1573 2797 legislatoris
1604 2744 1752 2796 prohi-

209 2879 262 2921 (1)
290 2879 340 2912 De
365 2879 451 2912 Iure
477 2882 554 2912 nect.
581 2882 614 2912 et
636 2881 732 2920 gyent.
757 2877 778 2910 l.
802 2878 825 2916 I,
849 2888 877 2911 c.
901 2878 930 2916 2,
950 2877 967 2919 ἓ
991 2878 1039 2910 45.
