1970 3203
573 219 712 245 CAPUT
740 220 763 246 1.
793 219 846 246 DE
877 219 1108 246 SOCIETATE
1137 218 1373 245 DOMESTICA
1682 205 1758 245 201

199 301 285 335 tum
305 291 588 344 physiologia,
609 298 693 332 tum
716 293 1012 345 Psychologia,
1034 299 1118 333 tum
1147 292 1270 333 etiam
1290 293 1526 333 communis
1546 293 1761 333 hominum

192 370 341 398 sensus
371 363 410 397 et
439 356 555 408 ipsae
584 370 733 396 sacrae
762 356 923 396 litterae
944 357 997 395 ad
1030 356 1263 408 oppositum
1283 356 1551 396 iudicandum
1581 369 1658 396 nos
1679 356 1759 395 ad-

188 424 354 463 ducunt.
390 423 612 462 Enimvero
642 421 788 474 negari
808 421 948 474 nequit
967 426 1219 461 structuram
1242 421 1424 461 mulieris
1444 421 1755 461 imbecilliorem

187 500 280 528 esse
309 487 409 534 viro,
431 487 499 539 qui
519 486 754 527 fortitudine
785 485 986 538 corporis,
1008 485 1192 536 agilitate
1224 485 1383 533 virium,
1406 485 1602 525 firmitate
1633 498 1742 525 mem
1761 500 1772 505 ·

190 553 356 592 brorum
386 552 510 604 longe
541 558 736 604 praestat.
757 551 879 591 Vires
899 557 1038 591 autem
1064 550 1204 598 animi,
1223 564 1265 590 ut
1285 551 1501 602 prudentia
1522 551 1698 600 consilii,
1716 558 1757 591 et

187 618 412 658 voluntatis
442 618 692 665 constantia,
713 618 840 657 multo
869 617 1143 657 excellentius
1164 616 1205 654 in
1227 616 1331 654 virili
1353 630 1456 656 sexu
1477 617 1749 669 explicantur,

186 683 283 722 licet
304 682 440 734 quoad
460 682 686 721 essentiam
702 695 832 734 aeque
848 681 890 720 in
906 680 1093 720 muliebri
1113 679 1249 719 insint.
1270 680 1390 727 Hinc,
1409 687 1558 720 natura
1575 681 1667 732 ipsa
1689 681 1760 720 du-

187 760 235 786 ce
251 760 302 787 ac
321 747 535 799 magistra,
554 748 663 799 apud
679 760 824 787 omnes
840 754 986 799 gentes
999 746 1061 785 vir
1076 746 1117 784 in
1136 746 1290 785 familia
1308 754 1471 796 praeest
1488 747 1660 795 mulieri,
1678 760 1757 787 neo

186 818 332 852 contra
351 813 462 852 hunc
484 827 640 853 morem
661 813 815 865 aliquid
836 825 1018 865 unquam
1038 818 1286 851 novatorum
1309 825 1434 851 voces
1457 813 1595 852 valere
1618 820 1765 865 potue-

188 884 296 918 runt.
314 880 471 919 Sacrae
488 885 626 919 autem
644 879 805 918 litterae
822 879 861 917 id
878 885 1074 930 perpetuo
1092 878 1352 917 confirmant.
1372 877 1439 917 Ait
1457 878 1566 917 enim
1583 880 1758 930 Aposto-

186 942 265 981 lus:
286 942 496 982 Mulieres
514 943 618 982 viris
639 944 729 982 suis
749 943 942 982 subditae
957 943 1080 981 sint...
1101 942 1315 986 Quoniam
1332 942 1396 980 vir
1417 945 1548 994 caput
1564 945 1624 982 est
1640 944 1762 983 muli-

186 1005 285 1053 eris,
316 1006 430 1045 sicat
450 1007 643 1046 Christus
663 1010 792 1059 caput
809 1009 870 1045 est
888 1006 1104 1045 Ecclesiae
1126 1007 1185 1056 (1)
1219 1006 1269 1045 Et
1292 1007 1331 1044 S.
1358 1007 1518 1046 Petrus:
1549 1005 1760 1047 Mulieres

184 1072 376 1112 subditae
404 1073 491 1111 sint
511 1072 614 1111 viris
634 1073 724 1111 suis
743 1074 802 1123 (2)
824 1071 1067 1111 Cavendum
1092 1079 1230 1110 tamen
1251 1078 1314 1110 est
1334 1085 1385 1111 ne
1411 1071 1628 1123 imperium
1651 1072 1742 1113 eius
1756 1100 1766 1105 -

184 1135 293 1175 modi
313 1136 355 1174 in
376 1136 631 1187 despoticum
652 1136 889 1188 degeneret,
912 1148 1007 1174 cum
1041 1148 1190 1174 revera
1230 1148 1312 1173 non
1335 1135 1386 1174 sit
1414 1135 1493 1174 nisi
1533 1135 1694 1187 regium
1716 1143 1759 1175 et

185 1201 304 1254 quasi
321 1202 577 1249 direcffivum,
599 1215 746 1253 nempe
769 1202 850 1241 tale
872 1209 916 1242 ut
936 1201 1070 1252 potius
1086 1201 1307 1240 honestate
1325 1208 1363 1241 et
1380 1202 1540 1241 ratione
1561 1202 1761 1254 impellat,

185 1281 309 1319 quam
330 1267 370 1306 vi
390 1268 443 1306 ad
464 1267 737 1307 obediendum
770 1266 922 1319 adigat.
946 1268 1090 1314 Immo,
1111 1272 1310 1318 quantum
1331 1267 1484 1306 decens
1502 1268 1588 1316 erit,
1611 1282 1762 1308 curare

185 1330 309 1370 debet
330 1331 402 1378 vir,
423 1336 480 1378 ut,
502 1344 606 1382 quae
627 1331 678 1369 ad
695 1331 875 1370 familiae
896 1330 1296 1370 administrationem
1317 1332 1534 1382 pertinent,
1555 1333 1689 1384 potius
1714 1346 1765 1372 ex

186 1395 396 1434 communi
426 1407 635 1434 consensu
651 1401 916 1446 peragantur,
929 1407 1052 1446 quam
1073 1395 1218 1433 odioso
1240 1395 1418 1446 quodam
1440 1395 1666 1435 dominatu.
1694 1397 1761 1436 Et-

187 1461 222 1500 si
240 1461 349 1501 enim
371 1460 492 1500 uxori
512 1468 688 1512 praeest;
710 1468 875 1512 praeest
896 1467 1035 1499 tamen
1057 1469 1101 1500 ut
1118 1460 1272 1508 sociae,
1289 1473 1371 1499 non
1389 1468 1432 1499 ut
1453 1461 1644 1501 famulae.
1669 1464 1758 1502 Nec

192 1536 409 1578 propterea
428 1526 469 1565 in
491 1534 721 1566 extremum
743 1527 975 1579 oppositum
997 1526 1220 1565 labendum
1242 1532 1316 1566 est:
1339 1527 1447 1578 quod
1467 1540 1569 1567 sane
1590 1528 1763 1568 contin-

187 1598 316 1645 geret,
339 1591 373 1631 si
394 1592 457 1630 vir
478 1592 751 1631 domesticum
773 1592 961 1644 regimen
978 1591 1097 1631 uxori
1113 1604 1284 1643 prorsus
1305 1592 1593 1640 committeret,
1615 1600 1686 1633 aut
1701 1608 1763 1634 re-

187 1655 356 1696 missius
387 1662 534 1708 ageret
561 1656 603 1694 in
632 1656 683 1694 iis
713 1655 931 1707 exigendis
953 1687 962 1703 ‚
993 1668 1098 1707 quae
1129 1655 1181 1693 ad
1211 1655 1389 1694 filiorum
1418 1655 1573 1694 bonum
1602 1663 1673 1696 aut
1702 1658 1755 1697 ad

188 1721 371 1761 familiae
401 1722 664 1762 commodum
694 1728 733 1761 et
762 1721 1101 1774 tranquillitatem
1131 1722 1380 1761 conducunt.

243 1785 363 1832 Quod
384 1799 483 1826 vero
514 1787 566 1825 ad
587 1786 847 1837 negotiorum
878 1785 1138 1838 partitionem
1160 1785 1316 1832 attinet,
1339 1787 1604 1837 perspicuum
1628 1800 1700 1838 per
1718 1801 1762 1827 se

188 1854 265 1897 est,
296 1849 349 1888 ad
377 1848 509 1888 virum
539 1855 751 1901 tamquam
781 1849 833 1888 ad
863 1849 1046 1888 familiae
1076 1855 1200 1900 caput
1229 1849 1435 1900 pertinere
1464 1858 1505 1888 ut
1536 1851 1701 1890 domum
1723 1864 1762 1889 a·

188 1915 271 1966 pud
299 1915 407 1953 alios
436 1920 734 1966 repraesentet,
757 1914 926 1966 eiusque
946 1919 1143 1953 externas
1163 1913 1368 1964 gubernet
1387 1913 1623 1952 relationes.
1642 1914 1760 1960 Quae

192 1992 292 2019 vero
321 1978 526 2019 internam
558 1978 738 2018 familiae
767 1991 913 2017 curam
941 1977 1183 2029 respiciunt,
1215 1990 1265 2015 ea
1294 1976 1484 2028 quamvis
1506 1976 1583 2016 viri
1613 1982 1755 2017 aucto-

189 2043 311 2091 ritati,
343 2043 478 2095 quoad
508 2056 747 2095 supremam
778 2042 1061 2088 directionem,
1083 2041 1368 2088 subjiciuntur,
1399 2052 1537 2080 tamen
1564 2042 1710 2081 melius
1732 2056 1758 2081 a

191 2106 362 2146 muliere
391 2106 763 2155 administrantur;
794 2106 997 2158 siquidem
1027 2105 1173 2144 mulier
1202 2105 1335 2156 aptior
1366 2112 1427 2144 est
1455 2105 1509 2144 ad
1556 2105 1757 2147 eiusmodi

186 2172 450 2211 minutiorem
480 2171 666 2211 ordinem
696 2171 1026 2224 concipiendum,
1048 2176 1087 2209 et
1114 2170 1168 2209 ad
1197 2170 1370 2210 interius
1401 2184 1446 2210 se
1478 2171 1756 2222 colligendam

191 2236 444 2290 propensior.
476 2237 544 2276 Sic
574 2237 748 2277 mirifice
779 2251 862 2276 una
890 2250 988 2289 pars
1018 2236 1236 2288 supplebit,
1267 2236 1374 2288 quod
1403 2237 1521 2275 alteri
1557 2238 1686 2284 deest,
1717 2245 1757 2277 et

191 2303 270 2343 sibi
299 2303 478 2342 invicem
508 2303 662 2342 auxilio
694 2309 824 2342 erunt.

240 2368 429 2420 Denique
459 2374 597 2418 partes
628 2368 703 2407 viri
732 2375 840 2416 sunt,
871 2381 1046 2407 uxorem
1076 2380 1235 2419 regere,
1253 2367 1420 2414 nutrire,
1443 2367 1677 2415 defendere,
1699 2367 1760 2406 in-

188 2436 362 2479 struere,
384 2436 507 2482 atque
527 2443 576 2470 eo
598 2431 732 2483 magis
753 2431 911 2470 honore
933 2430 1138 2483 prosequi,
1155 2443 1235 2482 quo
1256 2430 1326 2469 illa
1348 2430 1387 2468 vi
1409 2443 1535 2469 sexus
1550 2430 1755 2470 infirmior

188 2507 262 2538 est.
284 2497 483 2536 Vicissim
504 2502 643 2548 partes
664 2503 785 2536 erunt
801 2497 953 2544 uxoris,
971 2496 1164 2535 maritum
1185 2509 1267 2534 non
1285 2496 1421 2535 solum
1438 2509 1581 2536 amare
1597 2496 1670 2536 sed
1685 2510 1729 2536 re
1741 2520 1753 2525 —

186 2561 334 2609 vereri,
352 2560 522 2612 eiusque
540 2560 691 2611 placita
708 2560 835 2599 veluti
856 2561 972 2611 leges
989 2573 1014 2598 a
1031 2560 1118 2598 Deo
1136 2558 1212 2597 sibi
1233 2558 1449 2610 impositas
1469 2558 1673 2611 accipere,
1696 2559 1754 2598 rei

183 2625 376 2665 familiari
393 2631 432 2665 et
448 2627 598 2665 tutelae
613 2625 791 2663 filiorum
807 2623 1044 2675 diligentem
1061 2635 1230 2674 operam
1248 2623 1500 2674 impendere,
1512 2623 1752 2663 domesticis

187 2690 467 2741 penetralibus
500 2703 546 2730 se
577 2688 797 2736 custodire,
819 2687 1003 2728 externis
1024 2686 1203 2739 negotiis
1226 2686 1494 2738 defatigatum
1516 2688 1649 2727 virum
1666 2688 1753 2728 suis

231 2843 281 2883 (1)
307 2842 364 2875 Ad
389 2843 576 2885 Ephesios.
600 2854 629 2876 c.
652 2844 710 2879 111,
734 2853 763 2874 v.
787 2843 836 2874 22.

234 2897 284 2941 (2)
308 2896 419 2937 Epist.
444 2897 467 2934 Ι,
490 2908 516 2929 c.
543 2898 600 2935 ΙΙΙ,
623 2907 653 2928 v.
680 2898 707 2928 1.
