1970 3203
185 214 263 254 216
553 227 621 254 lus
650 228 851 254 NATURAE
875 237 894 244 ·
917 228 1024 255 PARS
1053 229 1090 255 Π.
1121 230 1186 257 IUS
1217 230 1391 258 SOCIALE

185 310 312 342 tenus
333 316 385 343 ex
406 303 477 342 illa
497 303 660 343 stabilis
680 303 945 356 proprietatis
965 304 1029 344 ius
1059 305 1259 358 emergit,
1282 311 1322 346 et
1343 306 1564 349 diversitas
1586 313 1672 349 tum
1692 309 1760 348 in—

186 369 315 420 genii,
337 375 424 410 tum
445 369 702 421 prudentiae,
723 376 809 409 tum
832 376 1064 411 ceterarum
1088 371 1248 422 virium,
1279 373 1428 425 quibus
1452 375 1641 416 homines
1670 376 1761 418 sive

187 433 323 486 quoad
345 446 498 486 corpus
520 434 609 474 sive
630 436 766 487 quoad
786 436 971 475 animum
993 436 1100 477 inter
1119 450 1165 476 se
1187 437 1454 478 multifariam
1474 438 1679 480 differunt.

239 497 432 538 Societas
452 498 596 538 herilis
617 531 626 547 ,
656 506 702 539 ut
721 512 773 539 ex
795 499 915 540 dictis
936 506 1047 552 patet
1066 533 1075 548 ‚
1105 500 1147 541 in
1167 501 1322 541 bonum
1342 515 1426 542 non
1448 503 1582 543 solum
1601 505 1757 545 domini

185 564 259 603 sed
281 564 406 603 etiam
428 564 571 604 famuli
592 565 808 614 redundat,
839 566 964 606 immo
984 567 1027 606 in
1043 568 1366 608 emolumentum
1396 569 1521 610 totius
1542 571 1758 611 societatis

187 627 412 668 humanae.
436 630 543 669 Nam
562 642 635 681 per
657 642 748 669 earn
772 631 962 679 efficitur,
983 638 1027 672 ut
1043 631 1113 670 alii
1134 632 1350 673 vilioribus
1370 639 1492 686 atque
1513 636 1757 687 operosiori-

183 693 261 732 bus
278 693 459 734 familiae
472 695 713 735 muneribus
730 696 905 746 liberati,
918 710 1072 737 vacare
1083 699 1243 749 possint
1255 699 1391 739 studio
1402 700 1551 739 artium
1563 708 1603 742 et
1618 702 1758 742 scien—

188 759 353 808 tiarum,
375 773 483 813 quae
504 767 723 813 tantopere
743 762 974 812 intersunt;
1006 770 1155 803 contra
1175 763 1256 812 alii,
1278 765 1345 817 qui
1362 765 1509 818 opibus
1530 773 1570 807 et
1590 767 1758 821 ingenio

185 830 347 872 carent,
369 824 531 865 felicius
552 826 630 865 sub
653 827 780 866 tutela
801 833 840 867 et
861 828 1074 879 opulentia
1091 828 1245 868 domini
1268 829 1397 870 vitam
1418 837 1559 882 agant.

233 892 295 931 27.
325 891 471 932 Mutua
491 892 631 932 officia
650 893 763 933 inter
777 894 979 934 famulum
996 898 1040 935 et
1055 895 1279 936 dominum.
1293 896 1457 942 Quoad
1478 898 1630 947 officia,
1651 912 1755 951 quae

179 967 231 994 ex
253 955 335 995 hac
355 956 558 997 societate
579 964 811 997 nascuntur
827 990 836 1006 ,
859 958 1013 998 domini
1034 964 1174 1011 partes
1202 966 1322 1000 erunt
1342 962 1577 1002 mercedem
1598 962 1752 1002 famulo

176 1021 356 1061 fideliter
372 1023 664 1071 solvere‚vitae
686 1023 776 1063 eius
795 1025 1032 1065 servandae
1052 1039 1103 1065 ac
1122 1026 1301 1066 tuendae
1321 1027 1580 1077 adlaborare,
1600 1029 1756 1068 iniusta

175 1096 306 1124 onera
323 1098 407 1125 non
423 1086 650 1138 imponere,
665 1088 739 1128 sed
754 1088 929 1140 imperia
941 1090 1077 1140 pactis
1093 1096 1132 1130 et
1149 1090 1306 1132 viribus
1323 1091 1757 1145 dimetiri.Praecipue

179 1161 278 1188 vero
294 1150 423 1190 menti
441 1151 608 1191 domino
627 1164 721 1192 esse
739 1153 870 1200 debet,
888 1153 1087 1193 famulum
1108 1160 1152 1193 ut
1171 1154 1298 1194 alium
1314 1156 1527 1196 hominem
1548 1170 1643 1196 esse
1664 1165 1752 1197 tra-

177 1214 388 1263 ctandum,
411 1216 478 1268 qui
499 1216 594 1256 licet
614 1217 750 1269 quoad
770 1217 952 1258 familiae
972 1218 1142 1270 negotia
1162 1219 1376 1261 subiectus
1397 1220 1476 1272 ipsi
1507 1220 1584 1269 sit,
1613 1228 1755 1261 tamen

176 1279 314 1330 quoad
334 1286 529 1320 naturam
550 1286 613 1320 est
633 1282 822 1334 aequalis
852 1290 892 1322 et
912 1283 964 1322 ad
986 1283 1177 1323 eumdem
1198 1284 1324 1324 finem
1347 1284 1591 1326 destinatus.
1614 1286 1753 1332 Quare

174 1344 321 1384 sedulo
350 1347 583 1385 curandum
606 1355 670 1388 est
690 1354 733 1387 ut
753 1347 873 1388 bonis
894 1349 1081 1388 moribus
1101 1356 1281 1398 ornetur,
1311 1355 1434 1402 atque
1455 1349 1753 1402 perfectionem

175 1410 389 1461 propriam
408 1412 591 1452 hominis
612 1413 881 1465 adipiscatur.
899 1415 1100 1454 Famulus
1117 1428 1216 1454 vero
1234 1415 1419 1455 vicissim
1437 1415 1604 1456 domino
1625 1416 1754 1455 hono-

172 1487 276 1523 rem,
310 1477 591 1516 reverentiam
622 1483 661 1517 et
691 1477 970 1518 obedientiam
991 1479 1033 1517 in
1052 1479 1302 1532 praeceptis,
1325 1492 1433 1532 quae
1458 1480 1640 1520 honesta
1659 1489 1756 1520 sunt

175 1540 374 1581 exhibere
394 1548 570 1592 tenetur,
593 1543 764 1596 eiusque
785 1544 907 1585 bonis
929 1544 1151 1585 sollicitam
1175 1559 1319 1585 curam
1348 1545 1600 1598 impendere,
1627 1559 1751 1598 prae—

172 1611 286 1644 stare
309 1605 532 1659 diligenter
547 1621 688 1659 opera,
705 1608 754 1648 de
775 1608 923 1660 quibus
943 1614 1092 1660 pactus
1114 1615 1188 1658 est,
1213 1608 1527 1649 dimesticarum
1547 1622 1688 1648 rerum
1709 1616 1749 1649 et

174 1684 452 1723 personarum
473 1673 640 1714 utilitati
661 1679 701 1713 et
722 1674 938 1714 custodiae
957 1687 1031 1726 pro
1052 1674 1211 1714 viribus
1230 1674 1461 1726 invigilare.

225 1738 287 1778 28.
318 1738 420 1786 Quid
449 1740 500 1779 de
531 1741 764 1789 servitute,
793 1742 962 1792 proprie
991 1745 1179 1793 accepta.
1211 1742 1328 1788 Quae
1367 1741 1452 1781 dixi
1482 1755 1747 1782 communem

172 1805 413 1856 respiciunt,
444 1806 511 1858 qui
541 1819 653 1845 nunc
685 1806 809 1859 viget,
840 1807 1098 1846 famulatum.
1130 1808 1279 1854 Quoad
1312 1807 1412 1846 illud
1442 1812 1582 1846 autem
1612 1808 1748 1848 servi-

171 1867 270 1907 tutis
298 1881 446 1920 genus,
479 1870 588 1922 quod
617 1870 828 1922 mancipia
858 1871 1077 1919 efficiebat,
1110 1871 1448 1922 distinguendum
1477 1878 1552 1912 est.
1584 1873 1692 1912 Nam
1712 1872 1747 1912 si

165 1934 306 1973 mitius
321 1934 590 1987 intelligatur,
613 1943 734 1988 prout
753 1937 807 1976 ad
828 1937 942 1977 solas
958 1950 1107 1989 operas
1129 1937 1409 1989 restringitur,
1441 1937 1518 1977 etsi
1547 1940 1747 1990 perpetuo

165 2008 205 2040 et
230 2001 368 2053 quoad
389 2002 497 2041 filios
518 2001 644 2041 etiam
666 2002 929 2055 obligandos;
961 2003 1062 2042 nihil
1084 2016 1136 2043 ex
1157 2003 1247 2043 iure
1268 2010 1443 2043 naturae
1476 2004 1661 2057 depromi
1683 2018 1749 2057 po-

163 2072 257 2114 test,
275 2067 384 2119 quod
400 2067 489 2107 eius
505 2067 749 2108 iniustitiam
765 2068 955 2109 absolute
977 2069 1245 2109 demonstret.
1265 2070 1401 2109 Homo
1423 2069 1533 2109 enim
1552 2070 1743 2111 dominus

164 2135 229 2169 est
249 2129 476 2170 activitatis
497 2145 614 2180 suae,
636 2145 687 2171 ac
708 2133 879 2184 proinde
901 2134 950 2173 de
971 2135 1063 2186 ipsa
1083 2133 1241 2186 pacisci
1257 2139 1405 2186 potest,
1426 2147 1601 2187 eamque
1622 2135 1742 2175 alteri

163 2194 395 2245 proficuam
412 2194 565 2234 facere.
578 2197 760 2237 Tantum
777 2198 827 2237 de
845 2211 895 2237 ea
917 2197 998 2237 dici
1016 2203 1162 2249 potest,
1175 2197 1334 2237 homini
1349 2197 1487 2237 minus
1503 2211 1739 2251 congruere

162 2259 410 2310 praesertim
430 2260 472 2299 in
493 2261 707 2310 societate,
729 2276 836 2314 quae
857 2263 1126 2315 exquisitiore
1156 2263 1336 2315 quadam
1357 2264 1522 2304 cultura
1541 2264 1736 2316 gaudeat.

162 2324 235 2363 Sin
266 2324 520 2377 mancipatio
542 2325 613 2365 illa
642 2327 906 2367 strictissime
931 2328 1176 2379 accipiatur,
1207 2335 1413 2380 quatenus
1436 2341 1606 2368 servum
1628 2329 1741 2368 omni

159 2403 332 2441 prorsus
360 2391 450 2431 iure
481 2392 689 2440 destituat,
720 2393 936 2445 ipsamque
966 2394 1056 2434 eius
1086 2393 1377 2433 exsistentiam
1394 2393 1437 2433 in
1458 2394 1612 2434 bonum
1641 2396 1737 2435 alte-

160 2455 247 2494 rius
278 2457 460 2507 ordinet;
490 2465 591 2499 tunc
616 2458 837 2499 manifeste
857 2459 933 2499 erit
953 2464 1130 2498 naturae
1150 2472 1405 2511 repugnans.
1428 2460 1597 2499 Rationi
1626 2458 1737 2500 enirn

160 2522 283 2573 plane
313 2522 588 2573 adversatur,
618 2531 662 2564 ut
690 2525 815 2564 homo
851 2525 1052 2577 dignitate
1092 2538 1170 2565 sua
1197 2525 1397 2577 spolietur
1417 2558 1426 2574 ,
1466 2525 1579 2565 circa
1608 2538 1731 2577 quam

161 2600 286 2627 nemo
315 2587 381 2627 ius
410 2588 548 2637 habet,
578 2603 628 2629 ac
649 2603 761 2630 mere
790 2591 832 2630 in
851 2604 938 2631 rem
969 2598 1009 2630 et
1028 2590 1209 2630 medium
1239 2590 1427 2630 utilitatis
1453 2590 1616 2630 alienae
1637 2603 1730 2629 con-

158 2659 356 2702 vertatur,
387 2655 506 2706 quasi
537 2654 701 2695 brutum
731 2663 802 2696 aut
823 2670 898 2696 ens
927 2656 1123 2696 inanime.
1154 2657 1292 2696 Homo
1321 2655 1488 2708 quilibet
1516 2656 1598 2695 hoc
1629 2655 1733 2707 ipso,

158 2716 268 2768 quod
297 2717 570 2758 humanitatis
601 2728 663 2758 est
693 2721 914 2773 particeps,
937 2726 1108 2760 ornatur
1136 2720 1306 2768 iuribus,
1327 2733 1434 2772 quae
1461 2719 1636 2759 alienari
1666 2733 1732 2760 ne-

159 2787 329 2832 queunt,
353 2787 394 2821 et
413 2782 563 2821 ceteris
582 2783 832 2832 hominibus,
850 2784 987 2836 quoad
1007 2797 1058 2823 ea
1078 2797 1185 2836 quae
1208 2790 1399 2823 naturam
1416 2782 1646 2835 respiciunt
1668 2792 1739 2822 aut

159 2859 213 2886 ex
242 2853 393 2886 natura
423 2847 637 2887 dimanant
658 2881 666 2896 ‚
708 2851 895 2901 aequalis
935 2863 1106 2902 prorsus
1146 2848 1367 2888 habendus
1406 2855 1480 2888 est.
1522 2851 1652 2889 Porro
1683 2862 1738 2889 ex

160 2911 242 2951 hac
271 2918 447 2952 naturae
476 2913 726 2964 aequalitate
766 2914 935 2953 omnino
971 2914 1155 2966 sequitur
1183 2921 1226 2953 ut
1254 2914 1360 2953 alter
1394 2914 1447 2952 ad
1476 2916 1653 2953 alterum
1683 2926 1735 2953 ex
