1970 3203
505 210 642 237 CAPUT
670 210 721 236 IV·
752 214 804 241 DE
833 213 1000 240 OFFICIIS
1033 211 1203 238 HOMINIS
1230 210 1343 238 ERGA
1370 210 1490 237 Amos
1706 201 1782 241 163

847 357 1090 397 ARTICULUS
1119 357 1150 395 Ι.

715 484 781 524 De
810 498 957 525 amor-e
986 486 1086 525 aliis
1115 485 1263 525 debito.

267 613 329 652 62.
360 614 474 654 Unde
504 615 649 654 oritur.
681 614 745 652 Ex
775 611 1091 665 participatione
1113 612 1297 651 eiusdem
1320 618 1506 660 naturae,
1528 626 1652 665 quam
1674 611 1783 650 dixi-

217 690 321 724 mus,
352 677 541 729 exsurgit
571 684 614 716 ut
643 676 840 717 instinctu
870 676 1059 715 homines
1077 689 1123 715 se
1144 676 1323 715 invicem
1346 676 1530 728 diligant.
1555 676 1785 716 Similitudo

218 743 326 782 enim
357 751 420 783 est
450 756 580 782 causa
609 742 776 781 amoris.
809 756 829 778 «
862 743 924 781 Ex
953 741 1060 788 hoc,
1091 741 1199 793 quod
1227 741 1354 793 aliqui
1384 742 1462 780 duo
1493 748 1587 780 sunt
1615 741 1786 786 similes,

218 810 276 850 ait
306 811 346 849 S.
377 810 576 856 Thomas,
606 807 725 861 quasi
755 808 956 847 habentes
987 820 1112 845 unam
1143 806 1332 855 formam,
1363 812 1458 846 sunt
1483 807 1785 858 quodammodo

221 889 345 915 unum
375 876 415 914 in
446 875 580 914 forma
607 873 702 922 illa;
735 873 842 912 sicut
871 873 950 912 duo
980 872 1172 912 homines
1202 878 1297 912 sunt
1326 886 1452 911 unum
1483 872 1524 910 in
1555 872 1694 924 specie
1715 873 1787 911 hu-

220 941 442 981 manitatis.
474 942 525 980 Et
553 940 644 980 ideo
674 941 850 979 affectus
881 938 1003 977 unius
1034 938 1161 978 tendit
1189 938 1232 977 in
1265 938 1452 986 alterum,
1476 938 1582 977 sicut
1602 937 1643 976 in
1664 950 1788 976 unum

220 1006 326 1054 sibi,
357 1012 397 1046 et
421 1006 508 1044 vult
551 1005 588 1045 ei
616 1005 768 1044 bonum
791 1036 799 1051 ,
830 1004 938 1042 sicut
967 1009 1007 1043 et
1036 1002 1114 1042 sibi
1146 1003 1217 1053 (1).
1250 1017 1269 1039 »
1303 1002 1416 1041 Idem
1447 1001 1707 1041 convincitur
1736 1014 1789 1039 ex

220 1069 476 1121 praescripto
505 1068 690 1108 rationis.
714 1069 820 1106 Nam
841 1066 1085 1119 principium
1107 1066 1206 1105 illud
1228 1066 1330 1106 iuris
1344 1065 1558 1105 naturalis:
1584 1065 1788 1104 Ordinem

218 1147 356 1181 serva,
389 1134 484 1172 dum
514 1132 625 1172 iubet
646 1139 690 1172 ut
711 1137 830 1171 actus
854 1129 1081 1170 voluntatis
1101 1130 1372 1170 relationibus
1392 1143 1527 1169 rerum
1550 1129 1788 1168 conforme-

218 1214 323 1246 mus,
340 1199 451 1239 iubet
468 1198 654 1251 profecto
672 1203 713 1236 ut
729 1197 998 1237 aestimemus
1020 1201 1182 1236 ceteros
1212 1196 1404 1235 homines
1420 1196 1461 1234 in
1479 1195 1624 1235 eodem
1641 1195 1787 1247 gradU,

218 1278 268 1303 ac
291 1277 378 1311 nos,
397 1262 658 1310 constitutos,
677 1261 808 1314 iisque
824 1261 930 1300 idem
947 1260 1112 1307 bonum,
1130 1260 1238 1312 quod
1254 1260 1376 1299 nobis
1394 1260 1595 1307 volumus,
1614 1264 1788 1311 appeta-

224 1340 329 1366 mus.
352 1327 461 1365 Hinc
490 1332 666 1365 naturae
695 1331 980 1377 praeceptum:
1009 1324 1156 1376 Dilige
1184 1325 1441 1376 prooelmum,
1462 1324 1573 1362 sicut
1603 1324 1792 1375 teipsum.

272 1392 335 1430 63.
367 1391 570 1431 Convenit
600 1401 694 1430 cum
724 1401 876 1435 amore,
909 1400 987 1439 quo
1017 1400 1092 1428 nos
1121 1388 1235 1438 ipsos
1264 1388 1570 1439 prosequimur,
1591 1387 1794 1437 qualitate

220 1466 303 1495 non
332 1454 581 1505 quantitate.
616 1454 718 1492 Cum
750 1452 923 1491 dicimur
951 1452 1081 1491 teneri
1111 1451 1164 1489 ad
1192 1451 1417 1490 amandum
1439 1450 1669 1502 proximum
1686 1450 1796 1488 sicut

222 1535 300 1561 nos
330 1521 455 1572 ipsos,
485 1519 690 1571 particula
717 1519 829 1558 sicut
855 1531 937 1557 non
967 1517 1076 1556 idem
1107 1523 1230 1556 sonat
1259 1530 1309 1556 ac
1330 1519 1551 1568 quantum.
1575 1515 1662 1554 Etsi
1683 1516 1793 1554 euim

222 1587 393 1638 quisque
422 1587 569 1625 eadem
598 1586 720 1632 bona,
751 1597 857 1636 quae
886 1583 962 1623 sibi
997 1584 1094 1631 vult,
1122 1583 1214 1622 aliis
1245 1583 1348 1622 velle
1382 1582 1522 1629 debet;
1545 1588 1682 1620 tamen
1704 1580 1793 1620 eius

222 1650 416 1689 voluntas
437 1648 663 1689 intensiore
684 1649 837 1687 affectu
858 1647 986 1686 fertur
1007 1646 1049 1684 in
1071 1645 1264 1697 seipsum,
1287 1659 1410 1697 quam
1432 1645 1472 1683 in
1494 1645 1611 1684 alios.
1633 1646 1794 1684 Natura

224 1713 347 1761 enim,
378 1725 484 1764 quae
514 1712 567 1750 ad
596 1723 781 1750 amorem
810 1710 991 1761 impellit,
1023 1709 1158 1760 magis
1179 1708 1324 1749 intima
1340 1708 1499 1748 homini
1521 1714 1583 1747 est
1604 1715 1795 1759 respectu

224 1781 302 1826 sui,
324 1793 446 1832 quam
462 1783 656 1830 respectu
676 1777 849 1815 aliorum
870 1775 1096 1823 hominum;
1119 1780 1255 1814 motus
1276 1781 1425 1821 autem,
1444 1774 1593 1814 ceteris
1616 1773 1794 1825 paribus,

226 1858 274 1885 eo
291 1850 353 1884 est
374 1842 560 1889 validior,
583 1854 662 1894 quo
686 1846 819 1880 motor
839 1839 978 1879 mobili
1000 1838 1135 1890 magis
1152 1838 1313 1877 insidet.
1331 1838 1395 1876 Ad
1416 1851 1501 1876 rem
1526 1838 1566 1876 S.
1591 1837 1790 1876 Thomas:

229 1923 247 1946 «
281 1906 422 1958 Magis
453 1904 736 1957 unusquisque
766 1904 946 1955 seipsum
979 1908 1103 1949 amat,
1134 1915 1258 1953 quam
1287 1901 1425 1948 alium3
1456 1900 1551 1952 quia
1580 1899 1656 1939 sibi
1688 1913 1795 1939 unus

223 1980 286 2013 est
316 1973 356 2012 in
387 1971 632 2020 substantia,
663 1970 780 2010 alteri
811 1982 909 2009 vero
940 1969 981 2007 in
1010 1967 1272 2008 similitudine
1299 1967 1474 2005 alicuius
1494 1966 1651 2005 formae
1675 1967 1745 2016 (2).
1768 1980 1787 2002 >›

224 2039 276 2077 Et
307 2036 414 2076 alibi:
451 2051 470 2074 ((
498 2036 629 2074 Amor
658 2041 719 2073 est
748 2033 879 2074 virtus
910 2032 1077 2071 unitiva.
1108 2030 1342 2082 Unicuique
1371 2036 1508 2068 autem
1533 2029 1586 2068 ad
1607 2028 1789 2080 seipsum

227 2109 290 2143 est
319 2102 489 2149 unitas,
517 2114 623 2153 quae
650 2106 712 2140 est
740 2099 873 2152 potior
902 2098 1067 2137 unione
1098 2095 1219 2136 Unde
1251 2095 1356 2134 sicut
1386 2095 1524 2136 unitas
1555 2100 1617 2134 est
1651 2093 1799 2145 princi-

227 2168 336 2220 pium
359 2166 550 2215 unionis3
572 2166 630 2205 ita
649 2179 777 2212 amor,
800 2177 878 2216 quo
900 2163 991 2216 quis
1013 2161 1143 2213 diligit
1164 2161 1359 2213 seipsum,
1378 2166 1440 2200 est
1464 2159 1598 2199 forma
1618 2165 1657 2199 et
1678 2158 1798 2198 radix

229 2231 450 2280 amicitiae;
481 2231 523 2270 in
551 2232 632 2271 hoc
662 2231 772 2271 enim
803 2230 1028 2269 amicitiam
1056 2228 1259 2267 habemus
1289 2227 1341 2266 ad
1371 2226 1488 2274 alios,
1519 2227 1625 2278 quod
1656 2225 1708 2264 ad
1730 2238 1803 2265 eos

228 2308 305 2334 nos
325 2295 527 2334 habemus
544 2293 652 2333 sicut
667 2293 720 2332 ad
735 2306 812 2332 nos
832 2292 944 2345 ipsos
962 2293 1034 2343 (3).
1052 2305 1072 2328 »
1093 2290 1369 2342 Consequitur
1389 2289 1487 2328 hinc
1508 2296 1551 2327 ut
1581 2289 1615 2328 si
1637 2289 1802 2341 quando

227 2372 359 2406 amor,
390 2371 509 2410 quem
535 2357 654 2397 nobis
684 2357 894 2403 debemus,
923 2370 1017 2395 cum
1046 2368 1188 2394 amore
1219 2353 1417 2405 confligat
1438 2352 1531 2391 aliis
1553 2352 1702 2400 debito,
1725 2366 1802 2404 po-

228 2424 401 2466 steriore
432 2424 512 2463 hoe
543 2423 699 2469 colliso,
730 2422 840 2473 prior
869 2426 1100 2473 exsuperet:
1123 2419 1202 2459 nisi
1224 2432 1341 2458 amor
1371 2418 1459 2466 Dei,
1490 2417 1557 2470 qui
1579 2423 1798 2470 utrumque

227 2489 531 2542 superexcedit,
563 2488 815 2528 contrarium
846 2487 1091 2540 quandoque
1122 2485 1383 2538 persuadeat.

270 2644 320 2684 (1)
347 2643 501 2674 Samma
525 2641 572 2673 th.
597 2642 638 2674 1.·
661 2642 718 2673 2³⁰
742 2650 774 2681 q.
797 2640 945 2677 XXVII,
968 2650 997 2671 a.
1020 2640 1046 2671 8.

270 2695 321 2734 (2)
347 2694 430 2726 Ibid.
447 2704 477 2726 a.
500 2694 527 2725 4.

272 2747 321 2787 (3)
348 2747 502 2778 Summa
524 2745 570 2777 tlz.
601 2746 635 2777 1:
670 2746 725 2778 ‘2:³2
758 2754 790 2786 q.
817 2745 932 2780 XXV,
955 2754 982 2775 a.
1007 2743 1034 2774 4.
