1970 3203
567 177 704 204 CAPUT
732 179 757 204 1.
788 178 841 204 DE
870 179 1099 206 soeiETATE
1128 180 1366 208 DOMESTch
1686 172 1764 215 209

254 249 382 289 Obiz'e.
405 248 457 288 II.
479 248 588 287 Ante
610 248 835 288 adventum
858 250 1011 290 Christi
1032 257 1218 302 potestas
1242 253 1376 293 civilis
1396 254 1661 296 matrimonia
1679 270 1762 296 mo-

193 313 428 354 derabatur.
461 313 574 364 Ergo
605 313 770 364 signum
792 314 995 366 estquod,
1017 316 1052 353 si
1073 316 1380 355 matrimonium
1410 324 1454 357 ut
1482 331 1622 358 merus
1654 332 1759 359 con—

189 384 347 419 tractus
377 377 633 430 inspiciatur,
663 379 858 430 potestati
888 379 998 419 civili
1027 381 1255 421 subiicitur.

244 444 293 482 R.
325 445 371 482 In
392 443 539 495 primis
558 443 743 495 ineptum
765 451 828 483 est
843 445 1060 485 desumere
1085 460 1273 487 normam
1296 450 1381 489 veri
1402 449 1504 490 iuris
1525 464 1551 490 a
1569 452 1757 492 moribus

185 523 461 562 paganorum.
479 509 651 558 Deinde,
668 512 850 563 supremi
870 512 1124 564 imperantes
1143 513 1298 555 idcirco
1315 522 1412 556 tunc
1426 519 1753 567 matrimonium,

184 573 536 626 quemadmodum
566 574 671 614 alias
701 574 824 614 etiam
854 588 922 615 res
950 588 1110 624 sacras,
1150 578 1483 629 moderabantur,
1524 581 1619 633 quia
1658 596 1753 622 cum

184 642 391 690 potestate
421 638 531 677 civili
562 638 686 678 etiam
716 640 1032 689 sacerdotalem,
1064 640 1203 692 aliqua
1232 643 1379 682 saltem
1410 657 1463 684 ex
1491 652 1620 697 parte,
1642 647 1684 686 in
1706 661 1751 687 se

185 703 449 755 copulabant.
477 704 545 743 Sic
565 704 728 743 romani
749 706 1026 757 Imperatores
1054 707 1327 747 Pontificatus
1357 710 1527 749 maximi
1549 711 1755 762 dignitate

185 767 410 819 fulgebant,
441 773 480 807 et
509 769 650 820 Reges
679 769 788 821 apud
806 771 1051 822 Aegyptios,
1082 776 1179 811 ante
1199 786 1323 824 quam
1345 773 1398 812 ad
1428 775 1624 814 thronum
1650 789 1754 816 eve-

187 832 395 879 herentur,
426 832 569 871 Ordini
599 834 862 873 sacerdotum
893 835 1206 886 cooptabantur.
1229 837 1283 875 At
1304 850 1402 876 vero
1432 838 1474 876 in
1504 839 1596 890 lege
1627 853 1750 880 evan-

185 898 321 948 gelica
349 899 440 937 iura
469 898 745 939 sacerdotalis
773 899 932 951 imperii
962 914 988 938 a
1016 900 1174 941 iuribus
1194 901 1355 953 imperii
1376 902 1510 941 civilis
1540 904 1749 945 disiuncta

184 969 292 1011 sunt,
324 976 374 1002 ac
405 962 507 1002 solis
534 963 748 1014 Apostolis
778 977 1001 1017 eorumque
1032 967 1349 1006 successoribus
1377 969 1556 1008 addicta.

238 1027 366 1066 Obiz'c.
397 1028 469 1065 ΙΙΙ.
502 1027 697 1067 Potestas
727 1027 860 1067 civilis
880 1029 1055 1080 imperat
1076 1036 1114 1069 et
1134 1031 1249 1082 leges
1274 1031 1447 1083 imponit
1478 1033 1628 1073 ceteris
1654 1046 1747 1073 con-

180 1092 393 1132 tractibus.
428 1093 564 1131 Eccur
584 1092 652 1132 hic
672 1106 788 1141 unus,
810 1094 877 1146 qui
898 1095 1207 1135 matrimonium
1237 1097 1459 1145 constituit,
1491 1099 1745 1152 excipietur?

231 1158 281 1196 R.
314 1157 358 1195 Id
387 1157 429 1196 in
460 1157 651 1196 Ecclesia
683 1157 849 1206 Christi,
880 1164 924 1197 ut
953 1159 1106 1198 dictum
1141 1166 1229 1208 est,
1260 1161 1447 1212 procedit
1484 1163 1746 1213 potissimum

178 1235 230 1261 ex
260 1234 308 1260 eo
339 1222 448 1274 quod
477 1221 784 1260 matrimonium
807 1229 996 1262 evectum
1019 1223 1070 1262 sit
1087 1223 1138 1262 ad
1156 1224 1444 1264 excellentiam
1468 1225 1742 1267 Sacramenti.

178 1285 224 1323 In
256 1285 398 1324 ordine
429 1291 567 1324 autem
599 1293 772 1326 naturae
805 1287 991 1338 procedit
1020 1300 1045 1326 a
1074 1288 1273 1339 peculiari
1314 1288 1450 1328 indole
1487 1290 1611 1330 huius
1642 1305 1748 1332 con-

176 1354 347 1397 tractus,
378 1355 582 1401 quatenus
604 1363 630 1388 a
650 1350 800 1389 ceteris
820 1350 988 1390 omnino
1011 1351 1331 1391 discriminatur.
1356 1353 1463 1391 Nam
1494 1355 1622 1394 ceteri
1652 1368 1746 1394 con-

178 1420 335 1456 tractus
365 1428 448 1454 non
478 1415 704 1466 respiciunt
745 1429 966 1468 personam
988 1449 998 1464 ,
1028 1417 1100 1456 sed
1140 1418 1206 1456 vel
1235 1430 1348 1457 mere
1392 1431 1459 1458 res
1488 1421 1553 1458 vel
1591 1421 1742 1460 saltem

178 1481 377 1529 actiones,
408 1494 513 1533 quae
547 1480 660 1520 circa
690 1488 905 1521 externam
936 1484 1103 1521 omnino
1134 1483 1351 1522 materiam
1382 1491 1615 1525 versantur.
1640 1489 1747 1526 Tum

178 1545 302 1584 etiam
332 1558 415 1584 non
445 1545 671 1596 respiciunt
700 1545 897 1585 familiam
928 1546 1195 1593 fundandam,
1225 1547 1298 1587 sed
1329 1554 1488 1586 tantum
1518 1550 1746 1591 relationes

175 1611 281 1650 inter
311 1610 509 1649 familiam
541 1616 579 1649 et
600 1610 811 1659 familiam,
834 1613 896 1651 vel
917 1612 1025 1652 inter
1043 1626 1267 1664 personam
1289 1619 1328 1652 et
1359 1627 1594 1664 personam.
1617 1617 1743 1657 Unde

172 1679 322 1713 natura
351 1686 428 1713 sua
457 1673 643 1713 ordinem
675 1675 874 1715 socialem
903 1675 1202 1727 ingrediuntur,
1233 1690 1258 1715 a
1287 1678 1519 1718 domestica
1534 1679 1735 1720 societate

171 1738 391 1776 diversum.
422 1738 476 1776 At
505 1737 824 1785 matrimonium,
855 1745 898 1777 ut
929 1739 1121 1787 diximus,
1152 1739 1351 1779 familiam
1385 1741 1638 1782 intrinsecus
1669 1753 1739 1782 at-

173 1803 302 1855 tingit,
333 1816 438 1855 quae
468 1809 652 1855 tempore
682 1812 721 1844 et
750 1805 934 1845 essentia
954 1807 1137 1845 anterior
1164 1814 1227 1847 est
1247 1807 1446 1847 societate
1477 1808 1600 1857 civili,
1623 1815 1661 1848 et
1682 1811 1734 1849 ad

171 1871 518 1922 complementum
548 1869 722 1909 refertur
751 1871 880 1922 ipsius
910 1872 1222 1924 personalitatis
1253 1873 1478 1913 humanae.

226 1936 354 1976 Obiic.
386 1937 454 1975 IV.
487 1936 597 1988 Ergo
628 1936 679 1975 ob
700 1937 888 1977 eamdem
909 1938 1115 1978 rationem
1136 1951 1268 1991 neque
1289 1940 1481 1990 potestati
1501 1941 1734 1993 religiosae,

169 2001 318 2040 saltem
348 2001 390 2040 in
420 2006 532 2040 statu
562 2000 752 2048 naturali,
780 2001 1101 2048 matrimonium,
1124 2010 1242 2053 prout
1263 2008 1502 2043 contractus
1533 2011 1607 2053 est,
1638 2009 1740 2045 sub-

171 2064 236 2104 iici
267 2070 420 2116 posset.

222 2129 272 2166 R.
305 2129 421 2180 Nego
463 2128 694 2180 paritatem.
740 2130 848 2169 Nam
890 2128 1199 2168 matrimonium
1242 2129 1364 2169 etiam
1409 2136 1452 2169 ut
1496 2138 1740 2173 contractus

170 2192 374 2231 naturalis
404 2199 467 2232 est
496 2205 564 2231 res
595 2206 731 2241 sacra,
763 2198 980 2244 propterea
1009 2193 1128 2245 quod,
1159 2200 1202 2232 ut
1227 2193 1323 2241 dixi,
1353 2194 1528 2233 instituit
1557 2196 1740 2236 ministe-

168 2256 276 2295 rium
306 2257 512 2309 quoddam
544 2271 736 2306 sacrum,
767 2271 916 2311 nempe
956 2271 1211 2297 concausam
1242 2265 1281 2298 et
1310 2260 1631 2299 instrumentum
1660 2262 1737 2301 Dei

167 2323 209 2361 in
240 2323 512 2375 productione
542 2324 650 2364 entis
682 2324 843 2363 ratione
873 2324 1061 2375 praediti.
1094 2325 1270 2377 Insuper
1300 2326 1399 2365 ordo
1430 2326 1642 2376 religionis
1665 2340 1736 2365 or-

172 2387 309 2427 dinem
338 2388 474 2438 ipsum
506 2388 799 2428 individualem
831 2395 871 2428 et
901 2389 1171 2428 domesticum
1202 2399 1412 2441 permeat3
1443 2391 1645 2443 siquidem
1666 2405 1735 2431 re-

165 2452 286 2504 spicit
314 2452 538 2492 relationes
568 2454 620 2492 ad
650 2454 783 2492 Deum
802 2466 810 2500 ;
831 2453 911 2492 hae
933 2460 1071 2492 autem
1094 2468 1317 2505 personam
1339 2456 1470 2506 ipsam
1501 2456 1729 2496 humanam

158 2524 204 2556 et
232 2516 432 2556 familiam
461 2516 602 2556 intime
633 2517 831 2556 afficiunt.
862 2517 983 2556 Unde
1013 2518 1065 2556 ab
1100 2518 1345 2557 auctoritate
1375 2518 1574 2570 religiosa
1603 2519 1731 2559 homo

162 2581 412 2630 individuus,
442 2587 564 2634 prout
593 2581 832 2621 individuus
863 2590 938 2629 est,
970 2590 1009 2621 et
1037 2584 1162 2623 homo
1193 2584 1472 2632 domesticus,
1503 2592 1624 2636 prout
1654 2587 1728 2625 do-

161 2648 360 2688 mesticus
393 2653 469 2695 est,
498 2648 589 2687 iure
612 2653 882 2700 temperatur.
904 2649 1023 2694 Quod
1044 2648 1125 2687 dici
1145 2661 1230 2688 non
1259 2656 1393 2700 potest
1415 2650 1463 2689 de
1484 2651 1730 2691 auctoritate

162 2712 284 2761 civili,
314 2727 421 2765 quae
453 2713 566 2752 solos
595 2721 812 2765 respectus
842 2713 1029 2765 publicos
1059 2714 1247 2765 attingit,
1277 2715 1330 2754 ad
1370 2716 1556 2756 ordinem
1585 2724 1727 2757 exter-

163 2790 260 2815 num
293 2778 505 2817 societatis
546 2784 799 2830 spectantes.
829 2780 964 2830 Atque
1003 2779 1073 2826 id,
1105 2779 1367 2820 considerato
1398 2781 1542 2820 ordine
1569 2788 1727 2820 tantum

165 2840 370 2888 naturali;
399 2854 496 2880 nam
526 2842 567 2880 in
596 2842 740 2881 ordine
761 2843 1068 2893 supernaturali
1094 2849 1333 2883 contractus
1354 2844 1443 2895 ipse
1464 2843 1726 2892 matrimonii,

251 2916 482 2948 LIBERATORE
496 2934 537 2939 —
552 2917 685 2949 Ethica
709 2921 744 2949 et
766 2918 830 2950 Ius
854 2921 1028 2951 naturae.
1606 2921 1644 2951 14
