1970 3203
696 487 870 543 PARS
917 485 1162 542 TERTIA

244 647 362 699 IUS
401 643 1060 697 INTERNATIONALE
1100 642 1239 694 SEU
1279 642 1616 695 GENTIUM

744 1064 1136 1106 INTRODUCTIO

205 1195 461 1248 Principium
484 1193 742 1241 socialitatis,
761 1207 839 1246 quo
855 1193 1048 1233 homines
1065 1193 1315 1240 imbuuntur,
1336 1206 1419 1232 non
1441 1193 1532 1231 sola
1552 1191 1721 1232 civitate

156 1269 228 1303 aut
258 1262 428 1301 natione
457 1273 503 1299 se
534 1259 723 1307 cohibet,
754 1259 839 1307 sed,
863 1259 1119 1298 contendens
1146 1257 1328 1305 ulterius,
1359 1258 1412 1297 ad
1441 1257 1720 1296 universalem

154 1326 380 1379 quamdam
410 1323 764 1364 consociationem
792 1322 975 1369 inclinat,
1005 1335 1100 1374 qua,
1129 1334 1211 1360 non
1239 1321 1320 1360 iam
1343 1333 1549 1372 personae
1578 1319 1723 1358 indivi-

153 1393 261 1433 duae
291 1405 386 1433 cum
417 1390 639 1430 individuis
668 1394 739 1428 aut
768 1388 948 1428 familiae
977 1402 1071 1427 cum
1101 1387 1280 1435 familiis,
1309 1387 1382 1426 sed
1411 1399 1544 1438 regna
1572 1386 1664 1438 ipsa
1684 1392 1724 1425 et

153 1458 296 1510 populi
323 1457 504 1496 invicem
536 1455 794 1507 colligentur.
825 1455 917 1493 Hac
938 1453 1163 1493 universali
1185 1451 1387 1492 societate
1417 1451 1550 1490 forma
1578 1450 1722 1489 ultima

155 1521 374 1561 exhibetur
390 1518 560 1558 humani
578 1518 755 1566 ordinis3
777 1518 858 1570 qui,
880 1524 922 1556 ut
943 1524 1118 1556 naturae
1134 1517 1254 1569 plene
1271 1515 1516 1562 consentiat,
1532 1514 1724 1554 homines

153 1599 236 1626 non
267 1586 389 1625 modo
420 1584 583 1636 aliquos
603 1583 708 1623 inter
729 1596 786 1631 se,
818 1583 892 1622 sed
923 1596 1080 1630 omnes,
1110 1587 1309 1634 quotquot
1338 1588 1493 1620 terram
1523 1580 1720 1627 incolunt,

153 1651 290 1704 quoad
330 1649 614 1703 operationem
645 1648 849 1696 devincit,
894 1648 1241 1700 quemadmodum
1273 1647 1496 1686 similitudo
1526 1646 1726 1698 specifica

158 1728 231 1756 eos
261 1715 343 1754 iam
373 1719 470 1753 ante
499 1713 634 1765 quoad
664 1720 856 1752 naturam
887 1711 1108 1764 copulavit.
1151 1712 1252 1758 Nec,
1297 1710 1377 1749 nisi
1411 1714 1630 1762 postquam
1671 1708 1725 1747 ad

155 1785 399 1821 societatem
430 1778 631 1819 eiusmodi
660 1784 831 1817 ventum
861 1778 947 1826 erit,
977 1777 1291 1816 incitamentum
1320 1781 1496 1814 naturae
1527 1773 1721 1822 cessabit;

154 1857 261 1897 quae
290 1850 334 1882 ut
353 1842 544 1883 homines
566 1842 802 1894 singulares
823 1842 875 1880 ad
897 1841 1141 1881 societatem
1163 1840 1447 1887 domesticam,
1470 1845 1592 1890 atque
1613 1838 1724 1876 hanc

154 1910 206 1949 ad
232 1909 399 1950 civilem
428 1907 611 1959 impellit,
641 1907 702 1946 sic
732 1907 847 1959 ipsas
876 1907 1021 1946 civiles
1052 1906 1274 1945 societates
1296 1906 1349 1944 ad
1370 1918 1523 1944 novam
1554 1916 1728 1955 eamque

154 1973 406 2013 latissimam
428 1977 468 2011 et
488 1972 669 2011 maxime
687 1977 967 2023 praestantem
989 1970 1242 2009 iunctionem
1264 1975 1492 2021 promovet,
1510 1975 1554 2007 ut
1574 1967 1725 2007 mutuis

154 2037 375 2089 implendis
406 2036 555 2076 officiis
584 2036 710 2075 finem
739 2036 948 2087 proprium
978 2043 1155 2074 naturae
1185 2033 1402 2073 rationalis
1418 2032 1630 2084 copiosius
1660 2044 1725 2071 as-

156 2107 394 2154 sequantur.

211 2166 320 2205 Hinc
336 2166 401 2206 ius
417 2165 606 2217 exsurgit
621 2165 953 2212 internationale,
966 2164 1074 2217 quod
1088 2162 1361 2203 relationibus
1376 2160 1600 2213 respondet
1615 2159 1723 2200 inter

164 2236 331 2284 gentem
362 2243 488 2270 unam
518 2236 558 2270 et
587 2230 774 2277 alteram,
795 2237 835 2270 et
856 2230 974 2270 cuius
1004 2229 1208 2282 principia
1230 2229 1271 2267 in
1292 2228 1373 2266 hac
1396 2232 1605 2279 postrema
1624 2224 1726 2263 iuris

161 2299 366 2339 naturalis
394 2305 511 2351 parte
539 2298 719 2338 breviter
735 2297 1036 2350 explicabimus
1076 2299 1151 2349 (1).
1181 2297 1262 2336 Sed
1293 2300 1389 2334 ante
1418 2292 1730 2346 perspicuitatis

157 2363 295 2415 gratia
324 2361 411 2401 eius
441 2362 553 2401 notio
584 2361 817 2401 distinctius
846 2362 1022 2401 tradend
1060 2366 1161 2400 aest.

210 2429 302 2480 Age
332 2427 415 2466 iam
446 2428 495 2467 de
524 2427 611 2468 iure
640 2427 827 2480 gentium
859 2427 919 2467 sic
952 2426 1141 2466 nonnulli
1172 2426 1460 2465 disseruerunt
1502 2429 1545 2462 ut
1565 2423 1728 2476 opinari

161 2494 400 2534 viderentur
428 2494 527 2533 illud
556 2508 581 2533 a
610 2495 823 2534 voluntate
853 2495 1109 2546 populorum,
1140 2493 1265 2532 rebus
1299 2491 1586 2543 exigentibus,
1620 2490 1731 2530 deri-

167 2564 307 2599 vatum
339 2572 443 2599 esse.
476 2561 522 2599 In
552 2560 633 2599 hoc
662 2572 835 2599 numero
864 2572 948 2598 non
977 2558 1181 2598 immerito
1203 2558 1431 2597 collocatur
1457 2555 1638 2603 Grotius,
1660 2554 1731 2606 qui

200 2686 250 2726 (1)
274 2687 360 2719 Vox
381 2695 474 2727 qens
498 2688 559 2718 aut
573 2685 680 2717 natio
695 2685 935 2727 etymologice
950 2685 1115 2726 exprimit
1137 2684 1395 2717 multitudinem
1406 2683 1586 2716 hominum
1604 2681 1647 2713 ab
1661 2689 1732 2712 uno

157 2737 278 2779 stipite
302 2738 535 2779 generatione
558 2739 760 2770 derivatam.
787 2737 846 2770 Sic
869 2737 1023 2770 Hebraei
1040 2738 1203 2770 dicuntur
1227 2736 1444 2769 constituere
1470 2737 1611 2776 gentem
1628 2742 1733 2765 unam

158 2792 220 2821 aut
243 2790 421 2822 nationem
445 2800 560 2827 unam,
583 2789 666 2822 licet
688 2799 754 2831 per
776 2792 893 2822 totum
917 2790 1040 2822 orbem
1057 2790 1220 2832 dispersi.
1238 2791 1311 2823 Sed
1327 2789 1486 2822 iur‘idicc
1512 2790 1598 2829 (quo
1624 2796 1733 2819 sensu

158 2840 214 2872 hic
238 2850 316 2872 eam
339 2842 528 2882 sumimus)
554 2841 742 2874 adhibetur
764 2842 810 2873 ad
823 2841 1092 2883 significandum
1105 2843 1288 2884 populum,
1302 2842 1359 2883 qui
1373 2841 1508 2874 civilem
1522 2839 1732 2873 societatem

160 2896 334 2934 efformet,
357 2896 402 2928 ad
425 2895 501 2929 aliis
525 2897 827 2938 independentem.
