1970 3203
245 209 322 248 352
377 221 445 247 IUS
466 221 668 248 NATURAE
689 231 711 238 -
731 222 838 248 PARS
859 222 910 248 111.
932 222 996 250 IUS
1016 222 1387 250 INTERNATIONALE
1409 223 1485 250 SEU
1506 224 1696 252 GENTIUM

296 298 357 336 25.
390 297 670 339 Conditiones
698 298 800 338 iusti
827 298 940 338 belli.
972 296 1179 344 Quoniam
1210 298 1362 337 bellum
1392 313 1486 341 esse
1507 304 1644 352 potest
1663 300 1817 340 iustum

243 361 311 399 vel
342 359 553 407 iniustum,
583 361 769 400 maxima
799 360 1014 413 diligentia
1034 362 1266 401 curandum
1289 367 1353 402 est
1372 369 1414 404 ut
1434 364 1485 404 iis
1507 363 1816 404 conditionibus

242 431 421 472 ornetur,
453 438 559 477 quae
589 426 641 464 ad
671 426 761 465 eius
791 426 957 477 plenam
987 426 1188 466 iustitiam
1219 430 1492 479 requiruntur;
1525 441 1630 481 quas
1651 428 1816 481 quidem

239 488 385 538 paucis
416 491 768 530 commemorabo.
1830 496 1835 501 '

292 552 436 592 Prima
464 553 589 605 igitur
619 554 802 594 conditio
836 562 910 604 est,
943 561 986 595 ut
1017 568 1150 595 causa
1186 555 1298 595 iusta
1328 555 1393 595 sit.
1425 545 1544 602 Quod
1574 571 1657 598 non
1691 559 1814 598 modo

238 616 553 669 intelligendum
584 626 660 668 est,
691 626 896 672 quatenus
925 620 992 659 ius
1021 633 1095 671 pro
1128 632 1178 658 ea
1208 624 1324 671 parte
1354 619 1513 668 militet,
1535 635 1641 674 quae
1665 622 1818 661 bellum

237 691 377 723 movet
407 684 464 737 (id
495 686 604 725 enim
635 699 707 738 per
732 699 778 725 se
800 688 944 738 patet),
969 687 1044 726 sed
1066 687 1193 727 etiam
1216 692 1422 739 quatenus
1440 687 1639 728 iustitiam
1662 690 1820 730 habeat

238 749 457 789 relativam
488 757 682 803 respectu
711 751 783 800 rei,
814 758 987 804 propter
1020 765 1144 804 quam
1182 759 1341 792 tantum
1371 753 1550 792 medium
1580 756 1819 795 assumitur.

239 814 319 854 Tot
349 814 457 853 enim
489 816 600 854 mala
629 821 669 855 et
698 816 961 857 calamitates
992 830 1139 856 secum
1169 817 1247 858 sert
1276 817 1451 867 bellum,
1484 825 1527 859 ut
1557 819 1704 859 merito
1735 822 1815 860 fia-

237 879 391 930 gellum
422 879 639 919 nationum
669 880 917 921 nominetur.
949 881 1059 920 Hinc
1090 895 1173 921 non
1205 883 1377 936 quaevis
1399 896 1530 923 causa
1551 883 1692 922 tuendi
1713 883 1814 925 iuris

238 945 392 985 sufficit
421 947 473 986 ad
504 946 844 998 belligerandum,
870 949 943 988 sed
963 949 1069 988 ratio
1093 949 1214 989 debet
1234 963 1330 991 esse
1346 951 1600 1003 gravissima
1619 947 1813 1004 respectu

238 1010 334 1049 boni
365 1011 613 1060 communis,
634 1025 740 1064 quae
762 1025 969 1053 excusare
986 1013 1118 1065 possit
1140 1019 1197 1054 tot
1218 1014 1370 1054 caedes
1392 1021 1431 1055 et
1451 1028 1687 1062 aerumnas,
1713 1023 1815 1068 quot

236 1076 387 1115 bellum
417 1077 506 1117 sive
535 1090 611 1128 per
640 1091 686 1117 se
716 1078 804 1119 sive
834 1078 1011 1118 militum
1041 1079 1212 1119 licentia
1240 1080 1428 1131 parturit.
1453 1082 1559 1120 Tum
1582 1081 1707 1120 etiam
1729 1095 1818 1121 non

238 1142 363 1182 dubia
392 1150 462 1182 aut
490 1145 693 1196 probabili
725 1152 887 1185 tantum
907 1145 1076 1194 iustitia,
1102 1146 1176 1186 sed
1197 1152 1312 1185 certa
1333 1146 1406 1186 niti
1428 1147 1560 1196 debet;
1584 1160 1708 1187 secus
1730 1161 1815 1188 non

234 1208 427 1260 gigneret
455 1209 519 1249 ius
550 1216 722 1259 certum,
752 1223 829 1250 nec
860 1209 1101 1251 facultatem
1132 1211 1290 1252 faceret
1310 1211 1513 1251 inferendi
1535 1218 1658 1264 atque
1679 1213 1811 1252 susti-

234 1274 358 1313 nendi
388 1276 500 1314 mala
529 1282 656 1325 certa,
687 1289 793 1328 quae
820 1275 974 1315 bellum
996 1277 1271 1325 comitantur;
1302 1289 1474 1328 quorum
1503 1277 1688 1316 omnium
1713 1290 1814 1317 reus

235 1338 413 1378 efficitur
441 1339 488 1388 is,
519 1340 586 1392 qui
617 1341 767 1379 bellum
791 1346 944 1387 movet,
966 1339 1047 1379 nisi
1068 1340 1278 1391 gravitate
1300 1345 1339 1379 et
1369 1339 1616 1379 certitudine
1638 1353 1807 1389 causae,

233 1404 360 1444 immo
377 1405 501 1444 etiam
519 1406 785 1453 necessitate,
803 1419 927 1457 quam
945 1404 1156 1444 declinare
1174 1404 1342 1444 omnino
1360 1410 1549 1457 nequeat,
1573 1411 1813 1446 excusetur.

235 1469 344 1510 Hinc
376 1483 448 1522 per
478 1484 522 1510 se
551 1471 724 1524 quisque
753 1471 946 1524 intelligit
973 1470 1095 1518 bella,
1126 1483 1233 1522 quae
1262 1470 1461 1510 dilatandi
1489 1470 1652 1523 imperii
1673 1471 1813 1523 gratia

232 1536 518 1588 suscipiuntur
534 1538 586 1576 ad
602 1543 751 1590 gentes
767 1537 973 1577 innocuas
991 1537 1259 1589 subigendas,
1276 1549 1392 1576 mera
1408 1549 1503 1576 esse
1520 1537 1754 1587 latrocinia,
1773 1543 1814 1578 et

233 1607 277 1640 ut
291 1602 424 1654 inquit
441 1603 605 1643 Seneca
617 1603 860 1655 gloriosam
882 1604 1039 1650 scelas;
1062 1615 1141 1642 nec
1163 1602 1244 1642 nisi
1265 1615 1443 1654 magnos
1465 1603 1701 1654 praedones
1720 1603 1814 1643 exi-

234 1667 466 1707 stimandos
488 1681 583 1708 esse
604 1681 690 1716 eos,
709 1667 776 1720 qui
798 1668 859 1707 sic
877 1667 1006 1720 partis
1024 1666 1211 1707 victoriis
1228 1665 1526 1705 inclarescunt.
1544 1666 1657 1705 Idem
1681 1665 1745 1706 dic
1765 1666 1814 1706 de

233 1732 410 1772 utilitate
440 1733 587 1785 quavis
617 1732 899 1784 procuranda,
922 1745 1027 1784 quae
1061 1731 1156 1771 belli
1185 1730 1386 1770 iustitiam
1415 1743 1498 1769 non
1531 1730 1758 1770 constituit.

287 1800 433 1839 Altera
462 1799 643 1839 conditio
672 1807 746 1848 est,
764 1808 807 1840 ut
828 1800 980 1840 bellum
998 1799 1051 1840 sit
1070 1813 1164 1838 vere
1195 1799 1497 1848 necessarium,
1518 1798 1578 1839 ita
1594 1804 1639 1838 ut
1668 1798 1810 1838 omnia

230 1863 345 1916 prius
374 1870 533 1904 tentata
561 1864 644 1903 sint
672 1865 725 1903 ad
754 1863 931 1915 litigium
961 1863 1138 1916 pacifice
1160 1862 1408 1911 finiendum,
1431 1874 1510 1901 nec
1531 1862 1616 1901 ulla
1637 1862 1720 1902 alia
1740 1875 1814 1901 su-

230 1928 358 1980 persit
393 1928 462 1967 via
490 1927 591 1967 iuris
621 1927 761 1968 tuendi
793 1933 864 1967 aut
893 1927 1119 1979 repetendi.
1159 1928 1264 1967 Nam
1293 1960 1303 1976 ,
1333 1927 1399 1966 ius
1430 1926 1610 1966 bellandi
1641 1927 1811 1966 tandem

230 1995 451 2045 aliquando
481 1995 534 2035 ad
563 1995 627 2034 ius
658 1994 871 2035 reducitur
903 1993 1172 2046 propulsandi
1204 1994 1287 2032 vim
1317 1993 1369 2032 vi.
1402 1993 1458 2033 Ut
1488 1992 1597 2033 enim
1617 1992 1814 2033 homines

231 2061 453 2110 individui,
484 2062 545 2101 sic
577 2061 701 2101 etiam
732 2061 926 2101 nationes
963 2060 1028 2099 ius
1058 2060 1217 2100 habent
1245 2058 1473 2112 repellendi
1503 2059 1700 2098 iniustam
1731 2072 1811 2111 ag-

230 2128 467 2180 gresionem
499 2141 630 2181 usque
660 2129 714 2167 ad
744 2127 1013 2180 aggressoris
1043 2139 1189 2166 necem
1213 2159 1221 2174 ‚
1252 2126 1287 2166 si
1316 2125 1357 2165 id
1387 2139 1564 2166 necesse
1593 2125 1728 2165 fuerit.
1763 2126 1813 2164 In

229 2194 310 2233 hoc
342 2200 481 2233 tamen
510 2193 743 2233 servandas
772 2205 865 2232 esse
898 2191 1083 2231 diximus
1112 2192 1246 2243 legeS‚
1277 2204 1383 2242 quae
1412 2190 1566 2229 iustam
1598 2189 1812 2230 defensio-

231 2273 326 2299 nem
357 2260 640 2299 moderantur.
664 2260 757 2298 Hae
787 2260 904 2311 leges
926 2258 978 2297 ad
998 2257 1193 2297 nationes
1224 2256 1348 2297 etiam
1379 2255 1600 2295 transferri
1629 2255 1810 2305 debent;

231 2337 365 2376 neque
396 2337 469 2376 pro
499 2324 606 2363 bello
639 2322 852 2363 defensivo
884 2328 1042 2362 tantum
1066 2322 1218 2369 valent,
1241 2320 1315 2360 sed
1346 2320 1472 2360 etiam
1494 2333 1567 2373 pro
1592 2319 1809 2359 offensivo.

233 2389 310 2436 Qui
341 2389 449 2429 enim
481 2388 633 2428 bellum
665 2388 798 2437 infert,
817 2389 853 2427 is
870 2387 1003 2427 adius
1020 2400 1140 2426 suum
1171 2386 1442 2438 repetendum
1474 2384 1660 2437 procedit
1675 2398 1813 2424 arma-

230 2462 323 2505 tus;
345 2470 422 2496 nec
444 2469 564 2495 arma
579 2455 759 2503 adhibet,
782 2454 861 2494 nisi
878 2455 919 2494 in
937 2467 1022 2502 eos,
1040 2453 1108 2505 qui
1130 2452 1258 2492 armis
1279 2452 1485 2492 obsistunt
1505 2452 1725 2505 quominus
1745 2451 1812 2490 ius

230 2535 351 2561 suum
367 2528 661 2574 consequatur.
681 2521 820 2567 Quare
841 2520 966 2560 etiam
984 2526 1068 2558 tum
1091 2519 1157 2558 ius
1175 2518 1287 2557 valet
1305 2517 1517 2570 legitimae
1539 2515 1805 2556 defensionis.

284 2586 427 2626 Tertia
457 2586 638 2626 conditio
669 2591 744 2633 est,
774 2592 817 2625 ut
847 2584 997 2624 bellum
1031 2583 1293 2623 auctoritate
1315 2581 1493 2635 publica
1511 2583 1726 2633 yeratur;
1757 2580 1816 2618 ni-

229 2651 378 2691 mirum
406 2650 524 2691 iussu
554 2663 774 2704 supremae
804 2648 1042 2702 potestatis.
1080 2646 1243 2686 Etenim
1275 2652 1339 2686 est
1368 2651 1488 2686 actus
1526 2642 1696 2683 socialis
1718 2675 1727 2691 ,
1759 2656 1810 2684 ac

229 2719 401 2772 proinde
430 2718 482 2758 ab
513 2731 561 2757 eo
592 2718 819 2770 procedere
851 2715 985 2763 debet,
1015 2713 1083 2766 qui
1113 2712 1326 2753 societatis
1357 2717 1420 2752 est
1449 2715 1609 2757 motor,
1641 2709 1812 2762 eiusque

231 2785 355 2825 saluti
387 2791 427 2825 et
454 2785 609 2824 tutelae
639 2783 853 2836 advigilat.
885 2782 1052 2821 Iussum
1074 2786 1215 2820 tamen
1239 2779 1321 2820 hoc
1352 2776 1574 2831 aliquando
1597 2775 1812 2828 praesumi

237 2857 385 2904 potest,
417 2864 511 2891 cum
543 2849 746 2898 videlicet,
778 2849 829 2889 ob
859 2847 1074 2900 inopinam
1106 2844 1426 2898 aggressionem
1456 2848 1619 2896 tempus
1640 2841 1808 2882 minime

231 2916 414 2969 suppetit
442 2914 729 2967 interrogandi
761 2925 1001 2965 supremam
1033 2909 1335 2950 auctoritatem.
