1970 3203
238 187 317 226 258
613 198 678 224 ms
707 196 910 223 NATURAE
929 207 948 212 -
966 196 1073 223 PARS
1102 196 1140 224 11.
1170 197 1235 223 ius
1265 197 1437 224 sociALE

233 271 522 312 amandamus.
554 273 749 319 Tantum,
780 270 830 310 de
861 270 1080 323 potestatis
1101 271 1449 313 determinatione
1470 272 1606 325 quoad
1628 272 1806 325 particu-

235 341 321 378 lare
351 337 598 387 subiectum,
620 338 759 390 aliqua
779 337 970 390 utrinque
991 337 1226 377 differentia
1248 345 1321 387 est3
1344 352 1450 391 quae
1473 339 1507 379 si
1540 352 1622 379 non
1645 340 1812 392 penitus

230 403 364 450 demi,
396 403 543 442 saltem
575 402 628 441 ad
658 401 854 441 minimos
885 401 1084 441 terminos
1124 401 1267 441 reduci
1311 408 1457 454 potest.
1500 404 1606 443 Nam
1637 416 1692 442 ex
1721 416 1807 443 una

228 474 347 520 parte
376 480 455 507 nos
486 467 675 514 fatemur,
705 465 930 519 aliquando
962 466 1208 518 contingere
1238 479 1363 519 posse
1392 473 1436 507 ut
1464 468 1698 509 subiectum
1730 482 1817 508 au-

227 534 433 574 ctoritatis
449 532 749 573 determinetur
766 545 819 573 ex
835 533 965 572 libero
979 545 1204 581 consensu;
1218 546 1311 572 curn
1326 533 1519 574 videlicet
1539 548 1645 574 casu
1661 536 1803 587 aliquo

232 598 414 638 familiae
444 599 510 637 vel
539 597 733 638 homines
762 597 963 637 individui
991 597 1098 637 inter
1127 610 1174 637 se
1205 597 1375 636 omnino
1410 597 1739 649 independentes
1770 606 1809 639 et

232 669 360 703 antea
394 663 506 701 nullo
538 661 749 701 communi
779 662 947 701 vinculo
978 661 1079 701 iuris
1110 661 1299 701 adstricti
1320 662 1361 700 in
1385 662 1629 703 societatem
1661 668 1810 715 sponte

228 726 495 767 conveniunt.
533 727 595 766 Ex
626 727 710 766 alia
741 739 838 766 vero
869 731 985 778 parte
1017 726 1172 765 Suarez
1201 725 1322 765 nobis
1353 726 1546 765 concedit
1584 726 1811 779 aliquando

229 793 463 833 subiectum
499 793 580 833 hoc
611 792 879 832 determinari
909 806 960 832 ex
992 792 1078 833 iure
1108 792 1246 845 aliquo
1276 793 1573 844 praevalente3
1604 793 1811 846 siquidem

235 860 431 913 agnoscit
447 861 609 900 iustam
632 860 818 907 titulum,
839 872 919 911 quo
941 859 1123 899 societas
1145 859 1394 911 quandoque
1414 872 1498 898 non
1519 859 1648 899 libera
1670 861 1816 899 volun—

228 933 313 976 tate
343 927 417 966 sed
447 940 500 966 ex
531 925 671 965 officio
703 929 901 965 teneatur
921 939 1085 978 parere
1115 928 1154 964 et
1184 926 1424 965 consentire
1452 926 1715 966 subiectione:
1751 927 1817 965 Ad

229 994 327 1046 quid
356 993 482 1045 igitur
513 992 721 1032 dissensio
751 998 898 1032 nostra
917 991 1164 1032 reducitur?
1187 992 1250 1032 Ad
1271 993 1353 1032 hoc
1375 992 1605 1042 dumtaxat,
1627 993 1736 1047 quod
1759 1006 1810 1033 ex

229 1058 390 1097 duobus
413 1057 630 1109 capitibus,
652 1056 801 1108 quibus
823 1056 1090 1096 determinari
1112 1056 1345 1097 subiectum
1377 1056 1642 1097 auctoritatis
1660 1063 1810 1110 potest,

230 1121 425 1160 nimirum
451 1121 544 1159 iure
557 1122 839 1174 praevalente
860 1124 900 1160 et
919 1121 1050 1160 libero
1073 1134 1293 1168 consensu,
1317 1134 1395 1161 nos
1418 1128 1610 1173 putemus
1632 1121 1809 1173 primum

229 1200 317 1226 esse
343 1200 422 1238 per
450 1199 505 1235 se,
536 1186 767 1225 secundum
794 1200 874 1238 per
904 1186 1123 1234 accidens,
1157 1187 1312 1226 Suarez
1348 1186 1568 1226 viceversa
1598 1186 1814 1225 existimat

228 1253 461 1292 secundum
491 1253 736 1306 contingere
767 1252 950 1292 naturali
971 1266 1109 1300 cursu,
1133 1252 1311 1304 primum
1334 1252 1374 1292 vi
1395 1253 1810 1292 circumstantiarum

230 1316 514 1369 quarumdam.

285 1384 403 1430 Quae
435 1383 573 1435 opinio
603 1383 933 1435 praeclarissimi
964 1383 1041 1422 viri
1071 1383 1166 1422 inde
1204 1384 1438 1436 processit,
1482 1384 1592 1436 quod
1632 1384 1811 1437 gradum

230 1448 376 1488 fecerit
405 1461 459 1487 ex
489 1447 641 1487 ordine
670 1448 884 1487 abstracto
916 1449 968 1487 ad
997 1452 1269 1497 concretam
1314 1449 1428 1488 nulla
1462 1448 1608 1489 habita
1652 1449 1816 1490 ratione

229 1517 448 1567 sactorum,
471 1530 578 1570 quae
599 1517 652 1555 ad
669 1517 734 1557 ius
755 1515 1111 1557 determinandum
1133 1516 1409 1556 intercedunt.
1431 1517 1539 1556 Nam
1563 1529 1616 1555 ex
1637 1530 1686 1556 eo
1705 1517 1815 1569 quod

227 1583 412 1623 societas
443 1581 483 1621 in
515 1595 591 1621 sua
620 1581 744 1621 ideali
775 1581 944 1621 notione
981 1581 1078 1620 dicit
1110 1580 1412 1620 multitudinem
1444 1585 1483 1619 et
1520 1580 1814 1621 auctoritatem

234 1656 447 1701 tamquam
477 1647 542 1687 ius
572 1647 613 1686 in
645 1660 697 1686 ea
725 1647 1046 1687 indeterminate
1063 1646 1287 1694 exsistens,
1308 1646 1399 1685 sine
1420 1646 1505 1685 ulla
1526 1646 1816 1698 designatione

227 1712 415 1761 subiecti,
447 1711 607 1764 putavit
638 1711 746 1750 idem
777 1711 983 1757 accidere,
1015 1724 1109 1750 cum
1140 1715 1370 1762 conceptus
1400 1710 1467 1749 ille
1497 1710 1731 1750 realitatem
1752 1711 1809 1750 in-

230 1778 318 1816 duit
345 1777 388 1815 in
418 1784 630 1815 concreto.
662 1775 782 1821 Quod
811 1787 895 1814 non
927 1780 991 1814 est
1019 1774 1089 1814 ita.
1121 1774 1229 1813 Nam
1259 1773 1391 1813 civilis
1422 1773 1631 1822 societas,
1663 1782 1707 1814 ut
1739 1775 1804 1814 di-

230 1841 390 1889 ximus,
423 1853 508 1879 non
538 1839 737 1879 continuo
768 1853 822 1879 ex
851 1838 1024 1891 regione
1068 1838 1192 1877 ideali
1224 1838 1438 1878 descendit
1465 1838 1510 1877 in
1540 1845 1702 1888 terras;
1732 1841 1807 1880 secl

230 1907 434 1960 paulatim
457 1906 689 1946 succrescit
708 1918 910 1957 processu
932 1911 1110 1944 naturae
1141 1917 1193 1944 ex
1220 1904 1487 1956 praecedenti
1518 1905 1733 1955 societate,
1765 1907 1808 1946 in

230 1988 312 2027 qua
333 1987 499 2026 semper
519 1973 639 2013 adest
657 1973 722 2012 ius
752 1973 971 2013 ordinandi
1003 1973 1305 2013 multitudinem
1324 2007 1332 2023 ‚
1365 1974 1405 2012 in
1434 1975 1640 2026 peculiari
1670 1976 1813 2029 aliquo

238 2038 427 2078 subiecto
456 2038 658 2077 residens.
690 2038 742 2077 Et
772 2051 876 2077 sane
897 2038 1115 2078 sumamus
1136 2038 1387 2090 exemplum,
1411 2039 1520 2091 quod
1543 2040 1700 2080 Suarez
1720 2041 1809 2092 ipse

226 2103 380 2156 profert
398 2103 451 2142 ad
468 2116 554 2142 rem
572 2102 879 2154 explicandam.
902 2102 972 2142 Ait
993 2102 1116 2142 enim:
1142 2118 1162 2140 ι(
1186 2101 1266 2142 Hic
1284 2108 1422 2142 autem
1445 2116 1657 2143 consensu
1679 2104 1809 2145 variis

224 2169 546 2221 medisintelligi
558 2176 705 2221 potest.
719 2170 840 2209 Unus
857 2174 932 2217 est,
945 2175 987 2208 ut
1005 2168 1203 2220 paulatim
1221 2175 1260 2209 et
1278 2169 1396 2221 quasi
1414 2170 1659 2209 successive
1681 2170 1812 2219 detur,

224 2242 346 2288 prout
367 2236 609 2276 successive
627 2237 804 2288 populus
814 2241 1004 2288 augetur:
1018 2241 1060 2275 ut
1077 2248 1142 2275 ex.
1156 2249 1216 2287 gr.
1233 2234 1275 2274 in
1287 2235 1445 2274 familia
1459 2236 1576 2275 Adae
1593 2237 1657 2276 vel
1676 2237 1804 2276 Abra-

223 2301 317 2350 hae,
329 2306 400 2340 aut
416 2300 499 2340 alio
516 2300 651 2340 simili.
666 2301 713 2339 In
729 2300 932 2352 principio
951 2299 1222 2340 obediebatur
1237 2299 1399 2339 Adamo
1418 2305 1629 2353 tamquam
1643 2301 1810 2352 parenti

222 2379 297 2405 seu
314 2365 613 2418 patrifamilias,
632 2371 670 2405 et
689 2371 835 2418 postea
851 2370 1069 2405 crescente
1086 2365 1236 2416 populo
1254 2365 1387 2416 potuit
1403 2365 1605 2406 subiectio
1620 2366 1693 2406 illa
1711 2379 1806 2406 con-

221 2432 373 2471 tinuari
389 2438 428 2472 et
445 2444 680 2472 consensus
696 2431 865 2471 extendi
881 2431 933 2470 ad
952 2430 1228 2470 obediendum
1245 2430 1301 2469 illi
1319 2431 1442 2470 etiam
1461 2437 1505 2470 ut
1521 2432 1624 2483 regi,
1642 2432 1807 2484 quando

221 2499 502 2539 communitas
524 2499 591 2537 illa
612 2498 750 2550 coepit
770 2511 864 2537 esse
887 2496 1084 2550 perfecta.
1107 2497 1158 2535 Et
1179 2496 1364 2538 sortasse
1385 2498 1516 2537 multa
1532 2510 1667 2549 regna
1689 2501 1746 2548 (et
1764 2498 1807 2536 in

220 2566 461 2618 particulari
480 2566 657 2617 primum
678 2578 854 2617 regnum
872 2577 1072 2604 romanae
1089 2563 1290 2615 civitatis)
1310 2563 1634 2616 itainceperunt.
1653 2564 1704 2602 Et
1720 2564 1802 2604 hoc

222 2629 346 2669 modo
377 2630 494 2681 regia
525 2635 712 2682 potestas
743 2635 781 2669 et
807 2628 1086 2669 communitas
1116 2627 1302 2680 perfecta
1332 2629 1457 2668 simul
1485 2627 1672 2681 incipere
1704 2642 1809 2681 pos-

223 2700 322 2733 sunt
341 2693 418 2744 (1)-
435 2707 453 2730 »
481 2694 568 2747 Iam
600 2707 700 2733 vero
723 2694 814 2746 quis
836 2694 954 2741 dicet,
977 2693 1270 2732 auctoritatem
1300 2692 1498 2732 Abrahae
1529 2706 1596 2732 ex.
1618 2706 1678 2744 gr.
1702 2707 1810 2746 quae

223 2758 306 2797 iam
324 2771 378 2798 ex
399 2758 627 2798 domestica
648 2771 732 2797 non
754 2759 876 2797 modo
899 2756 1194 2809 patriarchalis
1216 2757 1289 2796 sed
1311 2756 1395 2796 sere
1416 2755 1586 2808 politica
1608 2764 1805 2797 evaserat

223 2826 338 2876 (nam
370 2822 542 2863 feriebat
572 2823 741 2864 foedera
771 2838 865 2864 cum
898 2823 1068 2875 regibus
1098 2830 1139 2863 et
1170 2835 1298 2873 parvo
1330 2821 1520 2861 exercitu
1557 2828 1804 2875 comparato

219 2932 248 2968 1)
280 2930 459 2971 Desisti-s.
502 2930 615 2962 Fidei
640 2931 659 2961 l.
686 2932 714 2967 3,
740 2941 767 2962 c.
792 2931 821 2967 2,
846 2932 863 2968 ,ξ
893 2932 927 2961 19
