1970 3203
623 225 760 253 CAPUT
790 227 827 253 11.
862 227 914 254 DE
945 228 1172 256 socfflTATF.
1201 230 1320 257 ριν-ιιι
1682 222 1758 261 291

183 300 293 353 quocl
315 312 397 339 una
419 312 518 351 pars
547 299 701 340 astutia
720 305 791 339 aut
812 301 851 340 vi
871 302 976 341 alias
997 302 1175 354 subigat,
1207 312 1258 352 et,
1280 304 1333 343 ad
1353 305 1508 345 factum
1530 307 1638 358 quod
1659 321 1761 360 per-

190 367 302 414 tinet,
323 366 415 405 sola
438 365 480 404 in
501 372 664 406 ceteras
685 366 930 407 dominetur.
960 368 1026 407 Ad
1046 381 1132 407 rem
1156 370 1426 422 Romagnosi:
1460 386 1479 409 s<
1505 372 1567 411 La
1589 380 1754 424 pretesa

193 431 374 471 bilancia
395 431 593 483 de'poteri
609 433 898 482 contrastanti‚
915 446 996 472 non
1014 435 1253 474 sottomessi
1270 436 1322 474 ad
1342 450 1396 475 un
1413 443 1553 488 potere
1571 440 1754 479 centrale

181 497 260 536 che
291 497 318 536 li
339 497 582 548 predomini‚
613 503 635 536 e
655 510 711 535 un
742 505 1015 539 controsenso
1046 499 1124 538 che
1152 507 1346 541 sovverte
1376 503 1473 554 ogni
1494 503 1587 543 idea
1618 504 1656 543 di
1675 518 1752 556 po-

181 561 295 601 litico
324 574 526 613 governo.
552 561 714 607 ,Questa
743 562 924 602 bilancia
953 562 1145 602 risolvesi
1177 563 1217 602 in
1246 577 1328 604 uno
1350 566 1506 606 scisma
1536 574 1750 620 perpetuo;

184 625 263 664 che
293 625 423 664 dovra
452 625 571 664 finire
602 625 692 664 coll'
710 626 980 678 oppressione
1011 625 1119 664 della
1147 632 1261 677 parte
1297 641 1419 667 meno
1449 630 1575 668 unita.
1608 632 1661 670 Se
1692 645 1747 670 un

181 703 366 743 governo
398 691 500 729 deve
529 703 668 730 essere
698 691 1038 731 essenzialmente
1059 691 1262 743 pubblicO,
1294 700 1409 733 tanto
1439 696 1550 734 nella
1566 708 1643 735 sua
1664 697 1750 736 ori-

180 754 290 806 gine,
321 761 475 806 quanto
504 755 611 794 nelle
632 768 705 794 sue
735 754 926 802 funzioni3
959 755 1039 807 egli
1069 761 1090 794 e
1112 755 1289 795 assurdo
1318 756 1546 797 introdurvi
1578 772 1632 798 un
1656 773 1750 799 ma-

182 818 424 866 nz'clzez'smo,
457 818 534 858 che
566 818 690 869 toglie
720 818 742 857 l'
761 818 877 857 unita
907 818 971 857 dei
1002 818 1129 858 voleri
1160 832 1181 858 e
1212 819 1277 858 dei
1307 821 1448 872 poteri.
1481 822 1533 860 Se
1564 823 1604 860 la
1633 822 1747 864 sorza

182 883 246 922 del
275 896 462 934 governo
494 884 597 924 deve
627 897 767 924 essere
799 885 1036 936 prevalente
1066 884 1115 924 ed
1137 885 1294 933 attiva‚
1325 886 1406 938 egli
1437 893 1458 927 e
1479 889 1655 927 assurdo
1688 889 1751 929 di-

181 949 338 988 viderla
368 963 439 1001 per
470 949 574 989 farla
603 950 760 990 servire
790 964 815 989 a
845 950 1022 998 fazioni,
1054 951 1290 991 ostilmente
1330 960 1576 1005 accampate
1607 956 1643 994 le
1672 965 1752 1006 une

178 1025 326 1058 contro
355 1018 392 1058 le
415 1020 532 1058 altre.
565 1020 617 1058 Se
638 1024 786 1071 questa
806 1019 920 1059 forza
950 1020 1074 1058 unica
1105 1020 1316 1060 dev'esser
1334 1034 1474 1061 mossa
1504 1024 1556 1061 da
1578 1036 1661 1062 una
1682 1035 1750 1062 vo-

180 1081 293 1121 lonta
320 1080 524 1134 pubblica,
556 1082 637 1134 egli
667 1089 688 1122 e
709 1083 885 1122 assurdo
910 1083 972 1121 far
993 1083 1242 1123 intervenire
1274 1085 1450 1124 un'altra
1473 1086 1642 1125 volonta
1673 1086 1750 1125 che

178 1147 219 1186 la
248 1160 376 1198 possa
395 1148 676 1188 imbarazzare
706 1162 730 1188 o
753 1148 814 1187 sar
843 1149 1037 1188 tran-iare.
1067 1164 1085 1186 >)
1119 1149 1240 1189 Unde
1271 1151 1492 1190 concludit:
1526 1166 1544 1189 «
1567 1152 1632 1190 La
1656 1165 1752 1204 pre-

180 1215 354 1254 valenza
385 1215 566 1268 effettiva
596 1215 663 1254 del
695 1228 855 1254 sommo
889 1215 1048 1267 impero
1078 1216 1233 1266 somna
1266 1217 1297 1255 il
1325 1218 1480 1268 dogyma
1517 1218 1748 1269 primario,

166 1280 507 1331 fondamenmle,
540 1280 870 1332 indispensabile
900 1281 944 1320 dt·
974 1282 1222 1333 qzcczlzcnqzce
1253 1282 1375 1321 civile
1403 1296 1592 1334 governo
1622 1284 1693 1335 (1).
1726 1298 1744 1320 ))

685 1411 924 1451 Solvuntur*
952 1411 1239 1463 difficultates.

231 1540 320 1581 100.
355 1539 483 1579 Obiic.
520 1541 550 1578 I.
582 1539 669 1579 Nisi
702 1539 901 1579 radicitus
931 1546 970 1579 et
999 1541 1117 1592 plene
1162 1546 1301 1592 partes
1331 1542 1594 1581 auctoritatis
1624 1555 1752 1595 sepa-

176 1609 331 1651 rentum
361 1616 526 1654 semper
548 1603 774 1654 periculum
804 1604 1005 1648 imminet,
1035 1616 1086 1642 ne
1108 1617 1347 1655 supremum
1376 1604 1591 1655 imperium
1621 1605 1662 1644 in
1686 1606 1751 1645 de-

177 1666 425 1718 spotismum
448 1671 727 1706 convertatur.
759 1667 810 1705 Et
829 1679 975 1706 revera
1004 1667 1044 1704 in
1066 1666 1189 1706 rebus
1220 1667 1404 1718 physicis
1434 1680 1485 1706 ex
1502 1667 1658 1708 viribus
1679 1681 1745 1720 op-

177 1731 322 1784 positis
353 1744 587 1771 consensus
612 1731 824 1770 enascitur
851 1738 890 1771 et
920 1731 1218 1783 aequilibrium.

230 1797 279 1835 R.
312 1796 429 1835 Haec
460 1795 637 1835 obiectio
667 1795 881 1847 multiplici
912 1808 965 1834 ex
995 1802 1110 1846 parte
1141 1802 1271 1835 nutat.
1305 1796 1411 1834 Nam
1441 1796 1481 1834 in
1503 1796 1645 1847 primis
1674 1797 1745 1835 im-

177 1860 378 1912 possibile
409 1860 593 1912 quaerit,
623 1873 771 1912 nempe
802 1860 1082 1899 omnimodam
1113 1860 1401 1900 certitudinem
1439 1861 1575 1912 quoad
1606 1874 1747 1900 remo-

176 1927 338 1966 vendos
359 1926 527 1965 abusus.
558 1925 717 1964 Deinde
745 1926 914 1978 ignorat.
934 1938 1057 1965 veras
1079 1925 1310 1973 cautiones,
1342 1938 1447 1977 quae
1477 1926 1529 1965 ad
1552 1927 1746 1966 tuendam

176 1993 407 2032 libertatem
440 1991 592 2030 civium
609 1990 754 2030 haberi
776 1997 960 2042 possunt.
981 1992 1210 2037 Postremo,
1228 1990 1408 2029 medium
1425 1991 1623 2043 suggerit,
1638 1992 1748 2044 quod

178 2057 337 2096 abusus
368 2055 685 2108 possibilitatem
715 2068 798 2094 non
835 2055 971 2094 demit.
1003 2056 1051 2094 Et
1083 2069 1184 2094 sane
1214 2055 1410 2107 quamdiu
1439 2056 1632 2095 voluntas
1663 2057 1744 2095 hu-

177 2134 305 2160 mana
332 2120 522 2159 libertate
550 2118 696 2158 fruitur
727 2125 768 2158 et
783 2118 933 2157 flexilis
964 2126 1026 2158 est
1055 2118 1096 2157 in
1118 2119 1284 2166 malum3
1315 2118 1568 2170 possibilitas
1589 2118 1747 2159 abusus

177 2187 219 2226 in
249 2186 505 2239 gubernante
535 2185 690 2225 destrui
719 2184 871 2236 nequit,
903 2189 1123 2236 utcumque
1155 2183 1384 2223 materialis
1414 2184 1612 2223 machina
1633 2185 1747 2237 regi-

178 2251 301 2290 minis
330 2250 632 2302 compingatur.
655 2250 702 2288 In
723 2249 847 2289 rebus
877 2262 990 2289 mere
1020 2248 1206 2301 physicis
1249 2248 1291 2287 in
1321 2254 1478 2288 tantum
1519 2262 1570 2288 ex
1601 2248 1747 2288 virium

176 2304 461 2369 oppositarum
491 2316 789 2367 temperatione
820 2315 1107 2368 aequilibrium
1129 2315 1317 2362 habetur,
1346 2314 1389 2353 in
1420 2321 1617 2367 quantum
1638 2315 1749 2355 vires

173 2383 272 2422 illae
304 2394 458 2420 coecae
480 2388 600 2429 sunt,
632 2387 671 2421 et
701 2394 753 2422 ex
782 2381 1035 2421 necessitate
1066 2388 1303 2433 operantur.
1346 2381 1391 2419 Id
1420 2387 1558 2420 autem
1588 2381 1641 2421 ad
1672 2395 1748 2421 vo-

175 2449 358 2488 luntates
380 2447 584 2486 humanas
614 2446 841 2486 transferre
866 2446 1092 2486 absurdum
1123 2453 1197 2485 est.
1230 2446 1376 2492 Quoad
1398 2447 1615 2486 cautiones
1647 2460 1746 2486 vero

176 2527 250 2565 pro
281 2513 469 2552 libertate
500 2511 678 2559 civium7
708 2512 789 2551 hae
817 2524 902 2551 non
931 2512 1096 2550 aliunde
1128 2511 1380 2563 suppeditari
1418 2518 1636 2563 poterunt,
1667 2513 1746 2552 nisi

175 2591 228 2617 ex
259 2578 479 2617 honestate
501 2575 804 2627 imperantium.
837 2576 879 2615 Si
901 2576 1010 2616 enim
1040 2576 1107 2628 qui
1129 2576 1340 2615 societatis
1365 2576 1651 2627 gubernaculo
1673 2590 1746 2616 as-

172 2641 321 2687 sident,
351 2640 447 2679 boni
468 2639 620 2691 publici
650 2645 746 2678 sunt
766 2646 976 2678 amatores
1006 2645 1045 2679 et
1066 2639 1299 2678 officiorum
1329 2645 1521 2688 tenaces,
1544 2640 1635 2679 iura
1656 2639 1746 2679 sin-

174 2707 366 2757 gulorum
397 2712 543 2746 sancte
573 2710 793 2757 protegent
813 2712 851 2744 et
871 2704 1105 2744 felicitatem
1131 2717 1394 2744 communem
1423 2707 1608 2758 impense
1631 2718 1746 2759 cura-

178 2772 293 2811 bunt:
338 2772 433 2811 licet
462 2772 587 2823 plena
616 2776 822 2823 potestate
852 2771 1091 2823 gaudeant,
1121 2770 1242 2810 nullis
1281 2771 1539 2811 mechanicis
1569 2771 1747 2810 vinculis

223 2909 273 2949 (1)
302 2909 623 2951 Giarisprudenza
647 2909 842 2947 teoreticcc,
870 2919 901 2951 p.
926 2909 950 2946 I,
978 2909 1032 2940 lib.
1057 2908 1131 2946 ΥΙΙ,
1156 2918 1182 2940 c.
1211 2909 1256 2940 11.
