1970 3203
613 193 751 220 CAPUT
778 192 815 219 11.
845 194 898 220 DE
928 193 1158 221 SOCIETATE
1188 194 1306 222 CIVILI
1667 185 1744 224 283

230 275 293 315 91.
321 275 395 315 Est
424 273 586 325 duplex:
616 273 752 313 civilis
781 278 823 314 et
843 273 1085 313 criminalis.
1109 274 1301 312 Potestas
1321 272 1550 323 iudiciaria,
1572 280 1616 314 ut
1635 275 1742 328 quis-

182 350 260 389 que
281 337 403 384 videt,
423 336 465 375 in
487 336 650 376 civilem
671 342 710 375 et
731 336 998 376 criminalem
1015 336 1272 387 dispescitur.
1294 337 1402 376 Nam
1424 337 1582 376 versari
1604 343 1738 390 potest

182 404 248 443 vel
277 401 318 441 in
348 401 506 441 iuribus
535 401 778 441 definiendis
809 414 913 454 quae
945 401 1080 440 collidi
1112 401 1215 442 forte
1244 401 1445 450 videntum
1470 403 1535 442 vel
1553 402 1595 441 in
1612 403 1743 442 crimi-

178 467 299 507 nibus
330 466 603 507 diiudicandis
641 472 680 506 et
709 467 982 506 conveniente
1013 480 1150 518 poena
1179 467 1415 507 multandis.
1457 468 1604 507 Tutela
1634 469 1744 508 enim

172 530 366 579 iustitiae,
398 544 503 583 quae
534 531 849 570 fundamentum
880 536 943 570 est
972 530 1206 577 societatis,
1228 531 1511 582 maximopere
1533 532 1587 570 ad
1607 538 1746 572 aucto-

175 597 339 636 ritatem
369 596 575 648 pertinet;
608 596 660 635 ἃᾶ
691 609 782 635 eam
814 602 949 635 autem
979 595 1213 635 habendam
1243 604 1460 647 utrumque
1490 595 1712 648 requiritur
1739 609 1747 635 :

174 675 322 714 nempe
352 668 394 702 ut
425 662 490 701 ius
512 675 654 701 verum
675 661 888 713 apparenti
912 668 952 700 et
972 660 1106 699 maius
1126 660 1275 699 minori
1296 661 1561 712 praevaleat;
1594 662 1743 702 deinde

174 733 218 767 ut
247 727 312 767 ius
341 727 393 766 ab
422 726 575 766 iniuria
604 726 845 766 defendatur
863 759 871 774 ,
901 726 1022 778 idque
1053 725 1197 765 sociali
1226 739 1303 778 ope
1332 734 1371 767 et
1401 730 1546 769 sociali
1577 728 1741 769 iudicio.

175 791 218 830 Si
248 791 424 843 primum
453 792 522 839 fit,
552 796 736 843 potestas
766 790 983 829 iudiciaria
1012 789 1185 837 civilem
1215 790 1249 829 si
1280 791 1470 840 alterum,
1501 792 1744 832 criminalis

175 856 362 896 habetur.
395 857 456 895 De
492 861 663 908 utraque
692 855 846 907 aliquid
877 854 1115 894 delibemus.

226 921 290 961 92.
319 922 376 960 De
396 920 548 960 iudicio
569 920 693 961 civili.
718 920 933 959 Maximae
950 920 1214 960 necessitatis
1231 921 1274 960 in
1295 921 1494 961 societate
1516 928 1577 962 est
1595 927 1638 961 ut
1653 923 1745 961 iura

175 985 326 1025 civium
349 991 463 1024 sarta
484 989 593 1023 tecta
612 991 844 1031 serventur,
861 991 982 1036 atque
1003 985 1054 1023 ab
1076 984 1250 1024 aliorum
1268 987 1575 1038 oppugnatione
1598 987 1744 1026 desen-

176 1050 335 1090 dantur.
368 1049 476 1089 Hinc
509 1049 729 1089 manifesto
760 1050 1027 1102 consequitur
1047 1082 1056 1098 ,
1087 1051 1305 1102 potestatis
1333 1052 1575 1093 iudiciariae
1609 1053 1743 1093 civilis

173 1115 416 1156 exercitium
437 1115 507 1155 tali
527 1115 811 1155 instruendum
833 1129 925 1155 esse
947 1116 1196 1168 organismo,
1216 1123 1259 1156 ut
1275 1118 1328 1157 ad
1344 1131 1436 1158 eam
1454 1119 1589 1159 facilis
1607 1120 1742 1159 aditus

173 1180 358 1232 patefiat,
388 1185 512 1231 utque
540 1178 736 1218 iudicium
766 1179 819 1218 ab
849 1179 941 1231 ipsa
972 1179 1278 1231 proferendum,
1311 1183 1447 1234 quoad
1475 1183 1564 1222 fieri
1592 1189 1741 1235 potest,

173 1245 225 1285 ab
248 1259 389 1286 errore
410 1245 463 1284 sit
485 1259 676 1293 vacuum,
695 1251 733 1285 et
754 1245 1001 1285 brevissimo
1023 1253 1206 1298 tempore
1227 1247 1474 1296 obtineatur,
1496 1263 1544 1289 ac
1567 1249 1737 1288 minimo

175 1310 298 1350 etiam
321 1311 471 1350 damno
492 1311 636 1363 partis,
658 1323 762 1362 quae
779 1311 1023 1350 succumbit.
1043 1312 1228 1358 Quarum
1251 1313 1533 1353 conditionum
1550 1314 1742 1354 necessi-

176 1380 239 1413 tas
268 1373 371 1413 adeo
402 1386 474 1426 per
504 1387 549 1413 se
579 1379 702 1425 patet,
743 1379 786 1412 ut
818 1374 956 1414 verbis
985 1375 1186 1414 declarari
1216 1389 1299 1415 non
1330 1384 1465 1428 egeat.
1498 1378 1598 1423 Quis
1628 1377 1738 1417 enim

175 1453 258 1479 non
288 1439 409 1488 videt,
440 1453 585 1491 parum
616 1439 722 1478 bono
754 1439 903 1478 civium
935 1441 1126 1492 prospici,
1149 1441 1184 1481 si
1205 1442 1309 1481 adeo
1331 1442 1644 1483 difficultatibus
1662 1443 1740 1484 ob—

176 1503 366 1542 volvatur
396 1503 612 1555 potestatis
640 1518 869 1552 accessus;
902 1514 943 1545 ut
974 1505 1100 1553 cives,
1131 1506 1374 1557 praesertim
1405 1507 1439 1546 si
1460 1508 1512 1546 ad
1552 1507 1736 1549 infimam

176 1567 355 1607 classem
386 1568 598 1608 societatis
620 1569 835 1620 pertinent,
859 1570 910 1609 ab
932 1583 982 1609 ea
1002 1569 1261 1622 imploranda
1282 1572 1600 1623 praepediantur
1618 1572 1633 1611 22
1654 1574 1739 1612 Aut

175 1632 271 1684 quid
301 1632 481 1684 proderit
509 1634 768 1674 auctoritatis
797 1635 927 1686 ipsius
948 1635 1169 1686 implorare
1191 1636 1399 1684 iudicium,
1423 1637 1456 1676 si
1477 1638 1556 1676 hoc
1578 1643 1733 1677 temere

176 1696 411 1748 proseratur
439 1702 509 1736 aut
538 1697 590 1737 ab
620 1697 669 1737 iis
698 1698 959 1746 hominibus,
991 1699 1058 1751 qui
1088 1700 1179 1740 iura
1210 1700 1349 1739 omnia
1378 1713 1449 1750 sus
1479 1701 1609 1753 deque
1639 1715 1739 1740 ver-

174 1760 284 1801 tunt?
305 1761 370 1800 Ad
389 1763 469 1801 hoc
488 1762 730 1810 cavendum,
747 1769 1023 1815 opportunum
1046 1770 1109 1803 est
1129 1772 1173 1804 ut
1193 1763 1363 1803 ferenda
1384 1770 1589 1804 sententia
1610 1778 1739 1816 penes

172 1825 313 1877 plures
343 1832 425 1866 stet
454 1825 639 1875 iudices3
671 1840 778 1866 unus
809 1827 917 1866 enim
948 1827 1069 1867 facile
1099 1828 1232 1879 decipi
1262 1836 1332 1867 aut
1354 1830 1558 1880 corrumpi
1589 1835 1740 1880 potest,

173 1896 244 1929 aut
273 1891 502 1930 amicorum
532 1891 895 1932 sollicitationibus
926 1893 1190 1932 commoveri.
1222 1895 1327 1932 Tum
1358 1893 1481 1932 etiam
1513 1893 1742 1945 exquiritur

174 1960 217 1993 ut
246 1955 424 1995 facultas
455 1955 656 1994 tribuatur
686 1957 922 2007 appellandi
951 1958 1004 1996 ad
1034 1957 1182 1996 altiora
1212 1957 1449 2005 tribunalia,
1482 1958 1531 1996 de
1561 1971 1736 2010 quorum

177 2019 355 2059 scientia
384 2026 423 2060 et
451 2020 659 2072 aequitate
682 2020 816 2059 maior
846 2021 898 2060 sit
926 2021 1205 2073 probabilitas.
1237 2022 1330 2068 Qua
1358 2027 1496 2060 tamen
1518 2021 1558 2059 in
1579 2034 1625 2060 re
1646 2033 1739 2059 mo-

176 2083 254 2122 dus
285 2083 409 2123 etiam
439 2097 535 2123 esse
565 2084 708 2131 debet;
741 2084 941 2136 siquidem
970 2085 1193 2124 immodica
1222 2085 1455 2137 appellandi
1484 2085 1653 2126 licentia
1681 2084 1738 2136 gi-

174 2155 320 2198 gneret
371 2156 410 2187 et
439 2149 588 2199 longas
618 2148 848 2200 ambages,
879 2149 1052 2201 litesque
1082 2149 1171 2189 sine
1200 2151 1283 2189 fine
1316 2151 1604 2202 protraheret;
1635 2161 1738 2201 quas

174 2214 310 2264 potius
340 2214 454 2254 brevi
484 2220 669 2266 tempore
700 2215 903 2263 dirimere,
934 2222 1261 2255 consentaneum
1293 2224 1330 2256 et
1361 2217 1457 2256 utile
1487 2215 1739 2268 reipublicae

175 2284 249 2317 est.
268 2279 400 2318 Valde
417 2279 525 2319 enim
541 2281 593 2318 ad
612 2281 778 2319 tutelam
809 2281 958 2319 iurium
979 2281 1161 2329 interest,
1178 2289 1221 2320 ut
1250 2282 1319 2321 diu
1340 2295 1440 2321 vera
1468 2280 1573 2319 iuria
1590 2280 1740 2319 effectu

176 2354 257 2380 non
280 2349 462 2391 careant,
478 2356 558 2383 nec
579 2357 790 2396 expensae
811 2344 852 2382 in
873 2344 1121 2384 immensum
1143 2355 1388 2397 augeantur,
1411 2357 1564 2395 magno
1586 2343 1740 2381 utrius-

173 2419 249 2458 que
289 2408 419 2459 partis
457 2409 620 2449 damno.
665 2410 806 2449 Media
837 2417 973 2449 autem
1005 2411 1152 2463 quibus
1180 2411 1287 2450 haec
1318 2410 1536 2450 commoda
1564 2408 1740 2449 obtineri

171 2470 331 2522 possint
361 2484 444 2510 non
475 2472 761 2521 declaramus,
797 2487 888 2513 cum
920 2475 960 2513 id
989 2474 1229 2514 iuvenilium
1260 2475 1566 2514 Institutionum
1598 2473 1736 2513 brevi-—

172 2542 298 2576 tatem
329 2538 517 2577 excedat.

222 2604 286 2644 93.
308 2605 364 2645 De
384 2605 535 2646 iudicio
558 2606 775 2647 criminali.
797 2607 862 2645 Ad
882 2606 1079 2646 iudicium
1101 2607 1313 2648 criminale
1334 2609 1442 2660 quod
1464 2609 1618 2657 attinet,
1640 2622 1738 2661 pro-

171 2668 281 2708 fecto
313 2670 470 2709 crimen
500 2683 595 2709 cum
626 2671 679 2711 sit
710 2671 842 2711 civilis
872 2671 1028 2711 ordinis
1058 2673 1323 2724 perturbatio;
1355 2674 1442 2713 eius
1471 2674 1679 2726 inquisitio
1697 2680 1741 2714 et

172 2733 394 2786 castigatio
424 2735 673 2784 auctoritati,
705 2750 810 2788 quae
839 2737 935 2776 huic
966 2737 1098 2776 ordini
1127 2739 1336 2778 servando
1365 2740 1577 2792 advigilat,
1609 2737 1738 2780 curae

173 2810 266 2838 esse
311 2799 442 2840 debet.
481 2805 615 2855 Atque
645 2803 686 2842 id
714 2803 935 2856 requiritur
964 2811 1050 2842 tum
1085 2804 1137 2842 ad
1166 2804 1470 2856 impediendum
1500 2819 1550 2845 ne
1579 2806 1736 2845 crimen

172 2867 384 2912 repetatur
402 2897 411 2912 ,
442 2870 525 2904 tum
557 2867 738 2906 maxime
767 2868 820 2906 ad
849 2868 1154 2920 proportionem
1184 2869 1362 2909 iustitiae
1397 2868 1733 2909 consectandam.
