1970 3203
218 165 295 204 152
550 175 616 201 IUS
644 173 846 201 NATURAE
867 182 888 188 -
910 173 1019 199 PARS
1049 172 1074 198 l.
1105 171 1170 198 IUS
1201 171 1472 198 INDIVIDUALE

217 261 258 294 et
277 253 455 306 gloriam
476 251 684 304 implendo
706 254 921 302 reperitur.
935 251 1048 289 Deus
1065 248 1174 288 enim
1187 247 1504 301 estfinis,quem
1520 254 1686 302 spectat
1707 248 1795 288 uni-

216 333 342 360 versa
361 325 526 367 natura,
547 330 652 370 quae
674 316 841 356 nonnisi
863 316 915 355 ad
936 315 1083 367 ipsum,
1106 320 1317 368 tamquam
1339 315 1392 354 ad
1415 315 1611 368 optimum
1647 321 1686 354 et
1707 327 1795 367 per-

216 383 488 425 fectissimum
509 382 675 430 bonum,
693 381 862 420 tandem
879 379 1102 432 aliquando
1118 378 1303 420 refertur.
1319 379 1423 418 Cum
1441 379 1566 432 igitur
1587 391 1790 431 expresse

213 456 380 503 propter
396 450 507 490 hanc
530 447 832 488 nobilissimam
854 460 1029 486 causam
1051 459 1283 498 operamur,
1306 445 1571 499 divinamque
1594 445 1788 499 gloriam,

215 513 352 567 quoad
372 512 461 552 fieri
482 517 629 565 potest,
646 511 904 564 amplificare
927 511 1174 560 adnitimur余
1196 518 1295 550 tunc
1314 509 1621 562 perfectissimo
1640 509 1797 550 motivo

216 590 427 630 urgemur,
444 589 523 628 quo
545 575 839 628 praestabilius
855 575 1013 614 nullum
1030 574 1437 626 excogitabitur.Sed
1449 574 1652 614 eiusmodi
1677 587 1794 627 prae-

216 640 386 693 scriptio
403 654 483 680 non
506 654 532 680 a
546 640 809 681 rationalista
828 640 960 687 Kant,
983 641 1057 679 sed
1078 653 1103 679 a
1125 640 1269 679 Paulo
1289 639 1490 690 Apostolo
1508 638 1695 691 profecta
1716 646 1791 679 est.

215 708 284 761 qui
305 707 426 748 nobis
446 707 560 748 iubet
579 713 624 747 ut
645 707 786 747 omnia
808 720 915 759 quae
937 706 1126 754 facimus,
1152 705 1195 745 z'n
1221 705 1308 744 Dei
1323 705 1517 757 yloriam
1539 705 1792 757 diripuimus-

268 772 440 820 Deinde,
462 772 710 825 quicumque
740 770 1015 811 excellentiae
1045 770 1201 822 gradus
1231 770 1387 811 motivo
1411 769 1467 809 illi
1489 769 1705 810 Kantiano
1735 776 1795 810 at-

215 835 339 876 tribui
354 835 465 885 velit,
483 849 565 875 non
586 835 745 875 idcirco
762 834 962 874 inferiora
978 835 1250 875 incitamenta
1267 841 1476 887 tamquam
1497 840 1636 875 actum
1658 836 1790 875 detur-

214 901 359 953 pantia
379 899 525 940 haberi
546 899 705 948 debent3
729 900 852 939 modo
874 899 956 940 sint
976 898 1213 940 huiusmodi
1234 906 1276 940 ut
1298 899 1485 940 ordinem
1511 899 1684 940 rationis
1705 914 1790 940 non

213 965 436 1005 invertant.
450 963 518 1004 Sic
536 976 632 1016 spes
648 963 812 1003 suturae
829 965 1182 1005 remunerationis
1199 972 1269 1005 aut
1286 972 1549 1005 aeternarum
1565 979 1794 1017 poenarum

213 1035 349 1069 metus
371 1028 526 1079 optime
547 1028 731 1068 animum
751 1029 966 1082 impellere
987 1035 1188 1082 poterunt,
1207 1037 1251 1069 ut
1270 1029 1424 1070 bonum
1441 1037 1725 1083 prosequatur,
1749 1036 1789 1070 et

213 1096 371 1136 malum
393 1094 585 1135 declinet.
606 1096 715 1135 Nam
736 1096 771 1136 si
791 1097 917 1136 homo
940 1096 992 1136 ad
1013 1096 1253 1136 felicitatem
1284 1097 1451 1136 tandem
1481 1097 1705 1150 aliquando
1726 1111 1795 1138 ca-

212 1160 464 1213 pessendam
481 1160 674 1200 conditus
690 1166 765 1209 est,
778 1174 910 1214 eaque
928 1174 973 1201 se
994 1161 1164 1214 dignum
1183 1160 1345 1201 actibus
1368 1161 1456 1201 suis
1472 1161 1641 1202 efficere
1658 1161 1799 1212 debet余

216 1226 403 1280 profecto
433 1233 555 1267 actus
584 1227 834 1277 huiusmodi,
856 1234 1049 1281 respectu
1070 1227 1293 1276 felicitatis,
1315 1241 1360 1267 se
1399 1228 1555 1268 habent
1579 1236 1622 1267 ut
1652 1228 1792 1268 media

213 1292 267 1332 ad
296 1293 433 1332 finem.
463 1293 520 1332 At
551 1305 649 1332 vero
680 1292 772 1345 quis
800 1306 885 1333 non
918 1293 1028 1333 videt
1056 1293 1157 1332 nihil
1191 1291 1473 1332 inordinatum
1509 1299 1580 1333 aut
1607 1305 1788 1345 praepo-

214 1362 372 1397 sterum
402 1369 498 1396 esse
527 1355 571 1395 in
599 1357 693 1406 hoc,
723 1357 833 1409 quod
861 1358 998 1397 media
1027 1363 1194 1409 propter
1223 1358 1349 1397 finem
1375 1355 1686 1397 adhibeantur?
1709 1357 1796 1396 Ma-

216 1423 328 1463 xime
359 1437 457 1464 vero
487 1423 528 1463 id
558 1424 697 1463 locum
728 1424 853 1464 habet
874 1457 883 1473 ,
915 1425 951 1464 si
981 1424 1132 1464 exinde
1163 1423 1446 1476 praestantius
1476 1423 1681 1476 operandi
1712 1437 1795 1463 mo-

213 1488 371 1538 tivum,
403 1502 455 1528 ne
485 1488 750 1541 praecisione
780 1489 945 1541 quidem
976 1489 1126 1528 mentis
1161 1488 1432 1536 excludatur余
1464 1488 1538 1528 sed
1560 1520 1569 1536 ,
1599 1501 1647 1528 eo
1693 1501 1794 1540 prae

214 1552 349 1592 oculis
379 1559 552 1601 retento,
584 1560 726 1593 cetera
755 1560 954 1606 tanquam
985 1553 1226 1593 adiumenta
1246 1551 1471 1591 voluntatis
1502 1551 1792 1591 admittantur.

268 1619 457 1668 Accedit,
490 1620 600 1672 quod
627 1620 706 1660 iste
736 1621 885 1660 modus
916 1620 1116 1672 operandi
1139 1624 1344 1658 consonat
1363 1617 1584 1657 intentioni
1615 1617 1793 1666 divinae余

217 1685 284 1725 cui
306 1685 342 1725 si
371 1688 481 1726 actio
503 1686 801 1735 conformatur,
823 1687 1047 1726 inhonesta
1068 1686 1160 1734 dici,
1182 1685 1272 1725 sine
1292 1684 1515 1736 impietate,
1538 1698 1622 1723 non
1644 1690 1793 1736 potest.

217 1750 270 1789 Et
299 1762 401 1789 sane
431 1749 601 1802 sapiens
630 1749 846 1802 legislator
874 1750 1030 1790 idcirco
1060 1750 1247 1802 praemia
1277 1748 1480 1802 proponit,
1514 1756 1557 1787 ut
1582 1748 1793 1788 subditum

212 1813 267 1852 ad
297 1813 379 1865 legi
409 1814 782 1866 obtemperandum
813 1814 982 1854 alliciat.
1014 1816 1077 1855 Ita
1114 1814 1239 1866 igitur
1278 1814 1437 1853 moveri
1480 1813 1705 1866 aliquando
1736 1813 1792 1853 ad

214 1877 351 1929 legem
382 1878 633 1917 servandam
656 1911 666 1927 ,
694 1878 826 1930 ipsius
861 1878 1115 1931 legislatoris
1151 1877 1370 1917 intentioni
1408 1877 1645 1930 respondet.
1682 1878 1796 1929 Ergo

212 1941 361 1980 modus
389 1941 458 1980 hic
489 1941 637 1994 agendi
681 1941 943 1982 inordinatus
979 1942 1061 1982 dici
1089 1942 1237 1995 nequis
1258 1974 1267 1990 ,
1302 1941 1399 1994 quin
1438 1942 1527 1994 ipse
1571 1940 1791 1993 legislator

210 2005 533 2047 inordinationis
562 2014 797 2049 accusetur.
828 2009 943 2049 Idem
978 2009 1198 2049 dicendum
1228 2015 1292 2048 est
1321 2009 1371 2048 de
1402 2014 1512 2047 metu
1543 2021 1786 2060 poenarum.

213 2074 321 2112 Nam
343 2074 504 2113 sanctio
528 2075 715 2126 poenalis
735 2075 828 2115 ideo
849 2075 930 2128 legi
952 2076 1228 2128 coniungitur,
1253 2081 1294 2115 ut
1317 2075 1358 2124 ii,
1380 2075 1528 2128 quibus
1557 2076 1623 2115 lex
1647 2074 1793 2123 fertur,

210 2152 238 2178 a
267 2140 605 2192 transgressione
635 2142 934 2182 deterreantur.
959 2142 1039 2189 Qui
1068 2141 1194 2194 igitur
1214 2156 1266 2182 ne
1303 2154 1481 2194 poenam
1503 2144 1700 2189 incurrat,
1719 2143 1793 2180 fia-

211 2204 358 2256 gitium
389 2204 492 2245 vitat
521 2205 574 2245 ab
604 2219 734 2258 eoque
764 2208 962 2247 affectum
994 2207 1178 2256 retrahit,
1200 2207 1236 2246 is
1256 2207 1441 2260 profecto
1468 2206 1585 2246 iuxta
1605 2211 1791 2245 mentem

211 2268 467 2320 legislatoris
497 2279 706 2322 operatur.
739 2272 889 2324 Nequit
930 2286 1031 2324 ergo
1070 2271 1392 2312 inordinationis
1435 2270 1585 2323 argui,
1623 2269 1721 2322 quin
1751 2269 1793 2308 id

212 2334 291 2388 ipsi
320 2335 545 2386 legislatori
578 2343 763 2377 vertatur
795 2339 905 2378 vitio.
938 2339 1117 2378 Videant
1145 2338 1297 2391 itaque,
1319 2337 1387 2390 qui
1417 2350 1542 2377 secus
1572 2342 1732 2389 putant,
1751 2336 1794 2375 in

213 2412 317 2451 quas
347 2401 566 2452 angustias
595 2402 884 2442 ratiocinando
914 2416 959 2442 se
987 2402 1171 2454 adigant.

267 2467 499 2515 Postremo,
517 2482 603 2508 rem
617 2468 804 2508 aversari
821 2476 1027 2521 quatenus
1044 2469 1153 2508 mala
1169 2473 1244 2516 est,
1260 2467 1377 2507 iuxta
1393 2467 1584 2507 ordinem
1601 2464 1792 2518 profecto

210 2536 289 2568 est.
309 2530 433 2582 Atqui
454 2530 495 2569 in
517 2532 726 2584 flagitioso
748 2545 872 2584 opere
897 2546 1046 2585 reapse
1075 2533 1185 2572 inest
1223 2532 1406 2571 debitum
1440 2543 1611 2584 poenae,
1633 2529 1674 2568 in
1705 2541 1786 2581 qua

211 2593 366 2632 malum
396 2596 539 2644 procul
570 2595 692 2635 dubio
724 2596 918 2637 cernitur.
940 2598 1051 2649 Ergo
1083 2596 1233 2636 exinde
1255 2595 1414 2635 moveri
1441 2595 1495 2634 ad
1523 2594 1661 2646 ipsum
1684 2605 1792 2645 opus

214 2657 310 2696 odio
340 2657 591 2706 habendum,
623 2659 741 2699 iuxta
771 2660 960 2700 ordinem
989 2660 1163 2699 rationis
1197 2665 1271 2708 est,
1302 2659 1398 2698 licet
1419 2658 1544 2709 longe
1565 2656 1714 2696 melius
1737 2655 1794 2696 sit

215 2735 270 2762 ex
290 2723 454 2763 interna
473 2724 623 2764 obiecti
644 2726 905 2778 turpitudine,
927 2727 993 2766 vel
1016 2726 1139 2766 etiam
1160 2725 1363 2765 nobiliore
1393 2723 1550 2764 motivo
1572 2723 1625 2762 ad
1648 2723 1791 2762 scelus

218 2786 458 2839 fugiendum
489 2788 640 2828 induci.
670 2791 725 2829 At
745 2791 856 2830 aliud
885 2796 949 2831 est
977 2790 1125 2829 minori
1155 2789 1337 2829 bonitate
1367 2787 1524 2836 donari,
1547 2787 1661 2827 aliud
1691 2799 1791 2826 vero

218 2853 373 2892 nullam
402 2856 627 2904 continere,
657 2862 728 2895 aut
757 2856 881 2895 etiam
912 2863 1012 2896 nota
1041 2855 1258 2908 pravitatis
1286 2854 1406 2894 inuri.
