1970 3203
367 341 640 408 ILUS
722 344 1543 410 NATURAE

724 736 900 793 PARS
947 736 1170 793 PRIMA

513 870 665 922 IUS
716 870 1375 922 INDIVIDUALE

739 1246 1135 1287 INTRODUCTIO

212 1372 444 1424 Superiore
463 1373 583 1420 libro,
605 1373 812 1412 actionem
825 1372 1312 1423 liumanamyeneratim
1330 1373 1732 1428 inspeoeimusprout

158 1438 269 1476 bona
290 1438 508 1490 efficienda
527 1442 597 1486 est,
612 1452 685 1478 seu
704 1440 913 1478 rationali
928 1439 1113 1477 hominis
1130 1441 1314 1477 naturae
1331 1439 1591 1479 conveniens.
1612 1441 1729 1485 Quo—

157 1504 275 1542 circa
292 1517 387 1542 eam
406 1503 699 1555 quoadfinem,
718 1505 1019 1551 moralitatem,
1039 1503 1349 1555 obligationem,
1367 1507 1555 1546 scrutati
1568 1520 1727 1546 sumus.

154 1570 283 1609 Nunc
313 1570 371 1608 ad
411 1570 549 1621 ipsam
586 1569 864 1609 determinate
902 1569 1259 1609 considerandam
1293 1570 1488 1622 gradum
1520 1573 1728 1624 facimus,

152 1637 289 1687 prout
315 1634 614 1686 particulatim
631 1648 680 1674 ea
698 1635 879 1687 respicit,
902 1647 1011 1687 quae
1028 1648 1053 1674 a
1075 1636 1162 1686 leye
1178 1637 1728 1688 naturaeproficiscuntur.

155 1700 240 1739 His
271 1713 367 1739 vero
399 1712 550 1739 nomen
580 1699 690 1739 iuris
719 1700 1006 1748 attribuimus;
1039 1700 1113 1739 sub
1143 1713 1189 1739 eo
1222 1703 1424 1752 respectu,
1447 1715 1529 1753 quo
1564 1702 1631 1742 ius
1662 1704 1727 1742 la-

159 1765 317 1804 tissime
344 1765 546 1812 sumitur,
577 1765 619 1803 in
648 1769 857 1817 quantam
889 1765 1081 1805 videlicet
1102 1767 1345 1816 yenerati'm
1375 1768 1587 1819 eoeprimit
1612 1770 1731 1821 quid-

155 1829 262 1881 quid
289 1832 449 1867 rectum
493 1831 555 1868 est
589 1830 634 1868 in
674 1842 829 1881 yenere
857 1842 1037 1867 morum.
1068 1829 1185 1868 Nam
1232 1829 1297 1868 ius
1322 1842 1347 1868 a
1380 1829 1555 1869 iubendo
1574 1863 1582 1878 ,
1613 1833 1730 1883 quod

151 1893 379 1946 proprium
410 1894 514 1946 le9is
543 1897 632 1943 est,
663 1894 720 1933 acl
747 1895 936 1947 effectum
967 1893 1071 1946 leyis
1099 1894 1439 1946 siqnificandum
1471 1899 1728 1948 torquetur,-

154 1959 323 2012 effectus
354 1962 494 1999 autem
527 1960 641 2012 leyis,
672 1973 768 1998 cum
799 1960 843 1998 in
873 1959 1039 1999 actione
1079 1959 1328 1999 ordinanda
1367 1961 1598 2009 consistat,
1628 1963 1729 2003 recti

155 2025 368 2066 notionem
394 2025 579 2078 praebet.
610 2025 834 2066 Rectituolo
865 2026 978 2064 enim
1011 2025 1098 2073 rei,
1131 2038 1240 2077 quae
1282 2027 1479 2077 reyulam
1510 2026 1653 2079 exigit,
1683 2029 1730 2069 in

154 2092 454 2142 conformitate
485 2104 580 2131 cum
611 2104 659 2130 ea
688 2091 770 2131 sita
801 2093 891 2137 est,·
923 2091 1076 2142 reyula
1098 2091 1239 2129 autem
1261 2091 1443 2130 actionis
1473 2094 1649 2133 nonnisi
1680 2094 1725 2133 in

153 2155 243 2206 leye
266 2154 483 2207 reperitur
513 2155 588 2206 (1).

207 2219 284 2257 Ius
314 2219 389 2257 hoc
418 2231 544 2258 sensu
566 2231 650 2258 non
672 2219 906 2270 incongrue
926 2217 1180 2269 dispescitur
1196 2218 1242 2256 in
1262 2219 1471 2258 moralem
1498 2219 1726 2271 obligatio-

156 2297 249 2323 nem
279 2286 317 2323 et
346 2285 553 2323 moralem
570 2285 845 2336 facultatem.
866 2284 954 2324 Leae
974 2283 1098 2331 enim,
1120 2297 1214 2322 cum
1235 2284 1404 2336 aliquid
1422 2286 1643 2338 praecipit
1664 2290 1727 2327 vel

152 2349 352 2397 concedit,
375 2362 459 2388 non
480 2351 602 2388 moclo
624 2350 772 2389 orclini
791 2364 938 2390 rerum
959 2350 1170 2397 obiectioo,
1192 2353 1332 2402 prout
1349 2364 1374 2390 a
1396 2351 1488 2390 Deo
1512 2353 1724 2404 procedit,

152 2417 387 2454 humanam
419 2416 680 2455 voluntatem
709 2417 984 2468 conformat;
1008 2428 1154 2454 verum
1176 2415 1316 2454 etiam.
1347 2416 1492 2467 quoacl
1519 2417 1725 2458 actionem

154 2481 444 2529 exercendam,
467 2482 528 2520 vel
546 2482 831 2521 necessitatem
849 2481 1032 2533 imponit
1048 2482 1507 2533 velpotestatemsacit.
1526 2483 1727 2523 Primum

153 2548 402 2599 appellatur
420 2546 634 2599 officium,·
657 2548 843 2586 alterum
873 2547 1029 2585 retinet
1056 2559 1208 2585 nomen
1238 2545 1369 2585 iuris:
1400 2560 1585 2600 quorum
1617 2549 1728 2589 inter

150 2624 194 2651 se
223 2613 346 2651 tanta
375 2614 438 2651 est
479 2611 681 2650 connexio
706 2642 714 2658 ‚
745 2613 792 2649 ut
819 2623 1043 2663 nunquam
1072 2609 1327 2658 dissociari,
1358 2611 1503 2662 quoad
1530 2612 1725 2651 eoesisten-

193 2742 242 2782 (1)
267 2743 339 2775 Pro
363 2751 477 2784 scopo
501 2743 631 2774 nostro
665 2741 757 2773 hano
788 2739 884 2772 iuris
915 2739 1173 2781 etymologiam
1205 2738 1409 2779 sequimur,-
1436 2740 1518 2772 licet
1548 2741 1724 2773 fateamur

152 2797 261 2837 quod,
286 2797 316 2829 si
339 2797 398 2828 ius
422 2797 586 2828 sumatur
609 2794 781 2832 strictius,
804 2796 914 2836 prout
929 2803 1056 2834 nempe
1074 2792 1252 2825 obiectum
1269 2795 1325 2825 est
1349 2793 1529 2832 iustitiae,
1545 2794 1724 2826 derivetur

152 2859 174 2881 a
197 2849 295 2880 iusto
320 2858 337 2877 «
360 2849 424 2881 Ius
446 2848 580 2880 dictum
604 2849 671 2886 est,
696 2847 777 2887 quia
801 2848 858 2879 est
882 2845 1020 2878 iustum
1045 2857 1060 2876 »
1086 2847 1124 2878 ut
1148 2845 1254 2877 docet
1280 2845 1314 2876 S.
1331 2844 1497 2877 Thomas.
1523 2844 1723 2877 Summ.tl1.

151 2902 194 2934 2:
216 2902 271 2933 2.“Β
304 2909 334 2941 q.
359 2901 463 2939 LVII,
485 2911 515 2932 a.
539 2902 569 2932 1.

234 2969 465 3002 LIBERATORE
479 2986 520 2991 —
537 2967 670 3001 Ethica
693 2960 728 3000 et
751 2968 815 2999 Ius
839 2968 1014 2998 naturae.
1618 2962 1639 2993 8
