1970 3203
200 228 336 256 CAPUT
364 227 402 254 11.
432 227 484 254 DE
515 226 780 254 OPERATIONE
802 227 978 254 HUMANA
995 226 1132 253 PROUT
1154 225 1398 252 ORDINATUR
1417 225 1459 251 1N
1480 224 1606 251 FINEM
1635 211 1687 251 53

166 309 333 354 Quarto,
353 304 630 345 voluntarium
653 305 843 344 dividitur
862 305 903 344 in
923 305 1109 345 elicitam
1131 310 1170 344 et
1193 304 1458 356 imper-atam.
1481 303 1682 342 Volunta-

119 374 224 413 rium
254 371 438 412 elicitum
467 376 530 411 est
557 371 646 424 ipse
676 376 796 410 actus
826 371 1062 418 voluntatis,
1094 377 1135 408 ut
1155 382 1284 416 amor,
1306 368 1443 408 odium
1474 374 1512 408 et
1533 374 1689 408 cetera.

120 437 410 479 Voluntarium
429 437 675 489 imperatum
697 443 758 476 est
779 442 898 477 actus
919 437 1168 488 reliquarum
1188 435 1435 475 facultatum
1451 435 1519 487 qui
1538 436 1611 473 fiat
1631 447 1686 474 ex

122 500 347 541 voluntatis
375 499 559 552 imperio,
588 506 632 540 ut
663 499 952 547 deambulatio,
984 500 1197 547 comestio,
1226 505 1348 551 atque
1376 498 1442 538 his
1471 498 1633 538 similia.

171 568 242 606 43.ἶ
267 567 368 615 Quid
397 566 727 606 involuntarium
748 570 790 605 et
808 566 918 605 unde
940 565 1084 605 oritur.
1102 564 1427 603 Involuntarium
1450 571 1512 604 est
1528 562 1688 616 opposi-

124 637 209 670 tum
227 629 460 669 voluntarii.
484 631 674 669 Iamvero
696 629 749 668 ad
768 628 1042 668 voluntarium
1064 627 1397 667 constituendum
1420 627 1499 666 duo
1518 639 1690 666 concur-

122 701 228 735 runt:
247 695 430 747 cognitio
447 696 599 736 mentis
620 701 660 735 et
677 695 860 734 influxus
881 693 1116 734 xoluiitatis
1135 694 1197 732 Ex
1214 706 1285 732 cai
1289 692 1399 732 ent1a
1419 692 1542 743 igitur
1564 691 1686 731 unius

122 760 188 799 vel
218 759 388 798 alterius
417 758 742 798 involuntarium
771 757 965 811 gignitur.
996 757 1127 796 Porro
1158 756 1338 809 cognitio
1375 756 1521 795 deesse
1552 760 1690 808 potest

127 824 288 864 ratione
308 824 581 878 ignorantiae,
604 838 709 877 quae
725 824 871 876 triplex
898 823 1094 875 distingui
1115 823 1231 862 solet:
1255 822 1513 869 antecedens,
1536 835 1690 860 conco-

125 893 281 931 mitans
300 898 341 931 et
361 904 630 943 consequens.
662 890 904 943 Ignorantia
923 889 1176 929 antecedens
1207 887 1365 934 dicitur,
1386 899 1492 939 quae
1521 900 1687 927 omnem

120 969 262 997 actum
283 957 508 998 voluntatis
528 956 751 1009 praecedit,
775 963 815 997 et
837 960 1025 995 versatur
1046 955 1158 994 circa
1183 954 1235 1001 id,
1257 954 1365 1006 quod
1390 965 1473 992 non
1495 953 1624 1000 fieret,
1655 951 1692 992 si

118 1024 285 1064 adesset
317 1023 512 1076 cognitio.
545 1022 788 1074 Ignorantia
822 1021 1109 1068 concomitans
1140 1027 1214 1068 est,
1245 1032 1350 1072 quae
1380 1019 1564 1059 sociatur
1592 1032 1687 1058 cum

64 1121 66 1124 ,
120 1093 218 1127 actu
234 1087 472 1135 voluntatis,
492 1086 684 1126 nimirum
702 1098 808 1138 quae
825 1099 896 1138 per
915 1098 961 1124 se
977 1098 1060 1124 non
1082 1094 1145 1124 est
1165 1083 1304 1130 volita,
1321 1087 1503 1122 attamen
1521 1082 1690 1135 respicit

122 1166 210 1192 rem
231 1167 337 1205 quae
357 1166 488 1206 aeque
508 1154 638 1200 fieret,
661 1151 823 1192 etiamsi
844 1152 1009 1191 adesset
1031 1149 1224 1202 cognitio.
1246 1148 1492 1201 Ignorantia
1513 1148 1688 1201 denique

124 1232 387 1271 consequens
408 1219 651 1271 appellatur,
673 1230 780 1270 quae
807 1218 943 1269 aliquo
972 1217 1092 1256 modo
1123 1229 1147 1255 a
1177 1215 1390 1255 voluntate
1420 1214 1511 1266 ipsa
1532 1214 1687 1266 depen—

124 1282 201 1330 det;
233 1289 272 1323 et
293 1282 488 1324 dividitur
515 1282 558 1321 in
589 1283 843 1335 affectatam,
875 1281 910 1320 si
939 1280 1094 1320 directe
1124 1285 1389 1331 procuretur,
1421 1283 1460 1317 et
1486 1278 1688 1330 supinam

121 1345 188 1384 vel
219 1359 263 1383 οφ
268 1358 434 1393 assam
466 1345 501 1384 si
532 1344 765 1386 voluntarie
795 1345 1029 1396 negligatm
1075 1343 1221 1382 notitia
1250 1342 1399 1383 obiecti
1429 1347 1499 1381 aut
1545 1354 1688 1381 eorum

125 1424 229 1463 quae
258 1410 470 1450 hominem
501 1411 553 1451 ab
583 1411 794 1463 operando
826 1411 1091 1451 deterrerent.

179 1477 310 1525 Aliud,
340 1477 448 1528 quod
476 1477 529 1515 ad
558 1481 696 1515 actum
727 1476 1002 1517 voluntarium
1033 1476 1184 1527 requiri
1206 1475 1395 1522 diximus,
1418 1481 1479 1514 est
1504 1447 1685 1515 influxus

123 1540 271 1580 lnternl
288 1553 489 1592 prineipn
510 1540 698 1580 videlicet
714 1539 949 1579 voluntatis.
967 1539 1112 1586 Quoad
1127 1538 1363 1578 huiusmodi
1384 1538 1600 1586 influxum,
1618 1551 1685 1577 vo-

123 1604 261 1642 luntas
290 1603 451 1642 versari
488 1608 623 1655 potest
657 1603 699 1642 in
729 1603 925 1642 conflictu
963 1603 1028 1642 vel
1062 1616 1156 1642 cum
1187 1607 1356 1642 externo
1387 1607 1538 1654 agente
1579 1600 1688 1654 quod

123 1665 360 1705 violentiam
390 1665 552 1714 inferat,
583 1667 649 1706 vel
678 1680 773 1706 cum
803 1665 984 1718 appetitu
1014 1666 1225 1714 sensitivo,
1247 1665 1313 1718 qui
1340 1666 1473 1717 ipsam
1503 1664 1555 1704 ad
1586 1678 1689 1717 ope-

122 1732 298 1771 randum
327 1731 510 1780 inclinet,
541 1731 629 1771 sive
658 1731 699 1771 id
719 1733 791 1771 fiat
816 1731 1156 1783 concupiscentia
1177 1732 1274 1771 boni
1291 1731 1380 1770 sive
1401 1736 1512 1770 metu
1543 1730 1690 1782 ingru-

124 1795 230 1834 entis
261 1794 370 1833 mali.
401 1795 490 1833 Iam
519 1807 645 1843 vero,
676 1795 1019 1847 concupiscentia
1047 1795 1087 1833 in
1119 1795 1427 1835 antecedentem
1472 1801 1512 1834 et
1543 1808 1687 1834 conse-

124 1862 317 1912 quentem
347 1859 533 1900 distribui
563 1866 709 1912 potest,
731 1856 852 1913 prout
873 1861 937 1900 vel
967 1861 1220 1901 voluntatem
1250 1866 1482 1900 antevertat
1513 1873 1688 1912 eamque

123 1926 316 1966 sollicitet
343 1926 396 1965 ad
425 1931 576 1974 actum,
606 1927 671 1965 vel
693 1927 947 1967 voluntatem
968 1933 1164 1979 sequatur
1185 1934 1307 1978 atque
1334 1940 1383 1966 ex
1407 1926 1495 1966 eius
1517 1926 1688 1978 imperio

123 1990 335 2030 excitetur.
366 1992 563 2043 Itemque,
593 1998 729 2032 metus
747 2005 840 2031 esse
860 1997 994 2044 potest
1027 1992 1126 2031 levis
1156 1997 1196 2031 et
1211 1991 1373 2043 gravis:
1391 1997 1510 2042 prout
1538 1996 1612 2030 aut
1631 1996 1688 2030 te-

122 2069 203 2096 nue
232 2057 386 2096 malum
416 2062 455 2096 et
483 2056 689 2097 incertum
718 2057 896 2109 respicit,
927 2058 1034 2109 quod
1064 2056 1228 2096 nonnisi
1250 2057 1364 2096 leves
1385 2056 1577 2096 homines
1594 2069 1687 2095 mo—

126 2132 223 2158 vere
252 2120 368 2168 solet;
399 2124 468 2159 aut
497 2120 549 2159 sit
578 2119 791 2166 eiusmodi,
821 2117 863 2160 ut
884 2120 1008 2161 etiarn
1038 2120 1079 2159 in
1104 2119 1238 2159 virum
1262 2126 1524 2160 constantem
1547 2120 1686 2168 cadat,

127 2183 364 2237 oriaturque
393 2197 445 2224 ex
474 2185 805 2237 apprehensione
836 2185 933 2224 mali
963 2185 1062 2226 certi
1092 2192 1131 2225 et
1161 2185 1314 2237 magni.

679 2356 1144 2415 P'ROPOSITIONES.

180 2508 243 2544 44.
274 2506 532 2545 Pnoposrrlo
562 2503 613 2544 Ia.
643 2504 792 2557 Neque
821 2505 1069 2558 ignorantia
1100 2518 1367 2557 consequens,
1401 2518 1531 2557 neque
1563 2504 1688 2556 z'yno-

138 2570 284 2610 rantia
314 2568 602 2609 concomitans
626 2569 772 2620 yiynit
799 2569 1153 2608 involuntarium.

187 2634 310 2673 Prob.
341 2635 403 2673 De
423 2629 669 2684 'ignorantia
697 2638 991 2684 consequente,
1021 2645 1089 2671 res
1118 2632 1233 2671 clara
1262 2636 1333 2671 est.
1358 2632 1465 2670 Nam
1495 2644 1520 2669 a
1549 2630 1690 2669 volun-

132 2705 215 2740 tate
235 2699 430 2751 procedit,
452 2698 494 2737 in
516 2711 646 2750 eaque
675 2711 848 2737 causam
878 2697 1081 2749 agnoscit.
1105 2696 1302 2749 Quisquis
1322 2703 1459 2736 autem
1490 2696 1575 2734 vult
1596 2705 1690 2733 cau-

135 2777 243 2814 sam,
270 2765 357 2804 vult
385 2764 508 2805 etiam
538 2765 730 2804 effectum
762 2763 830 2816 qui
859 2776 910 2805 ex
943 2763 1013 2802 illa
1041 2768 1290 2814 sequuturus
1318 2762 1592 2814 praevidetur.

188 2831 249 2870 De
278 2830 518 2882 ignorantia
547 2842 647 2870 vero
678 2829 995 2877 concomitante,
1017 2842 1085 2868 res
1114 2827 1236 2867 facile
1252 2828 1535 2879 persuadetur.
1553 2826 1634 2864 Per
1653 2822 1695 2861 il-

132 2894 216 2933 lam
237 2892 346 2932 enim
359 2894 484 2933 homo
505 2892 566 2932 sic
587 2892 829 2944 disponitur,
845 2898 900 2941 ut,
921 2891 1082 2933 etiamsi
1099 2892 1247 2932 obiecti
1267 2890 1485 2932 scientiam
1505 2888 1690 2933 haberet,
