1970 3203
426 210 562 236 CAPUT
585 209 638 235 IV.
670 209 722 234 DE
753 208 921 235 OFFicns
950 208 1120 235 HOMINIS
1150 207 1262 234 ERGA
1291 208 1411 235 ALlOS
1628 196 1702 235 173

135 289 229 330 aliis
259 285 466 327 deservire
497 298 579 325 non
609 285 797 338 possint;
829 284 1013 337 profecto
1043 290 1216 337 apparet
1243 284 1310 324 ius
1348 284 1506 324 homini
1536 298 1630 325 esse
1661 293 1706 326 ut

137 368 280 395 earum
295 358 454 405 partem
471 351 653 403 aliquam
675 357 985 402 congruentem,
1004 350 1098 389 dum
1120 364 1225 402 opus
1246 351 1384 398 habet,
1401 350 1479 389 sibi
1499 358 1698 400 assumat,

134 419 186 458 ab
201 429 332 468 eaque
353 420 515 454 ceteros
535 414 742 461 excludat,
759 414 825 466 qui
842 414 883 453 in
896 427 987 453 eam
1004 414 1161 453 nullum
1182 415 1246 454 ius
1267 421 1364 455 ante
1384 414 1695 466 acquisiverint.

182 484 238 522 At
267 480 482 533 operosior
510 480 697 532 quaestio
728 486 790 519 est
820 479 869 519 de
899 479 1079 519 dominio
1109 493 1192 519 non
1233 481 1487 520 transitorio
1521 480 1580 532 (in
1611 494 1697 521 rem

128 548 320 588 videlicet
362 560 468 599 quae
494 559 572 585 usu
601 545 857 585 consumitur
885 551 957 585 aut
999 551 1090 598 post
1129 559 1249 585 usum
1286 547 1580 599 relinquitur),
1626 547 1702 587 sed

128 610 298 659 stabili,
330 610 395 649 cui
439 610 624 662 pressius
663 609 927 662 proprietatis
957 623 1108 648 nomen
1138 609 1260 648 tribui
1291 611 1408 651 solet.
1450 613 1532 650 Per
1560 611 1702 662 ipsum

129 674 238 715 enim
269 687 364 713 cum
383 686 452 713 res
473 673 708 725 frugiferae,
730 675 794 713 vel
815 680 1037 725 utcumque
1069 672 1200 720 utiles,
1224 679 1466 713 constanter
1496 673 1702 713 retinean-

128 746 216 788 tur3
248 738 424 779 efficitur
453 752 555 778 sane
585 744 628 777 ut
656 751 724 778 res
754 738 956 778 stabiliter
981 743 1020 777 et
1039 738 1201 789 integre
1231 738 1416 777 subiecto
1447 739 1695 786 adhaereat,

129 816 179 842 ac
209 802 380 854 proinde
410 802 540 854 ipsius
568 801 736 853 propria
755 815 853 841 vere
883 801 962 840 dici
983 801 1126 853 possit.
1148 803 1236 840 Iam
1263 815 1342 853 age
1372 801 1573 841 eiusmodi
1595 815 1698 854 pro-

128 867 285 921 prietas
315 868 412 908 licet
440 868 594 908 sactum
623 868 819 919 generale
850 867 903 907 sit
931 880 1009 906 nec
1040 868 1261 920 quidquam
1292 868 1428 920 magis
1459 869 1610 916 tritum,
1645 869 1701 907 ad

129 933 255 973 vitam
277 933 384 985 quod
405 939 589 985 spectat;
613 938 750 971 tamen
768 932 968 981 nonnulli,
989 932 1042 971 ad
1062 946 1130 972 res
1149 933 1309 972 alienas
1330 933 1406 972 sub
1435 933 1535 972 iuris
1562 933 1702 984 specie

130 997 407 1050 diripiendas,
436 1009 634 1048 magnum
664 997 744 1036 hoc
784 996 894 1035 vitae
932 997 1143 1036 humanae
1182 996 1495 1036 fundamentum
1541 996 1703 1036 diruere

130 1062 268 1103 conati
307 1068 414 1102 sunt.
445 1062 554 1101 Hinc
589 1062 840 1102 Soeialc‘smi
866 1068 905 1102 et
937 1062 1245 1101 Communismi
1274 1069 1505 1114 systemata
1526 1076 1551 1101 a
1581 1063 1699 1102 cine-

130 1128 244 1168 ribus
275 1128 520 1175 excitarunt,
541 1128 702 1167 aientes
724 1128 1014 1179 proprietatem
1036 1141 1181 1167 verum
1204 1141 1298 1168 esse
1319 1128 1595 1177 latrocinium,
1618 1143 1699 1181 quo

131 1194 257 1246 aliqui
288 1207 383 1233 cum
413 1194 564 1233 damno
595 1198 634 1233 et
662 1192 813 1231 iniuria
841 1193 1089 1245 reliquorum
1112 1207 1179 1233 res
1200 1194 1435 1233 mundanas
1465 1194 1544 1233 sibi
1566 1195 1700 1234 adsci-

129 1266 252 1300 scunt
281 1266 320 1299 et
339 1258 435 1298 filiis
464 1258 720 1299 haereditate
741 1258 1026 1298 transmittunt
1047 1260 1122 1309 (1).
1146 1259 1302 1299 Contra
1323 1260 1524 1299 eiusmodi
1557 1260 1697 1300 socie-

133 1326 230 1366 tatis
261 1339 491 1373 eversores,
520 1325 586 1365 ius
616 1323 777 1364 stabilis
797 1324 1063 1376 proprietatis
1083 1338 1109 1363 a
1129 1330 1280 1364 natura
1300 1326 1511 1377 proficisci
1532 1326 1698 1365 demon-

131 1390 358 1430 strabimus
376 1404 384 1439 ;
407 1390 481 1430 sed
501 1396 597 1429 ante
619 1390 912 1428 nonnullorum
934 1389 1178 1438 sententiae,
1200 1390 1267 1442 qui
1288 1390 1525 1442 proprietati
1547 1391 1696 1430 falsam

132 1454 333 1506 originem
364 1453 648 1505 assignarunt,
677 1452 928 1492 refellendae
958 1459 1066 1492 sunt.

682 1580 1148 1620 PROPOSITIONES.

183 1713 246 1752 73.
277 1713 531 1752 Paoposmo
562 1712 618 1751 1³.
642 1713 716 1752 Ius
736 1713 902 1752 stabilis
919 1714 1201 1766 proprietatis
1224 1728 1307 1754 non
1329 1715 1472 1754 oritur
1496 1729 1545 1754 eoe
1562 1718 1701 1767 pacto.

183 1775 306 1815 Prob.
324 1776 589 1823 Heineccius,
611 1776 798 1815 Grotium
809 1782 848 1815 et
864 1777 1193 1816 Puffendorfium
1212 1784 1421 1830 sequutus,
1440 1778 1697 1818 existimavit

130 1853 183 1879 ex
204 1840 429 1880 intentione
451 1839 687 1879 Conditoris
703 1840 890 1879 omniain
908 1841 1117 1879 communi
1134 1842 1314 1893 quadam
1334 1841 1603 1893 possessione
1621 1842 1699 1894 pri-

130 1918 240 1943 mum
260 1904 387 1944 fuisse
408 1904 625 1951 collocata,
641 1902 698 1942 ita
719 1909 762 1942 ut
776 1903 978 1951 omnibus,
1001 1917 1074 1955 pro
1096 1904 1403 1955 opportunitate
1424 1905 1700 1951 deservirent,

131 1968 227 2021 quin
246 1968 352 2007 ullus
371 1968 422 2007 ab
440 1967 520 2007 alio
542 1967 841 2007 excluderetur.
857 1967 939 2006 Sed
960 1981 1052 2006 cum
1075 1968 1192 2018 leges
1214 1967 1381 2007 divinae
1401 1967 1699 2015 affirmativae,

132 2034 416 2086 exceptionem
438 2034 489 2073 ob
510 2033 804 2074 necessitatem
825 2032 1056 2081 admittant,
1077 2032 1174 2072 hinc
1205 2032 1359 2073 factum
1391 2046 1486 2073 esse
1516 2041 1560 2072 ut
1589 2034 1698 2074 haec

176 2201 225 2242 (1)
251 2200 540 2234 Communionem
562 2200 737 2233 bonorum
761 2201 793 2233 in
823 2201 996 2233 societate
1011 2227 1018 2239 ,
1042 2201 1148 2234 immo
1173 2202 1278 2233 etiam
1304 2211 1458 2234 uxorum
1483 2204 1517 2233 et
1540 2201 1703 2239 filiorum,

131 2254 199 2286 iam
222 2253 266 2285 ab
290 2252 545 2293 antiquissimis
566 2253 788 2294 temporibus
811 2256 1085 2294 propugnarunt
1109 2254 1282 2285 Socrates
1306 2256 1341 2286 et
1365 2255 1488 2292 Plat03
1514 2263 1606 2293 quos
1631 2253 1703 2285 late

132 2305 350 2337 Aristoteles
374 2305 541 2337 refutavit
555 2304 587 2336 in
605 2306 763 2337 secundo
779 2304 870 2336 libro
888 2305 1140 2337 Politicormn.
1159 2304 1242 2337 Eius
1259 2308 1378 2337 autem
1403 2304 1540 2337 insania
1555 2305 1609 2336 vel
1628 2304 1706 2336 inde

134 2361 297 2403 apparet,
310 2359 407 2398 quod
425 2358 546 2399 (etiam
565 2359 700 2391 omissa
709 2358 927 2400 turpitudine
941 2359 984 2390 (le
1002 2359 1245 2391 communione
1263 2359 1448 2391 mulierum
1472 2369 1562 2399 quae
1577 2358 1704 2391 belluis

130 2413 332 2446 inferiorem
347 2412 525 2445 hominem
538 2414 671 2445 faceret
685 2416 719 2445 et
731 2413 798 2455 ipsi
814 2413 1032 2453 generationi
1048 2414 1334 2452 adversaretur),
1348 2413 1483 2445 civilem
1497 2414 1707 2445 societatem

136 2468 340 2500 destrueret
366 2469 401 2499 et
423 2467 455 2500 in
479 2467 711 2499 domesticam
729 2469 977 2499 commutaret.
995 2468 1190 2499 Praeterea
1203 2466 1449 2499 chimaericam
1472 2465 1704 2507 hypothesim

136 2521 278 2558 inducit,
302 2531 398 2562 quae
422 2521 479 2553 diu
502 2530 736 2562 perseverare
759 2530 828 2552 non
849 2522 989 2561 posset,¹
1012 2521 1149 2553 etiamsi
1163 2522 1209 2553 ad
1225 2521 1324 2552 solas
1349 2530 1420 2557 res,
1443 2519 1596 2552 dominio
1622 2520 1704 2551 suh-

135 2573 247 2606 iectas
264 2600 271 2613 ,
295 2576 548 2606 coarctaretur.
573 2574 660 2605 Cum
694 2573 784 2605 enim
806 2583 875 2605 non
902 2583 1025 2605 omnes
1051 2573 1119 2605 sint
1151 2583 1220 2606 non
1245 2574 1363 2606 solum
1400 2573 1546 2614 paribus
1571 2573 1704 2605 viribus

131 2627 306 2665 instructi,
331 2628 396 2660 sed
419 2638 483 2660 nec
507 2637 619 2668 aeque
634 2630 889 2668 temperantes,
907 2636 1021 2667 aeque
1038 2627 1157 2665 sobrii,
1180 2637 1293 2668 aeque
1311 2627 1460 2668 providi,
1476 2627 1642 2659 continuo
1660 2637 1705 2659 ex

135 2682 351 2721 aequalitate
374 2681 606 2721 inaequalitas
629 2684 864 2719 nasceretur;
887 2681 952 2713 nisi
976 2681 1008 2713 in
1030 2684 1166 2713 tantum
1197 2681 1395 2713 dementiae
1431 2681 1646 2718 deveniatur,
1669 2683 1708 2712 ut

131 2735 349 2773 helluonum,
373 2735 552 2767 ebriorum
577 2737 611 2767 et
633 2735 868 2776 prodigorum
893 2744 975 2767 sors
1000 2734 1222 2776 aequiparari
1246 2735 1332 2767 velit
1356 2735 1501 2767 assidue
1525 2745 1603 2767 cum
1624 2744 1708 2766 con-

134 2788 265 2821 ditione
287 2790 475 2827 hominum,
499 2790 557 2830 qui
580 2789 766 2821 contrariis
790 2789 979 2821 virtutihus
996 2792 1175 2827 ornentur,
1197 2790 1270 2822 Sed
1293 2790 1528 2827 incommoda,
1552 2798 1642 2829 quae
1660 2798 1707 2820 ex

134 2841 295 2873 absurdo
317 2840 378 2873 illo
403 2844 603 2882 systemate
628 2841 837 2879 scaturiunt,
852 2843 907 2874 tot
922 2843 1092 2881 tantaque
1110 2844 1191 2874 sunt
1208 2844 1243 2873 et
1260 2842 1351 2874 adeo
1374 2851 1439 2883 per
1463 2851 1501 2873 se
1520 2841 1703 2878 evidentia3

134 2897 173 2927 ut
185 2896 330 2935 tempus
343 2894 481 2927 frustra
493 2898 609 2928 terere
623 2905 677 2927 me
690 2897 865 2936 putarem,
877 2895 907 2927 si
921 2895 1051 2927 seriam
1066 2895 1141 2928 eius
1154 2895 1455 2937 impugnationem
1468 2896 1701 2928 adstruerem.
