1970 3203
335 252 470 279 CAPUT
486 252 509 277 1.
531 251 584 278 DE
604 251 794 278 GENTlUM
814 250 1116 279 RELATIONIBUS
1136 252 1178 278 IN
1199 251 1337 278 STATU
1357 251 1475 278 PACls
1607 239 1686 279 341.

121 331 236 379 iura,
268 330 543 383 proprietates
574 344 622 370 ac
654 331 830 370 ditiones
859 331 998 382 ipsas,
1029 334 1175 369 contra
1204 328 1367 368 divinas
1395 329 1686 381 humanasque

122 395 250 446 leges,
281 392 434 433 sanciri
464 392 652 432 videatur
672 395 748 445 (1).
772 409 791 432 »
815 392 1035 433 Damnatio
1055 393 1163 432 illius
1190 392 1282 431 falsi
1303 392 1492 444 principii
1515 405 1688 444 posmo-

118 457 210 496 dum
242 456 399 495 inserta
427 461 490 495 est
520 456 696 508 Syllabo
726 456 1005 509 propositione
1036 457 1167 496 LXII.

170 522 354 572 Itemque
382 520 416 559 si
446 520 621 561 finitima
646 522 758 560 natio
788 521 895 560 fame
916 525 986 558 aut
1008 520 1240 571 pestilentia
1259 525 1330 559 aut
1349 519 1441 558 aliis
1465 519 1679 560 aerumnis

117 584 290 629 laborat;
321 588 513 623 tenentur
541 585 659 633 aliae,
691 585 826 637 quoad
855 590 1038 635 possunt,
1069 583 1274 631 auxiliari,
1299 582 1494 622 adhibitis
1524 584 1662 623 cautio

117 647 237 686 nibus
254 660 304 686 ne
324 646 434 687 idem
456 654 525 688 aut
542 649 756 688 consimile
773 648 926 686 malum
943 647 1166 686 offendant.
1184 646 1394 686 Praecisis
1410 652 1548 686 autem
1565 647 1681 687 hisce

119 712 325 764 periculis,
355 713 493 753 officio
524 726 689 765 semper
718 726 904 766 quaeque
933 712 1113 751 societas
1142 711 1411 764 adstringitur
1442 711 1683 751 conferendi

119 789 287 828 operam
318 778 369 817 ad
400 785 634 818 ceterarum
655 779 839 830 gentium
861 779 1038 817 salutem
1067 782 1107 816 et
1126 777 1442 828 prosperitatem
1464 783 1503 816 et
1523 790 1683 828 pacem.

175 843 362 883 Maxime
383 857 479 884 vero
500 857 674 884 necesse
695 850 758 884 est
776 850 819 883 ut
842 843 1148 896 perfectionem,
1163 855 1268 894 quae
1287 842 1469 881 animum
1492 850 1531 882 et
1550 855 1691 883 mores

120 908 295 960 attingit,
325 909 367 948 in
397 909 490 949 aliis
511 916 705 962 augeant,
727 910 815 950 sive
837 922 974 962 opera,
998 909 1086 948 sive
1108 909 1310 959 exemplo,
1332 908 1421 948 sive
1442 909 1566 948 etiam
1591 922 1689 960 pru-

120 972 229 1011 denti
260 973 446 1012 consilio.
479 975 586 1012 Tum
615 980 657 1013 ut
686 973 892 1012 amicitias
922 977 1147 1012 exerceant
1176 972 1428 1023 reciprocas;
1460 984 1538 1010 nec
1569 984 1690 1011 com-

120 1035 281 1076 mittant
312 1042 355 1074 ut
384 1050 461 1075 sua
491 1038 614 1088 culpa
642 1051 724 1089 pax
747 1037 1018 1084 defervescat,
1036 1041 1106 1075 aut
1126 1035 1279 1087 aliquid
1298 1041 1482 1087 patretur
1502 1048 1528 1073 a
1548 1034 1689 1083 sociis,

120 1102 228 1153 quod
256 1106 422 1141 mutuae
451 1102 699 1142 concordiae
728 1102 895 1142 officiat.
918 1104 1049 1141 Immo
1071 1115 1169 1141 vero
1190 1100 1225 1140 si
1247 1101 1411 1152 quando
1432 1101 1607 1154 litigium
1631 1100 1687 1139 in-

119 1163 294 1203 tervenit
313 1178 323 1212 ;
354 1165 452 1203 illud
482 1165 672 1205 dirimere
702 1167 895 1205 studeant
924 1165 1086 1216 legibus
1108 1165 1243 1216 potius
1263 1164 1484 1216 aequitatis
1507 1171 1546 1203 et
1566 1164 1689 1204 bene-

117 1229 336 1278 volentiae,
367 1244 490 1283 quam
520 1231 756 1283 cupiditatis
786 1236 858 1270 aut
878 1230 1069 1270 ferociae.
1105 1230 1233 1269 Cuius
1254 1231 1314 1269 rei
1335 1231 1571 1282 exemplum
1592 1229 1690 1269 insi-

118 1305 212 1344 gne,
242 1294 395 1333 nostris
416 1295 680 1346 temporibus,
701 1295 902 1334 dederunt
925 1293 1150 1333 Germania
1171 1298 1210 1331 et
1231 1292 1450 1344 Hispania,
1471 1307 1577 1344 quae
1597 1306 1692 1332 cum

118 1357 417 1398 contenderent
432 1359 537 1398 inter
557 1372 602 1398 se
619 1360 668 1398 de
688 1358 834 1398 insulis
857 1357 1074 1404 Carofinis,
1091 1370 1175 1396 non
1192 1356 1244 1395 ad
1260 1369 1378 1395 arma
1398 1355 1692 1407 confugerunt,

119 1419 195 1458 sed
223 1419 334 1459 litem
365 1421 636 1461 dirimendam
665 1434 917 1474 proposuere
947 1422 1137 1460 Romano
1169 1419 1380 1467 Pontifici,
1412 1420 1542 1459 Leoni
1574 1419 1690 1466 XIII,

121 1485 292 1538 eiusque
322 1488 551 1528 sententiae
572 1488 726 1527 dociles
747 1487 1055 1539 acquieverunt.
1072 1488 1207 1538 Atque
1228 1486 1334 1525 haec
1356 1485 1595 1525 summatim
1624 1485 1692 1523 in·-

122 1549 264 1590 nuisse
294 1551 397 1591 satis
426 1558 501 1600 est,
522 1566 616 1592 cum
646 1565 718 1604 per
749 1565 794 1591 se
824 1556 993 1603 pateant
1012 1550 1053 1589 in
1084 1555 1356 1602 promptuque
1378 1549 1459 1588 sint
1486 1549 1690 1588 omnibus.

176 1615 357 1654 Tantum
387 1615 653 1656 observatum
682 1616 872 1654 volumus
902 1613 1101 1654 eiusmodi
1132 1612 1272 1652 officia
1292 1611 1606 1659 beneficentiae,
1630 1624 1694 1651 eo-

118 1691 210 1716 rum
239 1691 410 1718 numero
441 1681 665 1729 contineri,
697 1693 802 1732 quae
834 1680 1082 1732 imperfecta
1112 1683 1326 1725 vocantur,
1357 1690 1462 1729 quae
1492 1676 1695 1728 postulari

119 1744 282 1795 quidem
311 1751 496 1796 possunt,
528 1752 569 1785 at
599 1746 637 1785 vi
668 1746 779 1797 exigi
807 1745 976 1784 minime
997 1750 1182 1796 possunt.
1204 1744 1323 1790 Nam,
1345 1742 1453 1794 quod
1475 1741 1687 1793 proprium

120 1814 183 1848 est
211 1809 442 1849 officiorum
472 1810 818 1862 imperfectorum,
847 1810 889 1848 in
918 1809 968 1849 iis
996 1809 1134 1847 locum
1163 1807 1299 1855 habet;
1330 1806 1525 1845 nimirum
1547 1815 1590 1846 ut
1612 1805 1685 1845 de-

119 1872 266 1923 negari
296 1878 448 1924 queant
468 1905 477 1921 ‚
520 1872 618 1926 quin
647 1874 803 1914 iustitia
831 1873 993 1925 proprie
1030 1872 1140 1911 dicta
1168 1871 1368 1911 laedatur.
1400 1870 1499 1909 Sola
1541 1876 1680 1909 autem

118 1937 224 1977 ratio
253 1937 433 1978 iustitiae
453 1940 506 1978 ad
527 1940 610 1978 vim
630 1939 909 1978 adhibendam
930 1938 1070 1978 tribuit
1089 1936 1338 1983 facultatem,
1361 1935 1561 1988 siquidem
1584 1942 1682 1975 tunc

120 2003 337 2043 dumtaxat
364 2018 444 2052 res,
475 2005 524 2044 de
552 2019 632 2057 qua
662 2005 812 2058 agitur,
844 2005 896 2043 ad
917 2005 1041 2043 aliam
1062 2002 1264 2054 pertinere
1285 2001 1364 2041 dici
1386 2008 1531 2053 potest.
1556 2000 1684 2040 Exci-

119 2064 228 2116 pitur
258 2079 382 2106 casus
412 2075 623 2108 extremae
652 2070 719 2108 vel
747 2067 866 2120 quasi
886 2073 1099 2107 extremae
1118 2065 1400 2112 necessitatis,
1422 2065 1464 2104 in
1484 2079 1577 2117 qua,
1600 2078 1689 2116 pro-

120 2128 309 2180 portione
336 2137 515 2179 servata‚
544 2133 684 2171 valent
712 2145 773 2178 ea,
805 2144 910 2184 quae
941 2131 990 2170 de
1014 2129 1251 2169 hominibus
1271 2128 1554 2181 singularibus
1575 2128 1686 2167 dicta

121 2200 218 2233 sunt
246 2195 288 2234 in
318 2197 411 2238 Iure
441 2198 693 2240 individuali.

665 2328 1052 2366 ARTICULUS
1100 2325 1151 2364 ΙΙ.

722 2446 790 2485 De
819 2444 1083 2485 commercio.

175 2578 211 2615 3.
235 2577 390 2617 Gentes
411 2576 464 2615 ad
483 2576 732 2616 commercia
746 2579 891 2616 mutuo
909 2573 1146 2615 exercenda
1162 2572 1419 2613 inducuntur
1433 2573 1476 2612 vi
1495 2576 1687 2612 naturae.

122 2644 216 2682 Non
245 2642 366 2682 modo
395 2641 587 2694 propriae
616 2640 802 2680 utilitatis
832 2653 962 2679 causa
986 2671 995 2687 ‚
1021 2639 1097 2678 sed
1126 2638 1248 2677 etiam
1278 2645 1443 2689 propter
1479 2637 1691 2683 auxilium,

123 2709 230 2761 quod
262 2708 452 2748 nationes
480 2707 558 2746 sibi
587 2706 764 2746 invicem
787 2706 946 2753 debent,
967 2705 1196 2744 luculenter
1215 2703 1399 2755 sequitur
1425 2708 1466 2742 ut
1496 2713 1696 2743 commer-

127 2774 193 2813 cia
221 2774 327 2814 inter
353 2787 400 2813 se
428 2778 663 2821 exerceant:
695 2785 801 2824 quae
820 2773 1051 2823 generatim
1071 2770 1112 2809 in
1133 2768 1330 2816 emendis,
1354 2767 1599 2814 vendendis,
1621 2771 1693 2805 aut

171 2891 221 2930 (1)
246 2893 308 2924 SS.
332 2892 372 2923 D.
387 2893 427 2924 N.
441 2891 493 2923 Pii
504 2891 619 2923 divina
629 2890 859 2923 Providentia
873 2891 995 2931 Papae
1010 2889 1071 2920 IX.
1088 2886 1268 2920 Allocutio
1281 2886 1401 2919 habita
1418 2885 1452 2917 in
1468 2883 1692 2918 Consistorio

130 2947 283 2978 secreto.
307 2945 362 2978 die
385 2946 537 2978 XXVIII
559 2944 781 2987 Septembris
803 2944 1034 2976 MDCCCLX.
