1970 3203
183 203 260 244 192
574 216 641 242 ms
670 215 1009 242 NATURAE-PARS
1039 215 1076 241 11.
1108 216 1173 242 ms
1204 215 1375 243 sociALE

184 292 498 344 adipiscendum
516 292 641 331 homo
660 304 753 330 cum
771 289 864 329 aliis
881 289 1079 338 sociatur,
1096 296 1234 343 potest
1251 303 1344 330 esse
1362 292 1424 331 vel
1444 291 1762 332 determinatum

181 358 223 396 in
243 357 381 409 aliquo
404 356 604 410 peculiari
635 368 802 408 genere,
821 357 888 395 vel
909 364 1131 396 extensum
1152 356 1204 395 ad
1226 362 1354 395 totam
1386 357 1511 397 veluti
1534 371 1759 410 personam

181 424 363 463 hominis
394 424 564 475 eiusque
594 422 866 462 activitatem.
890 423 931 462 Si
963 422 1140 474 primum
1162 422 1328 470 accidit,
1352 423 1532 463 societas
1546 423 1769 477 partialis

182 488 367 540 emergit:
398 501 505 540 quae
535 500 618 526 non
649 486 844 539 quidquid
865 487 918 525 ad
939 487 1148 526 hominem
1170 487 1362 539 pertinet,
1383 501 1462 527 nec
1483 494 1612 528 totam
1634 489 1764 528 vitam

181 555 363 595 hominis
393 554 564 606 eiusque
595 553 717 602 vires,
740 555 814 593 sed
845 554 998 593 bonum
1029 553 1280 605 particulare
1311 559 1485 606 spectat,
1516 569 1566 595 ac
1589 556 1761 607 proinde

182 620 357 672 gradum
388 619 567 671 aliquem
590 618 807 659 dumtaxat
828 618 1005 658 actionis
1023 618 1075 657 ad
1096 631 1141 657 se
1173 617 1390 658 convertit.
1415 618 1627 659 Eiusmodi
1650 629 1764 660 esset

181 683 498 736 exgnsocietas
509 683 723 730 litteraria,
736 682 1009 731 industrialis,
1020 683 1212 734 aliaeque
1230 682 1483 723 consimiles.
1498 683 1569 723 Sin
1583 685 1763 725 alterum

182 747 361 795 eveniat,
377 747 561 787 societas
583 746 743 786 dicetur
761 747 917 794 totali&
931 759 1119 799 quaeque
1136 759 1219 785 nou
1238 746 1291 785 ad
1306 747 1386 787 hoc
1409 748 1473 787 vel
1490 747 1589 788 illud
1605 748 1764 788 bonum

182 814 310 854 sociis
326 814 634 866 procurandum
651 813 926 865 restringitur,
937 813 1011 852 sed
1027 812 1175 852 mediis
1188 812 1265 852 sibi
1282 813 1460 866 propriis
1477 814 1768 868 attingitquid-

182 879 278 931 quid
298 879 351 918 ad
371 879 557 931 ipsorum
578 878 817 918 felicitatem
839 877 1220 930 perfectionemque
1237 876 1375 930 aliqua
1394 877 1555 918 ratione
1575 879 1766 920 refertur.

235 945 373 985 Huius
397 944 566 996 generis
595 950 681 983 tres
710 942 936 983 societates
966 943 1186 983 exsistunt:
1217 943 1462 993 domestica,
1485 945 1624 985 civilis
1655 946 1764 984 reli-

178 1011 326 1063 9ioscz;
357 1023 463 1062 quae
485 1009 525 1048 in
548 1008 820 1049 determinato
850 1021 968 1060 gyro,
992 1007 1252 1059 singularum
1273 1008 1451 1060 proprio,
1474 1009 1528 1048 ad
1549 1009 1758 1062 integram

184 1077 364 1118 hominis
385 1076 724 1129 personalitatem
748 1082 950 1127 spectant.
969 1074 1089 1121 Quod
1111 1087 1210 1113 vero
1228 1074 1308 1114 hae
1329 1081 1488 1114 tantum
1512 1082 1596 1116 tres
1617 1075 1660 1114 in
1685 1076 1766 1116 hoc

181 1156 339 1196 genere
356 1142 583 1182 societates
602 1141 815 1181 numerari
838 1140 1030 1189 debeant,
1050 1140 1317 1192 perspicuum
1334 1148 1408 1181 est.
1427 1142 1534 1180 Nam
1552 1143 1690 1191 homo,
1712 1142 1771 1180 in-

182 1215 299 1260 tegre
325 1213 552 1260 acceptus‚
584 1207 625 1245 in
656 1206 805 1258 triplici
849 1205 1050 1245 relatione
1082 1206 1339 1245 considerari
1375 1212 1519 1257 potest.
1564 1207 1760 1254 Primum,

183 1280 306 1325 prout
335 1273 388 1312 ad
409 1285 456 1312 se
486 1271 792 1324 complendum,
817 1278 901 1310 tum
932 1270 972 1308 in
995 1269 1163 1322 propria
1193 1270 1500 1322 personalitate,
1524 1277 1608 1309 tum
1626 1271 1768 1322 quoad

184 1340 451 1393 quotidianae
472 1339 582 1379 vitae
604 1351 736 1386 usum,
755 1337 964 1384 adnititur,
984 1343 1106 1388 atque
1127 1336 1168 1374 id
1189 1336 1458 1388 consequitur
1473 1337 1675 1376 societate
1696 1337 1768 1375 do-

186 1407 373 1446 mestica.
404 1405 575 1451 Deinde,
606 1411 811 1456 quatenus
840 1403 952 1442 bona
980 1401 1246 1453 temporaria,
1276 1401 1424 1453 quibus
1445 1401 1614 1453 indiget,
1639 1402 1760 1453 plene

184 1473 475 1524 cumulateque
505 1470 710 1523 conquirit
739 1476 780 1509 et
808 1468 1035 1509 relationes
1062 1481 1156 1507 cum
1190 1468 1341 1507 ceteris
1372 1468 1610 1508 hominibus
1640 1468 1767 1508 stabi-

181 1536 276 1577 liter
305 1536 481 1583 ordinat,
512 1541 635 1587 atque
665 1534 718 1572 acl
743 1534 823 1573 hoc
855 1532 1037 1585 suppetit
1067 1533 1206 1572 civilis
1234 1533 1427 1572 societas.
1459 1534 1690 1582 Postremo,
1723 1533 1765 1572 in

182 1607 383 1655 quantum
417 1600 573 1640 directe
604 1598 790 1638 felicitati
820 1598 992 1638 alterius
1025 1597 1134 1638 vitae
1164 1604 1390 1650 operatur,
1424 1604 1463 1638 et
1490 1598 1766 1638 relationibus

182 1667 331 1714 studet,
362 1665 511 1718 quibus
541 1678 636 1704 cum
666 1664 755 1703 Deo
777 1663 932 1715 optimo
954 1661 1136 1701 maximo
1167 1661 1465 1713 adstringitur;
1502 1668 1542 1700 et
1563 1661 1659 1700 huic
1682 1675 1769 1700 mu-

182 1732 272 1772 neri
315 1725 537 1781 respondet
566 1729 745 1769 societas
776 1729 996 1781 relc'yioscz.
1036 1730 1097 1768 De
1127 1728 1194 1767 his
1222 1727 1349 1780 igitur
1378 1727 1510 1767 tribus
1551 1727 1772 1767 societatis

184 1798 406 1852 speciebus
427 1797 557 1836 tribus
579 1795 783 1848 capitibus
804 1794 1072 1842 disseremus,
1088 1801 1131 1833 ut
1152 1793 1489 1834 sufficiensIuris
1511 1793 1682 1833 socialis
1699 1806 1769 1832 no-

183 1865 275 1904 titia
303 1864 355 1903 ab
382 1861 719 1901 adolescentibus
750 1865 1026 1912 comparetur.
1050 1860 1101 1899 Et
1122 1859 1313 1911 quamvis
1344 1859 1606 1911 potissimum
1626 1858 1669 1897 in
1690 1871 1762 1898 so—

184 1932 334 1971 cietate
363 1929 476 1969 civili
506 1928 768 1969 enucleanda
813 1927 1091 1967 insistendum
1128 1926 1203 1974 sit,
1234 1925 1529 1974 nihilominus,
1561 1931 1760 1978 quantum

182 2011 361 2038 necesse
390 1997 489 2044 erit,
519 1994 675 2047 aliquid
704 1996 752 2033 de
783 1993 944 2033 duabus
975 1993 1068 2033 aliis
1098 1991 1370 2032 delibabimus
1393 2025 1401 2040 ‚
1427 2005 1535 2044 quae
1566 2005 1660 2031 cum
1692 1991 1764 2031 illa

183 2061 417 2103 arctissime
448 2060 695 2112 copulantur
725 2057 902 2097 Familia
932 2056 1042 2096 enim
1073 2057 1324 2096 elementum
1355 2063 1394 2096 et
1423 2069 1596 2108 germen
1624 2062 1686 2095 est
1714 2057 1767 2095 ci-

183 2128 336 2169 vitatis.
368 2127 556 2166 Societas
586 2138 685 2165 vero
714 2123 914 2176 religiosa
942 2136 1026 2162 non
1057 2122 1179 2162 modo
1211 2123 1336 2162 finem
1366 2122 1547 2162 civitatis
1571 2122 1769 2174 complet,

183 2196 258 2235 sed
288 2195 412 2234 etiam
444 2191 580 2231 media
619 2189 882 2242 suppeditat,
912 2188 1002 2228 sine
1046 2187 1193 2241 quibus
1224 2187 1358 2228 civilis
1401 2188 1564 2228 cultura
1595 2193 1635 2228 et
1679 2201 1766 2239 pax

185 2260 417 2300 consistere
447 2256 615 2296 minime
644 2259 831 2306 possunt.

685 2450 932 2503 CAPUT
971 2448 1275 2501 PRIMUM

552 2599 616 2625 DE
664 2593 1000 2624 SOCIETATE
1049 2592 1405 2619 DOMESTICA.

238 2722 274 2759 1.
304 2720 379 2760 Est
407 2717 590 2757 societas
621 2713 865 2766 composita.
899 2710 1090 2751 Societas
1123 2710 1373 2757 domestica,
1406 2708 1526 2767 quasi
1559 2712 1687 2748 totum
1720 2722 1773 2749 ex

186 2783 385 2838 partibus,
418 2794 471 2821 ex
505 2779 634 2818 tribus
664 2774 986 2829 simplicioribus
1018 2773 1288 2813 societatibus
1317 2771 1543 2812 coalescit:
1574 2771 1770 2811 nimirum

189 2846 424 2899 coniugali,
448 2857 553 2897 quae
575 2843 616 2881 in
638 2841 850 2880 iunctione
872 2838 948 2878 viri
972 2843 1012 2877 et
1031 2836 1176 2876 uxoris
1193 2836 1328 2887 posita
1350 2841 1424 2883 est,
1447 2849 1497 2874 ac
1515 2836 1693 2888 primum
1715 2835 1774 2874 fa-

190 2913 329 2954 miliae
353 2910 527 2964 praebet
548 2907 874 2952 sundamentum;
903 2905 1101 2954 paterna,
1124 2912 1229 2952 quae
1251 2899 1363 2951 viget
1383 2899 1490 2939 inter
1514 2905 1709 2951 parentes
1731 2905 1771 2939 et
