1970 3203
210 203 289 243 208
578 215 644 242 ms
673 213 876 241 NATURAE
897 223 918 229 -
939 213 1047 241 PARS
1076 214 1114 240 11.
1144 214 1211 242 1th
1240 215 1412 244 socmm:

212 292 356 332 ordine
389 291 697 344 supernaturali
719 290 1085 344 contemplemur?
1108 292 1424 332 Matrimonium
1452 307 1477 333 a
1499 294 1667 336 Christo
1693 307 1785 335 eve-

208 363 318 396 ctum
350 361 415 397 est
438 357 479 397 in
502 355 696 396 Ecclesia
720 355 773 395 ad
804 355 1046 408 dignitatem
1077 356 1344 396 sacramenti.
1377 356 1423 396 Id
1453 370 1576 398 nemo
1607 358 1787 398 inficiari

207 427 362 473 potest,
385 421 481 474 quin
503 421 585 460 hoc
601 420 692 473 ipso
710 420 763 459 ab
785 420 1005 460 Ecclesiae
1026 420 1321 460 communione
1343 419 1564 462 desciscat.
1591 438 1610 460 «
1636 422 1678 461 Si
1700 422 1792 474 quis

205 486 359 525 dixerit
388 484 700 525 matrimonium
721 497 806 524 non
827 497 921 524 esse
943 497 1041 524 vere
1070 489 1110 523 et
1134 484 1301 536 proprie
1331 498 1460 524 unum
1479 499 1502 525 e
1531 491 1689 538 septem
1712 486 1788 526 Sa·

209 552 439 592 oramentis
470 551 576 604 legis
605 550 890 603 evangelicae,
911 565 937 590 a
966 549 1136 590 Christo
1168 550 1347 589 Domino
1373 550 1618 600 institutum,
1642 553 1718 593 sed
1737 552 1790 592 ab

204 618 450 658 hominibus
480 618 522 657 in
544 617 739 657 Ecclesia
769 617 999 664 inventum,
1018 628 1156 668 neque
1185 616 1365 669 gratiam
1391 617 1597 666 conferre,
1619 618 1789 658 anathe—

206 697 276 722 ma
296 683 349 722 sit
371 684 445 733 (1).
469 697 488 720 »
512 682 638 735 Atqui
660 682 937 722 Sacramenta
957 686 1098 733 utpote
1118 680 1172 720 ad
1191 680 1440 733 religionem
1466 681 1647 722 maxime
1670 682 1791 734 perti-

206 749 361 796 nentia,
384 750 498 789 nullo
520 748 642 788 modo
664 748 942 788 subiiciuntur
958 746 1155 799 potestati
1185 746 1308 795 civili,
1330 747 1405 787 sed
1426 747 1518 786 sola
1538 748 1790 788 auctoritate

208 812 501 853 ecclesiastica
521 817 818 864 temperantur.
841 812 953 862 Ergo
978 811 1303 858 matrimonium,
1325 811 1366 849 in
1385 824 1431 851 se
1452 818 1699 863 spectatum,
1723 812 1785 852 ci-

206 879 279 918 vili
309 878 505 932 potestati
535 892 620 918 non
642 877 842 926 subditur,
873 878 948 917 sed
967 883 1130 917 tantum
1159 877 1390 917 Ecclesiae.
1414 878 1535 924 Quod
1556 891 1789 931 argumen-

206 952 293 986 tum
325 951 470 986 tantae
501 944 737 985 evidentiae
767 950 843 992 est‚
873 949 917 982 ut
944 943 1131 995 pluribus
1163 944 1404 983 confirmari
1434 957 1518 983 non
1550 949 1684 997 egeat.

742 1074 983 1114 Solvuntur·
1011 1074 1304 1127 dffflcultates.

258 1209 320 1249 18.
354 1206 484 1247 Obiie.
517 1206 547 1244 I.
579 1204 703 1244 Ratio
734 1203 1001 1243 Sacramenti
1031 1204 1222 1255 separari
1260 1210 1396 1256 potest
1425 1218 1451 1244 a
1481 1204 1646 1244 ratione
1683 1217 1788 1245 con-

206 1278 380 1312 tractus.
404 1271 451 1311 Id
480 1284 580 1311 vero
612 1270 647 1309 si
676 1270 762 1317 fiat,
784 1268 1092 1308 matrimonium
1119 1268 1266 1308 subiici
1288 1269 1438 1320 poterit
1465 1269 1704 1310 auctoritati
1727 1269 1794 1309 ci—

202 1339 286 1388 vili,
316 1344 531 1391 tamquam
561 1350 703 1377 merus
722 1341 988 1385 contractus.

258 1407 309 1446 R.
340 1406 460 1444 Haec
492 1403 670 1444 obiectio
702 1401 855 1455 duplici
886 1415 938 1441 ex
968 1406 1085 1453 parte
1115 1400 1296 1442 vacillat.
1322 1402 1520 1451 Primum,
1551 1402 1649 1454 quia
1678 1401 1786 1441 ratio

207 1471 470 1514 Sacramenti
500 1471 615 1509 nullo
636 1470 759 1509 modo
781 1468 971 1521 separari
992 1473 1128 1520 potest
1157 1481 1183 1507 a
1212 1467 1375 1508 ratione
1405 1474 1661 1516 contractus,
1683 1481 1783 1520 pro-

206 1545 352 1592 pterea
382 1538 492 1590 quod
521 1536 611 1588 ipse
641 1539 884 1575 contractus
905 1538 1078 1574 evectus
1109 1539 1172 1573 est
1202 1534 1256 1572 ad
1279 1534 1613 1582 Sacramentum,
1646 1547 1722 1574 seu
1741 1534 1783 1573 in

206 1607 532 1646 Sacramentum
563 1612 808 1640 conversus.
854 1599 986 1638 Secus
1017 1610 1100 1637 non
1130 1597 1267 1650 ipsum
1305 1597 1614 1638 matrimonium
1637 1630 1646 1646 ,
1677 1599 1787 1649 quod

205 1678 320 1710 certe
361 1681 455 1708 cum
487 1671 709 1706 contractu
739 1663 1035 1710 confunditur,
1069 1662 1278 1702 diceretur
1308 1675 1403 1701 esse
1435 1662 1784 1711 Sacramentum;

202 1735 278 1775 sed
310 1735 635 1773 Sacramentum
665 1735 779 1768 esset
807 1727 989 1779 qualitas
1018 1726 1162 1778 aliqua
1203 1726 1470 1765 matrimonio
1501 1726 1702 1765 adiuncta
1732 1727 1787 1766 ad

205 1801 344 1854 ipsum
375 1794 694 1841 nobilitandum,
717 1802 758 1833 et
778 1793 869 1832 sine
891 1806 973 1845 qua
1002 1791 1326 1840 matrimonium,
1349 1792 1402 1830 ad
1432 1791 1660 1831 essentiam
1681 1793 1791 1844 quod

206 1866 401 1919 pertinet,
421 1876 506 1902 non
525 1864 750 1901 corrueret.
770 1859 817 1898 Id
832 1872 932 1899 vero
948 1858 1222 1898 salsissimum
1240 1865 1303 1897 est
1321 1872 1339 1895 (<
1360 1858 1578 1897 Catholica
1598 1857 1788 1897 doctrina

203 1937 266 1971 est
301 1931 622 1970 Sacramentum
656 1937 740 1964 non
771 1937 866 1964 esse
896 1922 1137 1976 qualitatem
1159 1955 1167 1971 ,
1199 1935 1306 1974 quae
1335 1921 1572 1962 contractui
1603 1921 1780 1970 accidat,

204 2001 278 2038 sed
308 1997 362 2036 ad
392 1994 522 2047 ipsius
553 1991 762 2047 pertinere
783 1989 1024 2037 essentiam,
1055 1989 1114 2029 ita
1133 1994 1178 2028 ut
1205 1988 1441 2041 coniugalis
1471 1989 1653 2028 societas
1674 1988 1782 2028 inter

204 2060 470 2102 Christianos
490 2057 544 2097 sit
562 2055 750 2108 legitima
770 2060 931 2093 tantum
947 2053 989 2092 in
1012 2053 1287 2107 Sacramento
1310 2052 1576 2100 matrimonii,
1595 2065 1646 2091 ac
1667 2065 1782 2103 prae-

201 2135 263 2169 ter
294 2129 614 2168 Sacramentum
644 2135 728 2161 non
757 2121 964 2161 habeatur
984 2152 994 2168 ,
1034 2119 1114 2159 nisi
1144 2132 1272 2169 purus
1307 2118 1612 2159 concubinatus
1645 2119 1718 2170 (2).
1760 2132 1780 2155 ›>

202 2192 363 2234 Deinde
385 2190 553 2229 vacillat
573 2185 751 2227 obiectio
772 2199 824 2225 ex
856 2198 919 2233 eo,
943 2183 1053 2236 quod
1078 2182 1400 2230 matrimonium,
1423 2182 1586 2222 etiamsi
1616 2188 1659 2222 ut
1679 2195 1789 2222 con—

201 2265 363 2299 tractus
383 2268 496 2295 mere
516 2250 720 2292 naturalis
750 2249 1037 2290 consideretur
1053 2280 1061 2296 ,
1086 2247 1279 2299 potestati
1310 2246 1423 2285 civili
1443 2246 1592 2286 subiici
1622 2245 1788 2298 nequit.

202 2322 381 2370 Etenim,
415 2315 765 2372 quemadmodum
795 2327 922 2365 supra
943 2312 1167 2364 probatum
1189 2316 1265 2358 est,
1286 2310 1411 2349 etiam
1441 2309 1517 2348 sub
1540 2309 1611 2349 tali
1641 2309 1786 2349 consi—

208 2386 427 2427 deratione
457 2396 527 2423 res
547 2395 605 2430 es,
636 2393 743 2432 quae
763 2385 915 2418 natura
944 2389 1023 2417 sua
1042 2376 1095 2414 ad
1125 2375 1190 2414 ius
1210 2373 1476 2422 individuale,
1504 2373 1783 2413 domesticum

204 2458 245 2493 et
273 2451 514 2503 religiosum
544 2445 732 2499 pertinet.

283 2606 333 2646 (1)
361 2603 567 2636 Concilium
599 2597 870 2635 Tridentinum,
893 2597 993 2628 Sess.
1020 2594 1153 2631 XXVI,
1176 2603 1253 2635 cap.
1278 2593 1304 2625 1.

280 2662 331 2703 (2)
356 2661 419 2692 SS.
444 2660 485 2689 D.
509 2659 549 2688 N.
572 2657 657 2687 Pms
681 2654 744 2691 IX,
771 2652 811 2684 in
834 2650 972 2683 litteris
996 2649 1048 2682 acl
1067 2650 1201 2690 Heycm
1224 2647 1445 2684 Sar-cliniae,
1470 2646 1564 2678 datis
1589 2645 1680 2676 XIII.
1703 2644 1790 2677 Kal.

199 2713 327 2747 Octob.
353 2711 443 2744 1852.
469 2708 561 2740 Vide
584 2707 691 2739 etiam
710 2703 987 2738 Alloeutionem
1009 2700 1168 2734 habitam
1185 2702 1229 2732 V.
1255 2699 1336 2732 Kal.
1362 2698 1487 2731 Octob.
1520 2697 1683 2729 eiusdem
1700 2697 1794 2735 anni,

199 2780 242 2802 ac
264 2768 431 2801 Litteras
454 2761 718 2806 Apostolicas,
740 2759 799 2791 XI.
827 2758 907 2790 Kal.
932 2755 1113 2798 Septemb.
1141 2755 1229 2787 1851.
1270 2755 1307 2785 In
1330 2752 1467 2794 Syllabi
1491 2754 1609 2784 autem
1636 2761 1786 2784 numero

201 2821 318 2855 LXVI
343 2818 512 2851 damnata
534 2817 591 2846 est
613 2824 634 2845 a
655 2812 720 2844 Pio
744 2811 794 2842 IX
817 2811 906 2842 hacc
927 2806 1152 2850 propositio:
1187 2804 1474 2838 Matrimonium
1497 2806 1782 2836 sacramentum

201 2886 278 2909 non
302 2877 357 2907 est
380 2871 455 2904 nisi
479 2868 569 2912 quid
593 2864 806 2900 contractui
831 2861 1086 2896 accessorium
1110 2860 1157 2893 ab
1181 2869 1294 2902 eoque
1325 2858 1538 2901 separabile
1554 2884 1561 2895 ‚
1589 2857 1784 2901 ipsumque

207 2929 491 2964 sacramentum
516 2923 553 2955 in
580 2932 656 2954 ιιηα
681 2922 829 2952 ταηττινη
852 2915 1016 2959 nuptiali
1039 2914 1296 2948 benedictione
1319 2913 1433 2946 sitam
1457 2918 1521 2947 est.
