1970 3203
242 280 319 321 206
619 295 683 320 IUS
713 294 914 321 NATURAE
936 305 956 311 -
979 297 1087 324 PARS
1116 298 1153 324 Π.
1183 298 1250 326 lUS
1281 299 1456 328 SOClALE

245 369 367 409 modo
398 370 536 422 quoad
567 370 713 410 civiles
743 370 930 418 effectus,
961 371 1036 411 sed
1065 372 1189 412 etiam
1205 374 1343 427 quoad
1363 375 1589 416 essentiam
1609 383 1649 417 et
1667 377 1821 418 intrin-

233 446 357 473 secas
387 433 650 473 conditiones
679 442 886 486 potestate
918 435 1030 475 civili
1059 436 1293 478 subiectum
1323 452 1418 479 esse
1439 440 1648 483 dixerunt.
1671 442 1764 489 Qua
1783 442 1826 482 in

242 513 285 539 re
315 501 396 540 duo
426 507 668 552 peccarunt:
699 500 899 550 Primum,
930 508 1125 542 naturam
1154 503 1279 543 huius
1327 513 1570 547 contractus
1600 520 1819 560 perperam

235 566 545 613 intellexerunt,
577 565 727 605 deinde
758 567 1038 607 elevationem
1069 567 1257 608 eiusdem
1288 583 1314 608 a
1345 570 1512 612 Christo
1543 572 1698 613 factam
1735 586 1821 614 non

235 633 484 686 cogitarunt.
515 631 580 670 Ad
610 645 682 672 eos
712 632 838 685 igitur
867 633 1139 683 refellendos,
1171 635 1248 674 sub
1279 636 1431 688 duplici
1461 645 1635 691 aspectu
1664 640 1811 679 matri-

234 697 419 738 monium
449 696 708 736 considerari
739 697 869 747 debet,
900 698 1095 737 nimirum
1124 698 1166 737 in
1188 708 1266 738 sua
1285 700 1539 752 perfectione
1569 716 1682 743 mere
1698 709 1817 744 natu-

230 764 319 812 rali,
350 769 555 816 quatenus
587 769 828 803 contractus
858 770 946 813 est3
969 770 1009 804 et
1037 764 1079 803 in
1110 777 1188 804 sua
1218 765 1469 817 perfectione
1493 770 1811 820 supernaturali,

227 835 434 882 quatenus
450 827 492 866 in
511 827 704 867 Ecclesia
725 827 881 867 Christi
911 828 963 867 ad
985 829 1240 868 sacramenti
1271 829 1515 882 dignitatem
1531 831 1730 872 evehitur.
1749 834 1815 873 Ex

227 901 399 946 utroque
429 892 564 945 capite
586 891 897 931 matrimonium
933 906 958 932 a
987 900 1194 944 potestate
1225 893 1334 932 civili
1364 894 1546 946 pendere
1575 908 1658 935 non
1688 909 1813 948 posse

227 959 618 1000 demonstrabimus.

277 1027 388 1064 Ante
418 1032 558 1063 tamen
579 1021 850 1069 advertimus,
872 1028 1001 1062 totam
1018 1023 1099 1062 hac
1117 1023 1158 1062 in
1180 1036 1225 1063 re
1246 1023 1535 1063 confusionem
1555 1024 1651 1065 inde
1674 1026 1816 1077 profe-

225 1096 335 1130 ctam
366 1102 473 1136 esse,
495 1087 605 1140 quod
634 1085 790 1138 politici
819 1085 878 1125 illi
901 1087 1062 1126 Statum
1084 1086 1249 1126 civilem
1269 1087 1397 1128 veluti
1415 1087 1716 1139 omnipotentia
1733 1089 1810 1128 do-

221 1156 427 1203 naverint,
458 1155 498 1193 vi
529 1153 648 1194 cuius
669 1152 762 1191 iura
783 1152 936 1201 omnia,
966 1166 1072 1205 quae
1102 1153 1264 1193 civibus
1294 1152 1513 1201 inharent,
1534 1154 1804 1206 progigneret

221 1226 588 1273 conservaretque.
621 1217 668 1256 Id
697 1224 837 1256 autem
867 1218 1095 1258 absurdum
1126 1224 1200 1257 est.
1235 1218 1342 1256 Nam
1373 1217 1516 1258 Status
1554 1218 1688 1258 civilis
1724 1219 1804 1259 hoc

219 1288 299 1328 sibi
329 1287 526 1333 vindicat,
556 1292 599 1324 ut
630 1297 777 1338 pacem
808 1289 848 1323 et
876 1283 1078 1325 iustitiam
1108 1283 1215 1322 inter
1245 1283 1385 1323 socios
1415 1291 1621 1335 procuret,
1646 1297 1800 1338 eosque

219 1354 428 1394 feliciores
457 1351 632 1400 efficiat;
663 1350 737 1390 sed
768 1350 897 1390 multa
914 1349 1006 1389 iura
1026 1349 1223 1389 subaudit
1252 1350 1335 1388 iam
1366 1349 1628 1398 exsistentia,
1651 1351 1800 1403 quibus

221 1433 306 1459 non
336 1419 543 1458 internam
574 1417 669 1464 vim,
701 1416 775 1456 sed
807 1423 1025 1456 externam
1056 1422 1216 1454 tantum
1239 1416 1410 1455 tutelam
1430 1416 1623 1469 impertit.
1647 1418 1740 1464 Qua
1759 1418 1801 1458 in

216 1499 261 1526 re
282 1492 326 1525 ut
346 1499 463 1525 error
492 1484 654 1530 vitetur,
677 1480 981 1534 dispiciendum
1003 1487 1066 1520 est
1086 1481 1206 1520 cuius
1227 1481 1396 1533 generis
1417 1482 1499 1522 sint
1519 1481 1622 1531 iura,
1644 1483 1694 1523 de
1715 1483 1798 1536 qui-

215 1551 293 1590 bus
321 1550 473 1602 agitur.
503 1549 677 1587 Praeter
707 1546 816 1586 enim
845 1545 938 1585 iura
967 1544 1171 1593 socialia,
1204 1558 1311 1595 quae
1341 1559 1393 1585 ex
1424 1545 1535 1586 facto
1584 1546 1800 1586 societatis

213 1615 408 1666 politicae
439 1618 696 1654 enascuntur
717 1644 725 1659 ,
757 1611 910 1650 adsunt
939 1609 1030 1648 iura
1059 1622 1173 1649 mere
1203 1609 1499 1658 individualia,
1529 1609 1683 1649 adsunt
1709 1610 1802 1651 iura

212 1681 458 1728 domestica,
489 1680 641 1718 adsunt
669 1678 761 1716 iura
791 1675 1001 1728 religiosa,
1034 1689 1139 1728 quae
1170 1675 1361 1715 altiorem
1392 1675 1548 1716 habent
1578 1675 1797 1728 originem,

212 1754 253 1786 et
281 1761 306 1786 a
330 1746 531 1786 societate
562 1743 673 1783 civili
702 1754 878 1794 prorsus
908 1740 1273 1792 independentem.
1310 1741 1359 1779 In
1388 1740 1494 1779 haec
1525 1753 1571 1779 se
1599 1739 1794 1792 ingerere

212 1813 348 1854 civilis
377 1817 565 1865 potestas
607 1808 778 1848 minime
807 1813 975 1860 potest,
1006 1806 1104 1859 quin
1134 1806 1176 1845 in
1212 1806 1394 1845 alienam
1425 1812 1613 1859 segetem
1647 1806 1799 1847 falcem

210 1879 381 1926 iniiciat,
413 1878 486 1917 sed
517 1889 590 1916 eos
621 1876 735 1915 solos
766 1879 986 1926 respectus
1016 1872 1152 1925 quoad
1182 1872 1255 1911 illa
1284 1872 1536 1921 moderatur,
1559 1873 1627 1925 qui
1655 1886 1708 1913 ex
1736 1873 1802 1914 iis-

214 1945 321 1991 dem,
354 1951 566 1995 tamquam
596 1940 751 1980 surculi
783 1939 835 1978 ab
866 1938 1006 1977 radice
1037 1945 1275 1984 nascentes,
1307 1936 1439 1975 ordini
1461 1936 1571 1976 civili
1602 1950 1648 1976 se
1668 1936 1799 1976 inter—

208 2019 364 2061 serunt,
396 2017 518 2063 atque
548 2009 640 2048 ideo
672 2006 817 2046 civiles
847 2006 1024 2045 effectus
1053 2009 1269 2043 vocantur.
1293 2003 1420 2043 Tales
1441 2008 1549 2052 sunt,
1574 2003 1627 2042 ad
1660 2003 1796 2042 matri-

209 2076 407 2123 monium,
439 2073 547 2127 quod
575 2072 734 2119 attinet,
765 2068 948 2110 confinia
966 2067 1183 2120 potestatis
1205 2073 1417 2119 paternae,
1439 2067 1479 2106 vi
1508 2072 1686 2106 naturae
1711 2080 1796 2107 non

208 2140 313 2180 satis
330 2138 617 2185 determinata,
638 2135 739 2176 ordo
756 2131 1041 2174 successionis
1058 2132 1098 2170 in
1116 2131 1375 2171 haereditate
1392 2131 1608 2184 capienda,
1628 2137 1794 2184 tempus

209 2205 501 2258 emancipandi
531 2203 652 2250 filios,
669 2201 797 2241 tutela
817 2199 985 2252 publica
1006 2198 1256 2250 coniugibus
1276 2198 1541 2250 praestanda,
1563 2203 1686 2250 atque
1707 2197 1794 2237 alia
1848 2214 1849 2217 ¹

207 2268 458 2310 huiusmodi.
482 2267 560 2307 His
582 2264 820 2318 praeiactis,
842 2269 1085 2316 sequentem
1109 2260 1425 2301 constabilimus
1446 2260 1786 2313 propositionem.

719 2369 1065 2411 PROPOSITIO
1097 2368 1288 2409 UNICA.

255 2469 317 2507 17.
348 2463 697 2510 Matrimonium,
730 2459 910 2512 eaeceptis
940 2456 1153 2510 effectibus
1184 2469 1297 2495 mere
1327 2455 1533 2504 civilibus,
1565 2455 1610 2494 in
1633 2454 1783 2495 ceteris

201 2533 404 2584 potestati
433 2529 551 2568 civiti
582 2540 668 2566 non
697 2525 907 2565 subditur.

259 2596 383 2636 Prob.
405 2597 433 2634 I.
455 2594 606 2647 Nequit
623 2591 770 2633 subiici
790 2588 985 2643 potestati
1007 2587 1118 2627 civili
1135 2588 1186 2637 id,
1205 2589 1315 2640 quod
1330 2589 1383 2628 ad
1403 2588 1495 2627 iura
1513 2587 1689 2640 pertinet
1706 2600 1787 2627 me-

202 2675 248 2702 re
265 2661 508 2709 domestica,
527 2657 766 2712 personalia
784 2662 824 2696 et
840 2655 1054 2708 religiosa.
1070 2653 1195 2706 Atqui
1217 2654 1300 2694 tale
1321 2660 1384 2694 est
1404 2653 1713 2693 matrimonium
1749 2653 1789 2691 vi

200 2733 389 2766 naturae.
403 2726 514 2777 Ergo
534 2722 842 2763 matrimonium
860 2720 900 2759 vi
920 2725 1095 2759 naturae
1118 2731 1202 2758 non
1224 2717 1411 2757 subditur
1432 2717 1626 2770 potestati
1655 2718 1782 2758 civili.

254 2793 305 2832 Et
315 2791 618 2840 sane,societas
636 2788 771 2828 civilis
781 2785 976 2828 subaudit
992 2784 1238 2825 societatem
1250 2783 1591 2832 domesticam;ac
1602 2785 1777 2837 proinde

202 2860 292 2900 eius
312 2859 405 2898 iura
433 2870 517 2896 non
536 2863 663 2904 creat,
680 2856 755 2894 sed
771 2851 965 2906 agnoscit
981 2857 1021 2890 et
1038 2856 1186 2890 tuetur.
1205 2850 1343 2897 Quare
1360 2863 1411 2890 ea
1429 2849 1582 2899 omnia,
1600 2864 1709 2903 quae
1730 2850 1784 2890 ad

201 2920 680 2972 constitutionemipsam
700 2917 1021 2967 familiae,atque
1039 2914 1075 2953 ei
1090 2913 1349 2953 usinternum
1362 2914 1550 2966 regimen
1567 2921 1777 2967 spectant,

203 3002 466 3043 nequaquam
488 2987 597 3027 civili
613 2983 807 3039 potestati
830 2980 1117 3028 subiiciuntur;
1140 2980 1343 3033 siquidem
1364 2980 1416 3030 id,
1439 2980 1549 3034 quod
1564 2981 1606 3021 in
1627 2987 1778 3021 natura
