<?xml version="1.0" encoding="UTF-8"?>
<!DOCTYPE html PUBLIC "-//W3C//DTD XHTML 1.0 Transitional//EN"
    "http://www.w3.org/TR/xhtml1/DTD/xhtml1-transitional.dtd">
<html xmlns="http://www.w3.org/1999/xhtml" xml:lang="en" lang="en">
 <head>
  <title>
</title>
<meta http-equiv="Content-Type" content="text/html;charset=utf-8" />
  <meta name='ocr-system' content='tesseract 3.04.00' />
  <meta name='ocr-capabilities' content='ocr_page ocr_carea ocr_par ocr_line ocrx_word'/>
</head>
<body>
  <div class='ocr_page' id='page_1' title='image "./institutioneseth00libe_0068.png"; bbox 0 0 1970 3203; ppageno 0'>
   <div class='ocr_carea' id='block_1_1' title="bbox 200 212 1103 253">
    <p class='ocr_par' dir='ltr' id='par_1_1' title="bbox 200 212 1103 253">
     <span class='ocr_line' id='line_1_1' title="bbox 200 212 1103 253; baseline 0.001 -1"><span class='ocrx_word' id='word_1_1' title='bbox 200 212 253 252; x_wconf 76' lang='lat'>64</span> <span class='ocrx_word' id='word_1_2' title='bbox 886 227 1103 253; x_wconf 82' lang='lat' dir='ltr'><strong>ETHICA</strong></span> 
     </span>
    </p>
   </div>
   <div class='ocr_carea' id='block_1_2' title="bbox 710 365 1265 420">
    <p class='ocr_par' dir='ltr' id='par_1_2' title="bbox 710 365 1265 420">
     <span class='ocr_line' id='line_1_2' title="bbox 710 365 1265 420; baseline 0 -15"><span class='ocrx_word' id='word_1_3' title='bbox 710 365 951 406; x_wconf 75' lang='lat' dir='ltr'>Solvuntur</span> <span class='ocrx_word' id='word_1_4' title='bbox 980 367 1265 420; x_wconf 71' lang='lat' dir='ltr'>dffcultates.</span> 
     </span>
    </p>
   </div>
   <div class='ocr_carea' id='block_1_3' title="bbox 173 498 1780 2837">
    <p class='ocr_par' dir='ltr' id='par_1_3' title="bbox 202 498 1780 680">
     <span class='ocr_line' id='line_1_3' title="bbox 252 498 1777 555; baseline 0.001 -16"><span class='ocrx_word' id='word_1_5' title='bbox 252 499 315 540; x_wconf 86' lang='grc'>60.</span> <span class='ocrx_word' id='word_1_6' title='bbox 342 499 471 539; x_wconf 71' lang='grc' dir='ltr'><em>Οὒίίσ.</em></span> <span class='ocrx_word' id='word_1_7' title='bbox 495 498 524 537; x_wconf 92' lang='grc' dir='ltr'>Ι.</span> <span class='ocrx_word' id='word_1_8' title='bbox 543 498 679 555; x_wconf 82' lang='lat' dir='ltr'>Etiam</span> <span class='ocrx_word' id='word_1_9' title='bbox 697 511 852 540; x_wconf 89' lang='lat' dir='ltr'>causae</span> <span class='ocrx_word' id='word_1_10' title='bbox 875 500 1088 540; x_wconf 76' lang='lat' dir='ltr'>naturales</span> <span class='ocrx_word' id='word_1_11' title='bbox 1110 500 1380 552; x_wconf 88' lang='lat' dir='ltr'>perficiuntur</span> <span class='ocrx_word' id='word_1_12' title='bbox 1400 503 1577 554; x_wconf 90' lang='lat' dir='ltr'>propriis</span> <span class='ocrx_word' id='word_1_13' title='bbox 1600 502 1777 542; x_wconf 84' lang='lat' dir='ltr'>actioni-</span> 
     </span>
     <span class='ocr_line' id='line_1_4' title="bbox 202 562 1780 615; baseline 0.002 -12"><span class='ocrx_word' id='word_1_14' title='bbox 202 563 291 612; x_wconf 81' lang='lat' dir='ltr'>bus,</span> <span class='ocrx_word' id='word_1_15' title='bbox 323 570 392 603; x_wconf 89' lang='lat' dir='ltr'>aut</span> <span class='ocrx_word' id='word_1_16' title='bbox 414 569 582 615; x_wconf 88' lang='lat' dir='ltr'>propter</span> <span class='ocrx_word' id='word_1_17' title='bbox 604 562 809 603; x_wconf 81' lang='lat' dir='ltr'>desectum</span> <span class='ocrx_word' id='word_1_18' title='bbox 831 577 876 604; x_wconf 84' lang='lat' dir='ltr'>se</span> <span class='ocrx_word' id='word_1_19' title='bbox 898 564 1125 604; x_wconf 88' lang='lat' dir='ltr'>deteriores</span> <span class='ocrx_word' id='word_1_20' title='bbox 1146 564 1341 613; x_wconf 88' lang='lat' dir='ltr'>efficiunt;</span> <span class='ocrx_word' id='word_1_21' title='bbox 1364 571 1404 604; x_wconf 90' lang='lat' dir='ltr'>et</span> <span class='ocrx_word' id='word_1_22' title='bbox 1423 572 1562 606; x_wconf 88' lang='lat' dir='ltr'>tamen</span> <span class='ocrx_word' id='word_1_23' title='bbox 1588 580 1666 607; x_wconf 90' lang='lat' dir='ltr'>nec</span> <span class='ocrx_word' id='word_1_24' title='bbox 1688 568 1780 606; x_wconf 88' lang='lat' dir='ltr'>lau-</span> 
     </span>
     <span class='ocr_line' id='line_1_5' title="bbox 202 628 1779 680; baseline 0.002 -13"><span class='ocrx_word' id='word_1_25' title='bbox 202 628 352 668; x_wconf 87' lang='lat' dir='ltr'>dantur</span> <span class='ocrx_word' id='word_1_26' title='bbox 372 641 450 668; x_wconf 89' lang='lat' dir='ltr'>nec</span> <span class='ocrx_word' id='word_1_27' title='bbox 470 628 770 680; x_wconf 78' lang='lat' dir='ltr'>vituperantur.</span> <span class='ocrx_word' id='word_1_28' title='bbox 790 630 901 679; x_wconf 80' lang='lat' dir='ltr'>Ergo</span> <span class='ocrx_word' id='word_1_29' title='bbox 919 642 945 667; x_wconf 92' lang='lat' dir='ltr'>a</span> <span class='ocrx_word' id='word_1_30' title='bbox 965 628 1053 680; x_wconf 85' lang='lat' dir='ltr'>pari</span> <span class='ocrx_word' id='word_1_31' title='bbox 1075 628 1184 668; x_wconf 88' lang='lat' dir='ltr'>idem</span> <span class='ocrx_word' id='word_1_32' title='bbox 1203 628 1252 668; x_wconf 92' lang='lat' dir='ltr'>de</span> <span class='ocrx_word' id='word_1_33' title='bbox 1273 628 1441 669; x_wconf 86' lang='lat' dir='ltr'>homine</span> <span class='ocrx_word' id='word_1_34' title='bbox 1462 630 1681 670; x_wconf 88' lang='lat' dir='ltr'>dicendum</span> <span class='ocrx_word' id='word_1_35' title='bbox 1704 638 1779 670; x_wconf 89' lang='lat' dir='ltr'>est.</span> 
     </span>
    </p>

    <p class='ocr_par' dir='ltr' id='par_1_4' title="bbox 193 692 1779 1061">
     <span class='ocr_line' id='line_1_6' title="bbox 252 692 1778 746; baseline 0.002 -15"><span class='ocrx_word' id='word_1_36' title='bbox 252 693 302 731; x_wconf 81' lang='lat' dir='ltr'>R.</span> <span class='ocrx_word' id='word_1_37' title='bbox 343 693 466 732; x_wconf 79' lang='lat' dir='ltr'>Cone.</span> <span class='ocrx_word' id='word_1_38' title='bbox 505 697 590 732; x_wconf 80' lang='lat' dir='ltr'>ant.</span> <span class='ocrx_word' id='word_1_39' title='bbox 631 699 671 733; x_wconf 89' lang='lat' dir='ltr'>et</span> <span class='ocrx_word' id='word_1_40' title='bbox 712 706 816 745; x_wconf 69' lang='lat' dir='ltr'>negso</span> <span class='ocrx_word' id='word_1_41' title='bbox 845 693 1096 746; x_wconf 76' lang='lat' dir='ltr'>paritatem.</span> <span class='ocrx_word' id='word_1_42' title='bbox 1137 692 1235 732; x_wconf 87' lang='lat' dir='ltr'>Ideo</span> <span class='ocrx_word' id='word_1_43' title='bbox 1267 706 1423 734; x_wconf 83' lang='lat' dir='ltr'>causae</span> <span class='ocrx_word' id='word_1_44' title='bbox 1457 696 1670 734; x_wconf 73' lang='lat' dir='ltr'>naturales</span> <span class='ocrx_word' id='word_1_45' title='bbox 1700 707 1778 734; x_wconf 87' lang='lat' dir='ltr'>nec</span> 
     </span>
     <span class='ocr_line' id='line_1_7' title="bbox 197 756 1778 810; baseline 0.001 -14"><span class='ocrx_word' id='word_1_46' title='bbox 197 757 318 797; x_wconf 89' lang='lat' dir='ltr'>laude</span> <span class='ocrx_word' id='word_1_47' title='bbox 348 771 426 798; x_wconf 90' lang='lat' dir='ltr'>nec</span> <span class='ocrx_word' id='word_1_48' title='bbox 448 757 752 810; x_wconf 87' lang='lat' dir='ltr'>vituperatione</span> <span class='ocrx_word' id='word_1_49' title='bbox 774 757 1010 810; x_wconf 78' lang='lat' dir='ltr'>dignantur,</span> <span class='ocrx_word' id='word_1_50' title='bbox 1033 756 1130 809; x_wconf 89' lang='lat' dir='ltr'>quia</span> <span class='ocrx_word' id='word_1_51' title='bbox 1150 769 1233 796; x_wconf 93' lang='lat' dir='ltr'>non</span> <span class='ocrx_word' id='word_1_52' title='bbox 1257 763 1353 797; x_wconf 87' lang='lat' dir='ltr'>sunt</span> <span class='ocrx_word' id='word_1_53' title='bbox 1374 758 1566 798; x_wconf 90' lang='lat' dir='ltr'>dominae</span> <span class='ocrx_word' id='word_1_54' title='bbox 1587 759 1778 810; x_wconf 89' lang='lat' dir='ltr'>proprio—</span> 
     </span>
     <span class='ocr_line' id='line_1_8' title="bbox 195 823 1779 873; baseline 0 -9"><span class='ocrx_word' id='word_1_55' title='bbox 195 839 286 864; x_wconf 86' lang='lat' dir='ltr'>rum</span> <span class='ocrx_word' id='word_1_56' title='bbox 307 831 488 873; x_wconf 71' lang='lat' dir='ltr'>actuum,</span> <span class='ocrx_word' id='word_1_57' title='bbox 511 830 663 864; x_wconf 89' lang='lat' dir='ltr'>natura</span> <span class='ocrx_word' id='word_1_58' title='bbox 684 824 792 864; x_wconf 88' lang='lat' dir='ltr'>enim</span> <span class='ocrx_word' id='word_1_59' title='bbox 815 829 878 864; x_wconf 92' lang='lat' dir='ltr'>est</span> <span class='ocrx_word' id='word_1_60' title='bbox 899 823 1175 862; x_wconf 84' lang='lat' dir='ltr'>determinata</span> <span class='ocrx_word' id='word_1_61' title='bbox 1195 824 1248 862; x_wconf 90' lang='lat' dir='ltr'>ad</span> <span class='ocrx_word' id='word_1_62' title='bbox 1268 837 1407 863; x_wconf 89' lang='lat' dir='ltr'>unum.</span> <span class='ocrx_word' id='word_1_63' title='bbox 1426 824 1691 864; x_wconf 84' lang='lat' dir='ltr'>Contrarium</span> <span class='ocrx_word' id='word_1_64' title='bbox 1714 832 1779 864; x_wconf 89' lang='lat' dir='ltr'>est</span> 
     </span>
     <span class='ocr_line' id='line_1_9' title="bbox 195 889 1777 941; baseline -0.001 -11"><span class='ocrx_word' id='word_1_65' title='bbox 195 891 244 931; x_wconf 89' lang='lat' dir='ltr'>de</span> <span class='ocrx_word' id='word_1_66' title='bbox 275 889 459 937; x_wconf 84' lang='lat' dir='ltr'>homine,</span> <span class='ocrx_word' id='word_1_67' title='bbox 488 902 560 941; x_wconf 91' lang='lat' dir='ltr'>per</span> <span class='ocrx_word' id='word_1_68' title='bbox 589 889 762 928; x_wconf 88' lang='lat' dir='ltr'>liberam</span> <span class='ocrx_word' id='word_1_69' title='bbox 785 889 1042 928; x_wconf 83' lang='lat' dir='ltr'>voluntatem</span> <span class='ocrx_word' id='word_1_70' title='bbox 1064 896 1273 940; x_wconf 82' lang='lat' dir='ltr'>operante.</span> <span class='ocrx_word' id='word_1_71' title='bbox 1298 890 1410 928; x_wconf 91' lang='lat' dir='ltr'>Laus</span> <span class='ocrx_word' id='word_1_72' title='bbox 1440 894 1577 928; x_wconf 87' lang='lat' dir='ltr'>autem</span> <span class='ocrx_word' id='word_1_73' title='bbox 1605 896 1645 929; x_wconf 92' lang='lat' dir='ltr'>et</span> <span class='ocrx_word' id='word_1_74' title='bbox 1665 889 1777 929; x_wconf 86' lang='lat' dir='ltr'>vitu-</span> 
     </span>
     <span class='ocr_line' id='line_1_10' title="bbox 193 954 1778 1009; baseline -0.001 -12"><span class='ocrx_word' id='word_1_75' title='bbox 193 957 354 1009; x_wconf 89' lang='lat' dir='ltr'>perium</span> <span class='ocrx_word' id='word_1_76' title='bbox 386 955 575 996; x_wconf 87' lang='lat' dir='ltr'>nascitur</span> <span class='ocrx_word' id='word_1_77' title='bbox 605 968 657 995; x_wconf 84' lang='lat' dir='ltr'>ex</span> <span class='ocrx_word' id='word_1_78' title='bbox 687 955 1017 1007; x_wconf 82' lang='lat' dir='ltr'>imputabilitate,</span> <span class='ocrx_word' id='word_1_79' title='bbox 1047 954 1377 1006; x_wconf 86' lang='lat' dir='ltr'>imputabilitatis</span> <span class='ocrx_word' id='word_1_80' title='bbox 1407 963 1546 996; x_wconf 83' lang='lat' dir='ltr'>autem</span> <span class='ocrx_word' id='word_1_81' title='bbox 1572 956 1694 996; x_wconf 82' lang='lat' dir='ltr'>radix</span> <span class='ocrx_word' id='word_1_82' title='bbox 1714 962 1778 998; x_wconf 83' lang='lat' dir='ltr'>est</span> 
     </span>
     <span class='ocr_line' id='line_1_11' title="bbox 193 1021 375 1061; baseline 0.005 -2"><span class='ocrx_word' id='word_1_83' title='bbox 193 1021 375 1061; x_wconf 89' lang='lat' dir='ltr'>libertas.</span> 
     </span>
    </p>

    <p class='ocr_par' dir='ltr' id='par_1_5' title="bbox 190 1084 1776 1270">
     <span class='ocr_line' id='line_1_12' title="bbox 251 1084 1774 1138; baseline -0.001 -12"><span class='ocrx_word' id='word_1_84' title='bbox 251 1087 382 1126; x_wconf 79' lang='lat' dir='ltr'>Obz‘z&#39;c.</span> <span class='ocrx_word' id='word_1_85' title='bbox 412 1087 462 1125; x_wconf 90' lang='lat' dir='ltr'>II.</span> <span class='ocrx_word' id='word_1_86' title='bbox 502 1085 667 1126; x_wconf 83' lang='lat' dir='ltr'>Artifex</span> <span class='ocrx_word' id='word_1_87' title='bbox 696 1085 942 1138; x_wconf 86' lang='lat' dir='ltr'>quandoque</span> <span class='ocrx_word' id='word_1_88' title='bbox 977 1085 1105 1125; x_wconf 89' lang='lat' dir='ltr'>efficit</span> <span class='ocrx_word' id='word_1_89' title='bbox 1134 1084 1329 1125; x_wconf 88' lang='lat' dir='ltr'>vitiosum</span> <span class='ocrx_word' id='word_1_90' title='bbox 1360 1099 1464 1137; x_wconf 92' lang='lat' dir='ltr'>opus</span> <span class='ocrx_word' id='word_1_91' title='bbox 1486 1119 1494 1135; x_wconf 89' lang='lat'><em>‚</em></span> <span class='ocrx_word' id='word_1_92' title='bbox 1524 1099 1603 1126; x_wconf 88' lang='lat' dir='ltr'>nec</span> <span class='ocrx_word' id='word_1_93' title='bbox 1633 1093 1774 1126; x_wconf 91' lang='lat' dir='ltr'>tamen</span> 
     </span>
     <span class='ocr_line' id='line_1_13' title="bbox 190 1151 1776 1204; baseline -0.001 -13"><span class='ocrx_word' id='word_1_94' title='bbox 190 1153 287 1193; x_wconf 90' lang='lat' dir='ltr'>inde</span> <span class='ocrx_word' id='word_1_95' title='bbox 322 1153 483 1204; x_wconf 84' lang='lat' dir='ltr'>culpam</span> <span class='ocrx_word' id='word_1_96' title='bbox 523 1153 725 1191; x_wconf 87' lang='lat' dir='ltr'>moralem</span> <span class='ocrx_word' id='word_1_97' title='bbox 765 1151 950 1192; x_wconf 85' lang='lat' dir='ltr'>incurrit.</span> <span class='ocrx_word' id='word_1_98' title='bbox 991 1152 1103 1203; x_wconf 81' lang='lat' dir='ltr'>Ergo</span> <span class='ocrx_word' id='word_1_99' title='bbox 1133 1165 1158 1190; x_wconf 90' lang='lat' dir='ltr'>a</span> <span class='ocrx_word' id='word_1_100' title='bbox 1187 1152 1277 1203; x_wconf 89' lang='lat' dir='ltr'>pari</span> <span class='ocrx_word' id='word_1_101' title='bbox 1306 1152 1432 1192; x_wconf 93' lang='lat' dir='ltr'>homo</span> <span class='ocrx_word' id='word_1_102' title='bbox 1468 1152 1595 1192; x_wconf 87' lang='lat' dir='ltr'>libere</span> <span class='ocrx_word' id='word_1_103' title='bbox 1624 1151 1776 1203; x_wconf 85' lang='lat' dir='ltr'>poterit</span> 
     </span>
     <span class='ocr_line' id='line_1_14' title="bbox 190 1217 1735 1270; baseline -0.002 -11"><span class='ocrx_word' id='word_1_104' title='bbox 190 1225 330 1259; x_wconf 90' lang='lat' dir='ltr'>actum</span> <span class='ocrx_word' id='word_1_105' title='bbox 360 1218 572 1258; x_wconf 88' lang='lat' dir='ltr'>moraliter</span> <span class='ocrx_word' id='word_1_106' title='bbox 601 1218 755 1257; x_wconf 89' lang='lat' dir='ltr'>malum</span> <span class='ocrx_word' id='word_1_107' title='bbox 788 1230 1003 1265; x_wconf 88' lang='lat' dir='ltr'>exercere,</span> <span class='ocrx_word' id='word_1_108' title='bbox 1032 1217 1129 1270; x_wconf 90' lang='lat' dir='ltr'>quin</span> <span class='ocrx_word' id='word_1_109' title='bbox 1161 1230 1212 1257; x_wconf 85' lang='lat' dir='ltr'>ex</span> <span class='ocrx_word' id='word_1_110' title='bbox 1241 1217 1322 1257; x_wconf 88' lang='lat' dir='ltr'>hoc</span> <span class='ocrx_word' id='word_1_111' title='bbox 1352 1217 1406 1259; x_wconf 90' lang='lat' dir='ltr'>sit</span> <span class='ocrx_word' id='word_1_112' title='bbox 1435 1218 1735 1270; x_wconf 86' lang='lat' dir='ltr'>vituperabilis.</span> 
     </span>
    </p>

    <p class='ocr_par' dir='ltr' id='par_1_6' title="bbox 173 1283 1773 2837">
     <span class='ocr_line' id='line_1_15' title="bbox 243 1283 1773 1336; baseline -0.002 -11"><span class='ocrx_word' id='word_1_113' title='bbox 243 1287 292 1325; x_wconf 80' lang='lat' dir='ltr'>R.</span> <span class='ocrx_word' id='word_1_114' title='bbox 324 1285 404 1324; x_wconf 90' lang='lat' dir='ltr'>Hic</span> <span class='ocrx_word' id='word_1_115' title='bbox 435 1285 560 1324; x_wconf 88' lang='lat' dir='ltr'>etiam</span> <span class='ocrx_word' id='word_1_116' title='bbox 582 1284 778 1336; x_wconf 81' lang='lat' dir='ltr'>neganda</span> <span class='ocrx_word' id='word_1_117' title='bbox 798 1289 860 1323; x_wconf 90' lang='lat' dir='ltr'>est</span> <span class='ocrx_word' id='word_1_118' title='bbox 880 1284 1055 1336; x_wconf 68' lang='lat' dir='ltr'>paritas</span> <span class='ocrx_word' id='word_1_119' title='bbox 1076 1283 1200 1323; x_wconf 88' lang='lat' dir='ltr'>Aliud</span> <span class='ocrx_word' id='word_1_120' title='bbox 1221 1289 1285 1324; x_wconf 90' lang='lat' dir='ltr'>est</span> <span class='ocrx_word' id='word_1_121' title='bbox 1304 1284 1414 1324; x_wconf 92' lang='lat' dir='ltr'>enim</span> <span class='ocrx_word' id='word_1_122' title='bbox 1443 1284 1623 1325; x_wconf 87' lang='lat' dir='ltr'>deficere</span> <span class='ocrx_word' id='word_1_123' title='bbox 1645 1298 1668 1323; x_wconf 91' lang='lat' dir='ltr'>a</span> <span class='ocrx_word' id='word_1_124' title='bbox 1689 1285 1773 1323; x_wconf 88' lang='lat' dir='ltr'>fine</span> 
     </span>
     <span class='ocr_line' id='line_1_16' title="bbox 190 1347 1772 1402; baseline -0.003 -12"><span class='ocrx_word' id='word_1_125' title='bbox 190 1349 443 1402; x_wconf 80' lang='lat' dir='ltr'>particulari,</span> <span class='ocrx_word' id='word_1_126' title='bbox 473 1350 527 1389; x_wconf 88' lang='lat' dir='ltr'>ad</span> <span class='ocrx_word' id='word_1_127' title='bbox 547 1362 668 1401; x_wconf 89' lang='lat' dir='ltr'>quem</span> <span class='ocrx_word' id='word_1_128' title='bbox 689 1349 816 1388; x_wconf 92' lang='lat' dir='ltr'>homo</span> <span class='ocrx_word' id='word_1_129' title='bbox 836 1361 921 1388; x_wconf 90' lang='lat' dir='ltr'>non</span> <span class='ocrx_word' id='word_1_130' title='bbox 943 1347 1168 1400; x_wconf 60' lang='lat' dir='ltr'>obligatum</span> <span class='ocrx_word' id='word_1_131' title='bbox 1188 1347 1299 1387; x_wconf 88' lang='lat' dir='ltr'>aliud</span> <span class='ocrx_word' id='word_1_132' title='bbox 1326 1348 1505 1388; x_wconf 89' lang='lat' dir='ltr'>deficere</span> <span class='ocrx_word' id='word_1_133' title='bbox 1526 1361 1551 1387; x_wconf 85' lang='lat' dir='ltr'>a</span> <span class='ocrx_word' id='word_1_134' title='bbox 1571 1349 1654 1387; x_wconf 89' lang='lat' dir='ltr'>fine</span> <span class='ocrx_word' id='word_1_135' title='bbox 1676 1347 1772 1387; x_wconf 90' lang='lat' dir='ltr'>uni-</span> 
     </span>
     <span class='ocr_line' id='line_1_17' title="bbox 189 1414 1771 1466; baseline -0.002 -11"><span class='ocrx_word' id='word_1_136' title='bbox 189 1417 343 1457; x_wconf 83' lang='lat' dir='ltr'>versali</span> <span class='ocrx_word' id='word_1_137' title='bbox 374 1415 499 1457; x_wconf 88' lang='lat' dir='ltr'>totius</span> <span class='ocrx_word' id='word_1_138' title='bbox 529 1416 740 1454; x_wconf 88' lang='lat' dir='ltr'>humanae</span> <span class='ocrx_word' id='word_1_139' title='bbox 761 1414 885 1463; x_wconf 91' lang='lat' dir='ltr'>vitae,</span> <span class='ocrx_word' id='word_1_140' title='bbox 908 1414 959 1453; x_wconf 90' lang='lat' dir='ltr'>ad</span> <span class='ocrx_word' id='word_1_141' title='bbox 981 1427 1102 1466; x_wconf 89' lang='lat' dir='ltr'>quem</span> <span class='ocrx_word' id='word_1_142' title='bbox 1124 1414 1249 1454; x_wconf 92' lang='lat' dir='ltr'>homo</span> <span class='ocrx_word' id='word_1_143' title='bbox 1271 1414 1464 1454; x_wconf 86' lang='lat' dir='ltr'>ordinare</span> <span class='ocrx_word' id='word_1_144' title='bbox 1485 1428 1530 1454; x_wconf 91' lang='lat' dir='ltr'>se</span> <span class='ocrx_word' id='word_1_145' title='bbox 1551 1415 1682 1454; x_wconf 88' lang='lat' dir='ltr'>debet.</span> <span class='ocrx_word' id='word_1_146' title='bbox 1705 1414 1771 1453; x_wconf 90' lang='lat' dir='ltr'>Ad</span> 
     </span>
     <span class='ocr_line' id='line_1_18' title="bbox 188 1475 1771 1528; baseline -0.003 -7"><span class='ocrx_word' id='word_1_147' title='bbox 188 1495 276 1521; x_wconf 90' lang='lat' dir='ltr'>rem</span> <span class='ocrx_word' id='word_1_148' title='bbox 299 1482 340 1520; x_wconf 83' lang='lat' dir='ltr'>S.</span> <span class='ocrx_word' id='word_1_149' title='bbox 363 1480 551 1519; x_wconf 79' lang='lat' dir='ltr'>Thomas</span> <span class='ocrx_word' id='word_1_150' title='bbox 571 1492 579 1518; x_wconf 92' lang='lat'>:</span> <span class='ocrx_word' id='word_1_151' title='bbox 604 1493 623 1516; x_wconf 84' lang='lat'>«</span> <span class='ocrx_word' id='word_1_152' title='bbox 643 1478 767 1518; x_wconf 84' lang='lat' dir='ltr'>Ratio</span> <span class='ocrx_word' id='word_1_153' title='bbox 786 1479 906 1518; x_wconf 84' lang='lat' dir='ltr'>aliter</span> <span class='ocrx_word' id='word_1_154' title='bbox 928 1491 974 1518; x_wconf 87' lang='lat' dir='ltr'>se</span> <span class='ocrx_word' id='word_1_155' title='bbox 994 1478 1121 1519; x_wconf 89' lang='lat' dir='ltr'>habet</span> <span class='ocrx_word' id='word_1_156' title='bbox 1143 1477 1184 1517; x_wconf 86' lang='lat' dir='ltr'>in</span> <span class='ocrx_word' id='word_1_157' title='bbox 1205 1477 1504 1528; x_wconf 84' lang='lat' dir='ltr'>artificialibus,</span> <span class='ocrx_word' id='word_1_158' title='bbox 1528 1484 1567 1520; x_wconf 91' lang='lat' dir='ltr'>et</span> <span class='ocrx_word' id='word_1_159' title='bbox 1587 1478 1706 1518; x_wconf 89' lang='lat' dir='ltr'>aliter</span> <span class='ocrx_word' id='word_1_160' title='bbox 1727 1475 1771 1517; x_wconf 72' lang='lat' dir='ltr'>i&#39;n</span> 
     </span>
     <span class='ocr_line' id='line_1_19' title="bbox 187 1541 1769 1594; baseline -0.003 -10"><span class='ocrx_word' id='word_1_161' title='bbox 187 1545 427 1585; x_wconf 87' lang='lat' dir='ltr'>moralibus.</span> <span class='ocrx_word' id='word_1_162' title='bbox 451 1545 499 1583; x_wconf 93' lang='lat' dir='ltr'>In</span> <span class='ocrx_word' id='word_1_163' title='bbox 529 1542 817 1583; x_wconf 87' lang='lat' dir='ltr'>artificialibus</span> <span class='ocrx_word' id='word_1_164' title='bbox 842 1542 951 1582; x_wconf 90' lang='lat' dir='ltr'>enim</span> <span class='ocrx_word' id='word_1_165' title='bbox 984 1541 1089 1581; x_wconf 86' lang='lat' dir='ltr'>ratio</span> <span class='ocrx_word' id='word_1_166' title='bbox 1112 1542 1327 1582; x_wconf 84' lang='lat' dir='ltr'>ordinatur</span> <span class='ocrx_word' id='word_1_167' title='bbox 1357 1542 1410 1582; x_wconf 91' lang='lat' dir='ltr'>ad</span> <span class='ocrx_word' id='word_1_168' title='bbox 1430 1543 1556 1582; x_wconf 89' lang='lat' dir='ltr'>finem</span> <span class='ocrx_word' id='word_1_169' title='bbox 1582 1541 1769 1594; x_wconf 79' lang='lat' dir='ltr'>partiou—</span> 
     </span>
     <span class='ocr_line' id='line_1_20' title="bbox 184 1607 1767 1663; baseline -0.003 -13"><span class='ocrx_word' id='word_1_170' title='bbox 184 1613 329 1660; x_wconf 84' lang='lat' dir='ltr'>larem,</span> <span class='ocrx_word' id='word_1_171' title='bbox 352 1611 461 1663; x_wconf 89' lang='lat' dir='ltr'>quod</span> <span class='ocrx_word' id='word_1_172' title='bbox 482 1614 546 1650; x_wconf 89' lang='lat' dir='ltr'>est</span> <span class='ocrx_word' id='word_1_173' title='bbox 566 1608 718 1661; x_wconf 91' lang='lat' dir='ltr'>aliquid</span> <span class='ocrx_word' id='word_1_174' title='bbox 740 1622 812 1661; x_wconf 89' lang='lat' dir='ltr'>per</span> <span class='ocrx_word' id='word_1_175' title='bbox 832 1608 1037 1648; x_wconf 87' lang='lat' dir='ltr'>rationem</span> <span class='ocrx_word' id='word_1_176' title='bbox 1060 1607 1356 1660; x_wconf 81' lang='lat' dir='ltr'>excogitatum.</span> <span class='ocrx_word' id='word_1_177' title='bbox 1378 1609 1425 1648; x_wconf 93' lang='lat' dir='ltr'>In</span> <span class='ocrx_word' id='word_1_178' title='bbox 1443 1608 1671 1648; x_wconf 86' lang='lat' dir='ltr'>moralibus</span> <span class='ocrx_word' id='word_1_179' title='bbox 1688 1621 1767 1647; x_wconf 82' lang='lat' dir='ltr'>au-</span> 
     </span>
     <span class='ocr_line' id='line_1_21' title="bbox 186 1673 1768 1723; baseline -0.003 -7"><span class='ocrx_word' id='word_1_180' title='bbox 186 1685 270 1716; x_wconf 88' lang='lat' dir='ltr'>tem</span> <span class='ocrx_word' id='word_1_181' title='bbox 288 1677 503 1716; x_wconf 88' lang='lat' dir='ltr'>ordinatur</span> <span class='ocrx_word' id='word_1_182' title='bbox 520 1676 573 1714; x_wconf 88' lang='lat' dir='ltr'>ad</span> <span class='ocrx_word' id='word_1_183' title='bbox 590 1676 717 1714; x_wconf 89' lang='lat' dir='ltr'>finem</span> <span class='ocrx_word' id='word_1_184' title='bbox 735 1686 999 1714; x_wconf 88' lang='lat' dir='ltr'>communem</span> <span class='ocrx_word' id='word_1_185' title='bbox 1017 1673 1143 1714; x_wconf 90' lang='lat' dir='ltr'>totius</span> <span class='ocrx_word' id='word_1_186' title='bbox 1159 1674 1369 1714; x_wconf 82' lang='lat' dir='ltr'>humanae</span> <span class='ocrx_word' id='word_1_187' title='bbox 1386 1674 1508 1723; x_wconf 73' lang='lat' dir='ltr'>vitae,</span> <span class='ocrx_word' id='word_1_188' title='bbox 1522 1674 1617 1714; x_wconf 90' lang='lat' dir='ltr'>finis</span> <span class='ocrx_word' id='word_1_189' title='bbox 1629 1680 1768 1713; x_wconf 88' lang='lat' dir='ltr'>autem</span> 
     </span>
     <span class='ocr_line' id='line_1_22' title="bbox 188 1739 1766 1795; baseline -0.003 -13"><span class='ocrx_word' id='word_1_190' title='bbox 188 1741 454 1795; x_wconf 89' lang='lat' dir='ltr'>particularis</span> <span class='ocrx_word' id='word_1_191' title='bbox 485 1740 698 1780; x_wconf 89' lang='lat' dir='ltr'>ordinatur</span> <span class='ocrx_word' id='word_1_192' title='bbox 727 1739 781 1779; x_wconf 89' lang='lat' dir='ltr'>ad</span> <span class='ocrx_word' id='word_1_193' title='bbox 812 1741 938 1780; x_wconf 88' lang='lat' dir='ltr'>finem</span> <span class='ocrx_word' id='word_1_194' title='bbox 961 1752 1239 1779; x_wconf 87' lang='lat' dir='ltr'>communem.</span> <span class='ocrx_word' id='word_1_195' title='bbox 1262 1740 1364 1779; x_wconf 89' lang='lat' dir='ltr'>Cum</span> <span class='ocrx_word' id='word_1_196' title='bbox 1386 1746 1526 1779; x_wconf 90' lang='lat' dir='ltr'>autem</span> <span class='ocrx_word' id='word_1_197' title='bbox 1548 1746 1766 1792; x_wconf 88' lang='lat' dir='ltr'>peccatum</span> 
     </span>
     <span class='ocr_line' id='line_1_23' title="bbox 190 1803 1768 1858; baseline -0.003 -11"><span class='ocrx_word' id='word_1_198' title='bbox 190 1807 245 1847; x_wconf 88' lang='lat' dir='ltr'>sit</span> <span class='ocrx_word' id='word_1_199' title='bbox 273 1819 346 1858; x_wconf 89' lang='lat' dir='ltr'>per</span> <span class='ocrx_word' id='word_1_200' title='bbox 377 1804 656 1845; x_wconf 86' lang='lat' dir='ltr'>deviationem</span> <span class='ocrx_word' id='word_1_201' title='bbox 689 1804 740 1844; x_wconf 88' lang='lat' dir='ltr'>ab</span> <span class='ocrx_word' id='word_1_202' title='bbox 761 1804 906 1844; x_wconf 91' lang='lat' dir='ltr'>ordine</span> <span class='ocrx_word' id='word_1_203' title='bbox 927 1804 980 1842; x_wconf 87' lang='lat' dir='ltr'>ad</span> <span class='ocrx_word' id='word_1_204' title='bbox 1001 1803 1140 1851; x_wconf 88' lang='lat' dir='ltr'>finem,</span> <span class='ocrx_word' id='word_1_205' title='bbox 1158 1803 1200 1842; x_wconf 91' lang='lat' dir='ltr'>in</span> <span class='ocrx_word' id='word_1_206' title='bbox 1222 1809 1319 1843; x_wconf 87' lang='lat' dir='ltr'>actu</span> <span class='ocrx_word' id='word_1_207' title='bbox 1341 1805 1443 1843; x_wconf 86' lang='lat' dir='ltr'>artis</span> <span class='ocrx_word' id='word_1_208' title='bbox 1465 1803 1668 1856; x_wconf 80' lang='lat' dir='ltr'>contingit</span> <span class='ocrx_word' id='word_1_209' title='bbox 1689 1803 1768 1842; x_wconf 91' lang='lat' dir='ltr'>du-</span> 
     </span>
     <span class='ocr_line' id='line_1_24' title="bbox 188 1869 1768 1925; baseline -0.003 -14"><span class='ocrx_word' id='word_1_210' title='bbox 188 1872 348 1925; x_wconf 79' lang='lat' dir='ltr'>pliciter</span> <span class='ocrx_word' id='word_1_211' title='bbox 365 1885 459 1912; x_wconf 83' lang='lat' dir='ltr'>esse</span> <span class='ocrx_word' id='word_1_212' title='bbox 475 1877 708 1924; x_wconf 69' lang='lat' dir='ltr'>peccatum,</span> <span class='ocrx_word' id='word_1_213' title='bbox 726 1872 822 1911; x_wconf 93' lang='lat' dir='ltr'>Uno</span> <span class='ocrx_word' id='word_1_214' title='bbox 838 1870 963 1909; x_wconf 88' lang='lat' dir='ltr'>modo</span> <span class='ocrx_word' id='word_1_215' title='bbox 981 1883 1054 1921; x_wconf 87' lang='lat' dir='ltr'>per</span> <span class='ocrx_word' id='word_1_216' title='bbox 1071 1869 1351 1910; x_wconf 88' lang='lat' dir='ltr'>deviationem</span> <span class='ocrx_word' id='word_1_217' title='bbox 1370 1883 1395 1908; x_wconf 89' lang='lat' dir='ltr'>a</span> <span class='ocrx_word' id='word_1_218' title='bbox 1412 1871 1494 1910; x_wconf 86' lang='lat' dir='ltr'>fine</span> <span class='ocrx_word' id='word_1_219' title='bbox 1516 1869 1768 1922; x_wconf 86' lang='lat' dir='ltr'>particulari,</span> 
     </span>
     <span class='ocr_line' id='line_1_25' title="bbox 183 1932 1766 1985; baseline -0.003 -9"><span class='ocrx_word' id='word_1_220' title='bbox 183 1937 341 1976; x_wconf 89' lang='lat' dir='ltr'>intento</span> <span class='ocrx_word' id='word_1_221' title='bbox 371 1936 423 1976; x_wconf 90' lang='lat' dir='ltr'>ab</span> <span class='ocrx_word' id='word_1_222' title='bbox 454 1935 642 1984; x_wconf 86' lang='lat' dir='ltr'>artifice;</span> <span class='ocrx_word' id='word_1_223' title='bbox 675 1940 714 1974; x_wconf 90' lang='lat' dir='ltr'>et</span> <span class='ocrx_word' id='word_1_224' title='bbox 743 1934 825 1973; x_wconf 88' lang='lat' dir='ltr'>hoc</span> <span class='ocrx_word' id='word_1_225' title='bbox 855 1939 1074 1985; x_wconf 90' lang='lat' dir='ltr'>peccatum</span> <span class='ocrx_word' id='word_1_226' title='bbox 1106 1932 1182 1973; x_wconf 90' lang='lat' dir='ltr'>erit</span> <span class='ocrx_word' id='word_1_227' title='bbox 1213 1933 1425 1985; x_wconf 89' lang='lat' dir='ltr'>proprium</span> <span class='ocrx_word' id='word_1_228' title='bbox 1457 1933 1570 1981; x_wconf 87' lang='lat' dir='ltr'>artis,</span> <span class='ocrx_word' id='word_1_229' title='bbox 1603 1940 1704 1985; x_wconf 89' lang='lat' dir='ltr'>puta</span> <span class='ocrx_word' id='word_1_230' title='bbox 1735 1933 1766 1972; x_wconf 84' lang='lat' dir='ltr'>si</span> 
     </span>
     <span class='ocr_line' id='line_1_26' title="bbox 181 1999 1768 2052; baseline -0.004 -9"><span class='ocrx_word' id='word_1_231' title='bbox 181 2004 333 2044; x_wconf 81' lang='lat' dir='ltr'>artifex</span> <span class='ocrx_word' id='word_1_232' title='bbox 362 2003 583 2042; x_wconf 88' lang='lat' dir='ltr'>intendens</span> <span class='ocrx_word' id='word_1_233' title='bbox 614 2001 752 2041; x_wconf 88' lang='lat' dir='ltr'>facere</span> <span class='ocrx_word' id='word_1_234' title='bbox 772 2001 926 2040; x_wconf 91' lang='lat' dir='ltr'>bonum</span> <span class='ocrx_word' id='word_1_235' title='bbox 949 2013 1066 2052; x_wconf 89' lang='lat' dir='ltr'>opus,</span> <span class='ocrx_word' id='word_1_236' title='bbox 1090 1999 1217 2040; x_wconf 87' lang='lat' dir='ltr'>faciat</span> <span class='ocrx_word' id='word_1_237' title='bbox 1242 2001 1411 2039; x_wconf 89' lang='lat' dir='ltr'>malum.</span> <span class='ocrx_word' id='word_1_238' title='bbox 1435 2000 1527 2040; x_wconf 88' lang='lat' dir='ltr'>Alio</span> <span class='ocrx_word' id='word_1_239' title='bbox 1549 2000 1673 2039; x_wconf 87' lang='lat' dir='ltr'>modo</span> <span class='ocrx_word' id='word_1_240' title='bbox 1696 2012 1768 2051; x_wconf 89' lang='lat' dir='ltr'>per</span> 
     </span>
     <span class='ocr_line' id='line_1_27' title="bbox 182 2063 1767 2112; baseline -0.004 -5"><span class='ocrx_word' id='word_1_241' title='bbox 182 2068 459 2108; x_wconf 87' lang='lat' dir='ltr'>deviationem</span> <span class='ocrx_word' id='word_1_242' title='bbox 491 2080 515 2105; x_wconf 88' lang='lat' dir='ltr'>a</span> <span class='ocrx_word' id='word_1_243' title='bbox 545 2067 628 2105; x_wconf 88' lang='lat' dir='ltr'>fine</span> <span class='ocrx_word' id='word_1_244' title='bbox 658 2064 869 2105; x_wconf 88' lang='lat' dir='ltr'>communi</span> <span class='ocrx_word' id='word_1_245' title='bbox 898 2064 1110 2103; x_wconf 88' lang='lat' dir='ltr'>humanae</span> <span class='ocrx_word' id='word_1_246' title='bbox 1132 2063 1243 2103; x_wconf 90' lang='lat' dir='ltr'>vitae</span> <span class='ocrx_word' id='word_1_247' title='bbox 1265 2077 1274 2112; x_wconf 86' lang='lat'>;</span> <span class='ocrx_word' id='word_1_248' title='bbox 1296 2070 1334 2104; x_wconf 91' lang='lat' dir='ltr'>et</span> <span class='ocrx_word' id='word_1_249' title='bbox 1356 2064 1437 2104; x_wconf 87' lang='lat' dir='ltr'>hoc</span> <span class='ocrx_word' id='word_1_250' title='bbox 1459 2063 1581 2103; x_wconf 88' lang='lat' dir='ltr'>modo</span> <span class='ocrx_word' id='word_1_251' title='bbox 1604 2063 1767 2102; x_wconf 88' lang='lat' dir='ltr'>dicetur</span> 
     </span>
     <span class='ocr_line' id='line_1_28' title="bbox 180 2129 1767 2189; baseline -0.006 -13"><span class='ocrx_word' id='word_1_252' title='bbox 180 2147 359 2189; x_wconf 88' lang='lat' dir='ltr'>peccare</span> <span class='ocrx_word' id='word_1_253' title='bbox 381 2166 389 2181; x_wconf 93' lang='lat'><em>‚</em></span> <span class='ocrx_word' id='word_1_254' title='bbox 421 2132 587 2172; x_wconf 87' lang='lat' dir='ltr'>etiamsi</span> <span class='ocrx_word' id='word_1_255' title='bbox 616 2132 804 2171; x_wconf 87' lang='lat' dir='ltr'>intendat</span> <span class='ocrx_word' id='word_1_256' title='bbox 833 2130 973 2170; x_wconf 86' lang='lat' dir='ltr'>facere</span> <span class='ocrx_word' id='word_1_257' title='bbox 994 2131 1152 2169; x_wconf 89' lang='lat' dir='ltr'>malum</span> <span class='ocrx_word' id='word_1_258' title='bbox 1177 2143 1294 2181; x_wconf 86' lang='lat' dir='ltr'>opus,</span> <span class='ocrx_word' id='word_1_259' title='bbox 1319 2135 1359 2169; x_wconf 90' lang='lat' dir='ltr'>et</span> <span class='ocrx_word' id='word_1_260' title='bbox 1379 2129 1507 2170; x_wconf 87' lang='lat' dir='ltr'>faciat</span> <span class='ocrx_word' id='word_1_261' title='bbox 1527 2142 1600 2181; x_wconf 90' lang='lat' dir='ltr'>per</span> <span class='ocrx_word' id='word_1_262' title='bbox 1621 2129 1701 2167; x_wconf 90' lang='lat' dir='ltr'>hoc</span> <span class='ocrx_word' id='word_1_263' title='bbox 1723 2133 1767 2167; x_wconf 91' lang='lat' dir='ltr'>ut</span> 
     </span>
     <span class='ocr_line' id='line_1_29' title="bbox 180 2192 1765 2250; baseline -0.005 -11"><span class='ocrx_word' id='word_1_264' title='bbox 180 2200 288 2240; x_wconf 86' lang='lat' dir='ltr'>alius</span> <span class='ocrx_word' id='word_1_265' title='bbox 320 2197 559 2250; x_wconf 85' lang='lat' dir='ltr'>decipiatur.</span> <span class='ocrx_word' id='word_1_266' title='bbox 593 2196 675 2235; x_wconf 81' lang='lat' dir='ltr'>Sed</span> <span class='ocrx_word' id='word_1_267' title='bbox 704 2196 785 2235; x_wconf 91' lang='lat' dir='ltr'>hoc</span> <span class='ocrx_word' id='word_1_268' title='bbox 814 2200 1035 2247; x_wconf 86' lang='lat' dir='ltr'>peccatum</span> <span class='ocrx_word' id='word_1_269' title='bbox 1067 2208 1152 2234; x_wconf 89' lang='lat' dir='ltr'>non</span> <span class='ocrx_word' id='word_1_270' title='bbox 1187 2200 1251 2234; x_wconf 89' lang='lat' dir='ltr'>est</span> <span class='ocrx_word' id='word_1_271' title='bbox 1272 2193 1484 2247; x_wconf 91' lang='lat' dir='ltr'>proprium</span> <span class='ocrx_word' id='word_1_272' title='bbox 1514 2193 1700 2240; x_wconf 81' lang='lat' dir='ltr'>artificis,</span> <span class='ocrx_word' id='word_1_273' title='bbox 1723 2192 1765 2232; x_wconf 91' lang='lat' dir='ltr'>in</span> 
     </span>
     <span class='ocr_line' id='line_1_30' title="bbox 180 2257 1765 2316; baseline -0.004 -13"><span class='ocrx_word' id='word_1_274' title='bbox 180 2271 379 2316; x_wconf 86' lang='lat' dir='ltr'>quantum</span> <span class='ocrx_word' id='word_1_275' title='bbox 395 2260 556 2308; x_wconf 77' lang='lat' dir='ltr'>artifeX,</span> <span class='ocrx_word' id='word_1_276' title='bbox 579 2260 652 2299; x_wconf 88' lang='lat' dir='ltr'>sed</span> <span class='ocrx_word' id='word_1_277' title='bbox 672 2259 713 2298; x_wconf 90' lang='lat' dir='ltr'>in</span> <span class='ocrx_word' id='word_1_278' title='bbox 736 2266 935 2311; x_wconf 87' lang='lat' dir='ltr'>quantum</span> <span class='ocrx_word' id='word_1_279' title='bbox 953 2258 1097 2297; x_wconf 86' lang='lat' dir='ltr'>homo.</span> <span class='ocrx_word' id='word_1_280' title='bbox 1114 2257 1240 2297; x_wconf 91' lang='lat' dir='ltr'>Unde</span> <span class='ocrx_word' id='word_1_281' title='bbox 1262 2271 1314 2297; x_wconf 88' lang='lat' dir='ltr'>ex</span> <span class='ocrx_word' id='word_1_282' title='bbox 1335 2257 1469 2309; x_wconf 89' lang='lat' dir='ltr'>primo</span> <span class='ocrx_word' id='word_1_283' title='bbox 1491 2263 1665 2310; x_wconf 86' lang='lat' dir='ltr'>peccato</span> <span class='ocrx_word' id='word_1_284' title='bbox 1682 2257 1765 2297; x_wconf 90' lang='lat' dir='ltr'>cul-</span> 
     </span>
     <span class='ocr_line' id='line_1_31' title="bbox 178 2322 1763 2381; baseline -0.005 -13"><span class='ocrx_word' id='word_1_285' title='bbox 178 2333 300 2381; x_wconf 86' lang='lat' dir='ltr'>patur</span> <span class='ocrx_word' id='word_1_286' title='bbox 329 2325 479 2366; x_wconf 79' lang='lat' dir='ltr'>artifex</span> <span class='ocrx_word' id='word_1_287' title='bbox 508 2325 549 2364; x_wconf 93' lang='lat' dir='ltr'>in</span> <span class='ocrx_word' id='word_1_288' title='bbox 583 2334 782 2377; x_wconf 86' lang='lat' dir='ltr'>quantum</span> <span class='ocrx_word' id='word_1_289' title='bbox 813 2323 979 2370; x_wconf 84' lang='lat' dir='ltr'>artifex,</span> <span class='ocrx_word' id='word_1_290' title='bbox 1011 2322 1085 2361; x_wconf 90' lang='lat' dir='ltr'>sed</span> <span class='ocrx_word' id='word_1_291' title='bbox 1114 2335 1165 2361; x_wconf 83' lang='lat' dir='ltr'>ex</span> <span class='ocrx_word' id='word_1_292' title='bbox 1196 2322 1383 2361; x_wconf 88' lang='lat' dir='ltr'>secundo</span> <span class='ocrx_word' id='word_1_293' title='bbox 1414 2322 1609 2375; x_wconf 86' lang='lat' dir='ltr'>culpatur</span> <span class='ocrx_word' id='word_1_294' title='bbox 1637 2322 1763 2361; x_wconf 90' lang='lat' dir='ltr'>homo</span> 
     </span>
     <span class='ocr_line' id='line_1_32' title="bbox 178 2385 1763 2444; baseline -0.004 -13"><span class='ocrx_word' id='word_1_295' title='bbox 178 2393 220 2432; x_wconf 93' lang='lat' dir='ltr'>in</span> <span class='ocrx_word' id='word_1_296' title='bbox 251 2397 453 2444; x_wconf 87' lang='lat' dir='ltr'>quantum</span> <span class='ocrx_word' id='word_1_297' title='bbox 483 2390 620 2429; x_wconf 91' lang='lat' dir='ltr'>homo.</span> <span class='ocrx_word' id='word_1_298' title='bbox 654 2388 736 2428; x_wconf 86' lang='lat' dir='ltr'>Sed</span> <span class='ocrx_word' id='word_1_299' title='bbox 765 2388 805 2426; x_wconf 92' lang='lat' dir='ltr'>in</span> <span class='ocrx_word' id='word_1_300' title='bbox 836 2386 1064 2426; x_wconf 86' lang='lat' dir='ltr'>moralibus</span> <span class='ocrx_word' id='word_1_301' title='bbox 1097 2385 1165 2425; x_wconf 93' lang='lat' dir='ltr'>ubi</span> <span class='ocrx_word' id='word_1_302' title='bbox 1203 2386 1429 2426; x_wconf 88' lang='lat' dir='ltr'>attenditur</span> <span class='ocrx_word' id='word_1_303' title='bbox 1459 2386 1559 2426; x_wconf 89' lang='lat' dir='ltr'>ordo</span> <span class='ocrx_word' id='word_1_304' title='bbox 1589 2386 1763 2426; x_wconf 88' lang='lat' dir='ltr'>rationis</span> 
     </span>
     <span class='ocr_line' id='line_1_33' title="bbox 176 2452 1762 2504; baseline -0.004 -7"><span class='ocrx_word' id='word_1_305' title='bbox 176 2459 230 2498; x_wconf 86' lang='lat' dir='ltr'>ad</span> <span class='ocrx_word' id='word_1_306' title='bbox 259 2459 386 2497; x_wconf 81' lang='lat' dir='ltr'>finem</span> <span class='ocrx_word' id='word_1_307' title='bbox 420 2467 684 2495; x_wconf 88' lang='lat' dir='ltr'>communem</span> <span class='ocrx_word' id='word_1_308' title='bbox 718 2454 928 2493; x_wconf 89' lang='lat' dir='ltr'>humanae</span> <span class='ocrx_word' id='word_1_309' title='bbox 950 2453 1060 2492; x_wconf 89' lang='lat' dir='ltr'>vitae</span> <span class='ocrx_word' id='word_1_310' title='bbox 1082 2485 1090 2501; x_wconf 90' lang='lat'>,</span> <span class='ocrx_word' id='word_1_311' title='bbox 1113 2465 1277 2504; x_wconf 88' lang='lat' dir='ltr'>semper</span> <span class='ocrx_word' id='word_1_312' title='bbox 1298 2458 1519 2504; x_wconf 88' lang='lat' dir='ltr'>peccatum</span> <span class='ocrx_word' id='word_1_313' title='bbox 1543 2458 1583 2492; x_wconf 91' lang='lat' dir='ltr'>et</span> <span class='ocrx_word' id='word_1_314' title='bbox 1606 2452 1762 2491; x_wconf 87' lang='lat' dir='ltr'>malum</span> 
     </span>
     <span class='ocr_line' id='line_1_34' title="bbox 178 2517 1762 2573; baseline -0.005 -10"><span class='ocrx_word' id='word_1_315' title='bbox 178 2522 404 2564; x_wconf 84' lang='lat' dir='ltr'>attenditur</span> <span class='ocrx_word' id='word_1_316' title='bbox 433 2534 505 2573; x_wconf 89' lang='lat' dir='ltr'>per</span> <span class='ocrx_word' id='word_1_317' title='bbox 526 2519 805 2560; x_wconf 87' lang='lat' dir='ltr'>deviationem</span> <span class='ocrx_word' id='word_1_318' title='bbox 837 2519 888 2558; x_wconf 89' lang='lat' dir='ltr'>ab</span> <span class='ocrx_word' id='word_1_319' title='bbox 911 2518 1052 2557; x_wconf 88' lang='lat' dir='ltr'>ordine</span> <span class='ocrx_word' id='word_1_320' title='bbox 1073 2517 1247 2557; x_wconf 89' lang='lat' dir='ltr'>rationis</span> <span class='ocrx_word' id='word_1_321' title='bbox 1270 2518 1321 2557; x_wconf 92' lang='lat' dir='ltr'>ad</span> <span class='ocrx_word' id='word_1_322' title='bbox 1350 2518 1476 2557; x_wconf 89' lang='lat' dir='ltr'>finem</span> <span class='ocrx_word' id='word_1_323' title='bbox 1498 2529 1762 2557; x_wconf 88' lang='lat' dir='ltr'>communem</span> 
     </span>
     <span class='ocr_line' id='line_1_35' title="bbox 176 2582 1762 2637; baseline -0.006 -7"><span class='ocrx_word' id='word_1_324' title='bbox 176 2591 389 2630; x_wconf 89' lang='lat' dir='ltr'>humanae</span> <span class='ocrx_word' id='word_1_325' title='bbox 420 2588 541 2635; x_wconf 86' lang='lat' dir='ltr'>vitae;</span> <span class='ocrx_word' id='word_1_326' title='bbox 572 2593 614 2627; x_wconf 91' lang='lat' dir='ltr'>et</span> <span class='ocrx_word' id='word_1_327' title='bbox 642 2586 733 2626; x_wconf 89' lang='lat' dir='ltr'>ideo</span> <span class='ocrx_word' id='word_1_328' title='bbox 764 2586 955 2637; x_wconf 89' lang='lat' dir='ltr'>culpatur</span> <span class='ocrx_word' id='word_1_329' title='bbox 984 2597 1037 2623; x_wconf 84' lang='lat' dir='ltr'>ex</span> <span class='ocrx_word' id='word_1_330' title='bbox 1060 2584 1129 2623; x_wconf 89' lang='lat' dir='ltr'>tali</span> <span class='ocrx_word' id='word_1_331' title='bbox 1151 2589 1326 2636; x_wconf 90' lang='lat' dir='ltr'>peccato</span> <span class='ocrx_word' id='word_1_332' title='bbox 1349 2583 1473 2623; x_wconf 88' lang='lat' dir='ltr'>homo</span> <span class='ocrx_word' id='word_1_333' title='bbox 1496 2590 1535 2622; x_wconf 85' lang='lat' dir='ltr'>et</span> <span class='ocrx_word' id='word_1_334' title='bbox 1568 2582 1609 2621; x_wconf 91' lang='lat' dir='ltr'>in</span> <span class='ocrx_word' id='word_1_335' title='bbox 1631 2595 1762 2634; x_wconf 88' lang='lat' dir='ltr'>quan-</span> 
     </span>
     <span class='ocr_line' id='line_1_36' title="bbox 176 2645 1762 2702; baseline -0.005 -8"><span class='ocrx_word' id='word_1_336' title='bbox 176 2663 262 2695; x_wconf 89' lang='lat' dir='ltr'>tum</span> <span class='ocrx_word' id='word_1_337' title='bbox 294 2659 358 2693; x_wconf 86' lang='lat' dir='ltr'>est</span> <span class='ocrx_word' id='word_1_338' title='bbox 385 2652 510 2691; x_wconf 91' lang='lat' dir='ltr'>homo</span> <span class='ocrx_word' id='word_1_339' title='bbox 541 2657 580 2691; x_wconf 85' lang='lat' dir='ltr'>et</span> <span class='ocrx_word' id='word_1_340' title='bbox 608 2651 651 2689; x_wconf 87' lang='lat' dir='ltr'>in</span> <span class='ocrx_word' id='word_1_341' title='bbox 680 2657 879 2702; x_wconf 89' lang='lat' dir='ltr'>quantum</span> <span class='ocrx_word' id='word_1_342' title='bbox 912 2649 1084 2689; x_wconf 85' lang='lat' dir='ltr'>moralis</span> <span class='ocrx_word' id='word_1_343' title='bbox 1115 2655 1189 2688; x_wconf 89' lang='lat' dir='ltr'>est.</span> <span class='ocrx_word' id='word_1_344' title='bbox 1213 2649 1333 2688; x_wconf 89' lang='lat' dir='ltr'>Unde</span> <span class='ocrx_word' id='word_1_345' title='bbox 1354 2646 1628 2700; x_wconf 89' lang='lat' dir='ltr'>philosophus</span> <span class='ocrx_word' id='word_1_346' title='bbox 1664 2645 1762 2686; x_wconf 88' lang='lat' dir='ltr'>dicit</span> 
     </span>
     <span class='ocr_line' id='line_1_37' title="bbox 174 2709 1761 2766; baseline -0.006 -10"><span class='ocrx_word' id='word_1_347' title='bbox 174 2720 218 2758; x_wconf 86' lang='lat' dir='ltr'>in</span> <span class='ocrx_word' id='word_1_348' title='bbox 248 2719 306 2756; x_wconf 94' lang='lat' dir='ltr'>VI</span> <span class='ocrx_word' id='word_1_349' title='bbox 338 2716 608 2755; x_wconf 87' lang='lat' dir='ltr'>Ethicorum:</span> <span class='ocrx_word' id='word_1_350' title='bbox 643 2713 767 2759; x_wconf 74' lang='lat' dir='ltr'>Quod</span> <span class='ocrx_word' id='word_1_351' title='bbox 796 2717 890 2753; x_wconf 75' lang='lat' dir='ltr'>arte</span> <span class='ocrx_word' id='word_1_352' title='bbox 920 2714 1063 2753; x_wconf 77' lang='lat' dir='ltr'>volens</span> <span class='ocrx_word' id='word_1_353' title='bbox 1085 2725 1271 2766; x_wconf 77' lang='lat' dir='ltr'>peccans</span> <span class='ocrx_word' id='word_1_354' title='bbox 1303 2715 1345 2752; x_wconf 78' lang='lat' dir='ltr'>et</span> <span class='ocrx_word' id='word_1_355' title='bbox 1371 2709 1621 2763; x_wconf 61' lang='lat' dir='ltr'>eligibilior,</span> <span class='ocrx_word' id='word_1_356' title='bbox 1643 2709 1761 2748; x_wconf 75' lang='lat' dir='ltr'>circa</span> 
     </span>
     <span class='ocr_line' id='line_1_38' title="bbox 173 2775 1760 2837; baseline -0.007 -14"><span class='ocrx_word' id='word_1_357' title='bbox 173 2782 457 2837; x_wconf 78' lang='lat' dir='ltr'>prudentiam</span> <span class='ocrx_word' id='word_1_358' title='bbox 487 2783 631 2819; x_wconf 61' lang='lat' dir='ltr'>atatem</span> <span class='ocrx_word' id='word_1_359' title='bbox 662 2780 826 2827; x_wconf 74' lang='lat' dir='ltr'>minus,</span> <span class='ocrx_word' id='word_1_360' title='bbox 859 2779 967 2819; x_wconf 89' lang='lat' dir='ltr'>sicut</span> <span class='ocrx_word' id='word_1_361' title='bbox 997 2782 1038 2817; x_wconf 90' lang='lat' dir='ltr'>in</span> <span class='ocrx_word' id='word_1_362' title='bbox 1069 2777 1289 2818; x_wconf 85' lang='lat' dir='ltr'>virtutibus</span> <span class='ocrx_word' id='word_1_363' title='bbox 1319 2775 1556 2823; x_wconf 86' lang='lat' dir='ltr'>moralibus,</span> <span class='ocrx_word' id='word_1_364' title='bbox 1587 2787 1760 2826; x_wconf 85' lang='lat' dir='ltr'>quarum</span> 
     </span>
    </p>
   </div>
   <div class='ocr_carea' id='block_1_4' title="bbox 178 2845 876 2902">
    <p class='ocr_par' dir='ltr' id='par_1_7' title="bbox 178 2845 876 2902">
     <span class='ocr_line' id='line_1_39' title="bbox 178 2845 876 2902; baseline -0.007 -13"><span class='ocrx_word' id='word_1_365' title='bbox 178 2848 398 2902; x_wconf 84' lang='lat' dir='ltr'>prudentia</span> <span class='ocrx_word' id='word_1_366' title='bbox 426 2853 490 2887; x_wconf 90' lang='lat' dir='ltr'>est</span> <span class='ocrx_word' id='word_1_367' title='bbox 519 2845 720 2886; x_wconf 88' lang='lat' dir='ltr'>directiva</span> <span class='ocrx_word' id='word_1_368' title='bbox 750 2846 822 2897; x_wconf 90' lang='lat'>(1).</span> <span class='ocrx_word' id='word_1_369' title='bbox 857 2860 876 2884; x_wconf 86' lang='grc'><em>»</em></span> 
     </span>
    </p>
   </div>
   <div class='ocr_carea' id='block_1_5' title="bbox 223 2950 1072 2997">
    <p class='ocr_par' dir='ltr' id='par_1_8' title="bbox 223 2950 1072 2997">
     <span class='ocr_line' id='line_1_40' title="bbox 223 2950 1072 2997; baseline -0.007 -9"><span class='ocrx_word' id='word_1_370' title='bbox 223 2956 273 2997; x_wconf 89' lang='grc'>(1)</span> <span class='ocrx_word' id='word_1_371' title='bbox 299 2955 454 2987; x_wconf 78' lang='lat' dir='ltr'>Summa</span> <span class='ocrx_word' id='word_1_372' title='bbox 479 2952 527 2985; x_wconf 68' lang='lat' dir='ltr'>tlt.</span> <span class='ocrx_word' id='word_1_373' title='bbox 553 2953 593 2985; x_wconf 86' lang='grc'>1.·</span> <span class='ocrx_word' id='word_1_374' title='bbox 618 2952 672 2984; x_wconf 67' lang='lat'>‘2:¹⁰</span> <span class='ocrx_word' id='word_1_375' title='bbox 701 2962 730 2993; x_wconf 75' lang='lat' dir='ltr'>p.</span> <span class='ocrx_word' id='word_1_376' title='bbox 759 2952 861 2990; x_wconf 78' lang='lat' dir='ltr'>XX1,</span> <span class='ocrx_word' id='word_1_377' title='bbox 885 2962 912 2983; x_wconf 82' lang='lat' dir='ltr'>a.</span> <span class='ocrx_word' id='word_1_378' title='bbox 937 2952 954 2983; x_wconf 68' lang='grc' dir='ltr'>ἱ)</span> <span class='ocrx_word' id='word_1_379' title='bbox 979 2950 1023 2982; x_wconf 82' lang='lat' dir='ltr'>ad</span> <span class='ocrx_word' id='word_1_380' title='bbox 1046 2951 1072 2983; x_wconf 77' lang='lat'>2.</span> 
     </span>
    </p>
   </div>
  </div>
 </body>
</html>
