1970 3203
222 207 301 248 360
368 219 432 247 IUS
453 218 654 246 NATURAE
675 219 784 246 PARS
805 218 858 246 111.
878 218 945 246 IUS
964 218 1332 247 INTERNATIONALE
1352 219 1430 247 SEU
1451 219 1641 247 GENTIUM

219 297 464 337 referuntur.
487 294 690 335 Iudicium
713 300 849 335 autem
871 300 1031 335 certum
1051 299 1092 334 et
1113 294 1322 335 criterium
1343 294 1689 349 independentiae
1710 307 1787 335 ex—

216 363 310 402 inde
341 362 527 411 habetur,
557 362 667 414 quod
695 374 801 414 gens
830 362 969 415 aliqua
1001 361 1180 414 propriis
1208 361 1370 414 legibus
1399 376 1444 403 se
1473 362 1690 416 gubernet,
1712 375 1790 402 nec

214 428 303 468 eius
332 433 488 468 statuta
517 427 655 467 civilia
684 441 710 467 a
743 428 954 480 superiore
974 427 1113 481 aliqua
1133 427 1301 480 politica
1325 428 1570 469 auctoritate
1603 427 1790 468 rescindi

215 494 389 548 possint.
422 496 468 535 Id
498 501 637 535 autem
668 508 741 547 pro
772 508 934 548 quaque
964 502 1088 547 gente
1119 501 1277 534 sartum
1316 500 1551 549 tectumque
1582 501 1724 535 manet
1752 494 1794 534 in

216 560 529 601 consociatione
559 560 870 601 internationali
891 593 900 610 ,
933 574 1038 613 quae
1068 559 1240 612 proinde
1283 559 1542 612 singularum
1578 559 1793 601 nationum

218 625 566 680 independentiae
598 627 700 666 nihil
731 627 948 668 detrahere
979 626 1156 667 dicenda
1186 633 1261 668 est.

272 693 404 733 Immo
428 692 553 733 etiam
576 692 780 732 eiusmodi
802 693 1124 746 independentia
1144 693 1344 733 solidatur
1363 694 1512 745 potius,
1535 698 1574 734 et
1595 693 1792 734 validiore

217 759 396 811 quadam
428 759 558 799 tutela
587 758 788 798 sancitur.
821 760 928 799 Nam
960 772 1054 797 cum
1085 757 1245 800 fructus
1276 758 1602 799 consociationis
1634 772 1717 799 non
1736 759 1792 798 in-

216 824 340 863 fimus
362 823 414 864 sit
435 823 572 863 cautio
592 823 853 876 propriorum
874 822 1037 873 iurium,
1055 823 1192 876 quoad
1213 822 1502 863 exsistentiam
1533 823 1791 875 potissimum

217 894 257 930 et
285 887 596 941 proprietatem,
628 887 877 928 exsistentia
897 894 1036 928 autem
1062 894 1099 928 et
1130 887 1215 928 vita
1244 888 1643 942 rerumpublicarum
1673 888 1713 927 in
1733 889 1793 928 in-

216 955 494 1006 dependentia
514 955 731 1005 consistat3
753 955 984 995 luculenter
1005 961 1179 1008 apparet
1199 955 1252 994 ad
1273 956 1398 996 finem
1425 955 1638 996 societatis
1657 955 1787 995 inter-

217 1022 445 1062 nationalis
476 1021 659 1062 maxime
689 1022 908 1074 pertinere,
940 1027 982 1061 ut
1001 1021 1321 1074 independentia
1349 1022 1551 1076 cuiusque
1580 1022 1719 1076 gentis
1749 1029 1788 1063 et

216 1102 319 1130 usus
338 1089 500 1138 iuriam,
522 1102 628 1142 quae
648 1089 744 1129 inde
765 1089 992 1137 dimanant,
1013 1088 1236 1129 incolumis
1267 1095 1539 1130 conservetur
1571 1091 1642 1142 (l).

270 1156 490 1205 Quoniam,
523 1161 566 1195 ut
597 1155 693 1204 dixi,
727 1154 1047 1196 consociatione
1077 1154 1158 1194 hac
1179 1156 1366 1208 gentium
1388 1156 1556 1208 propria
1578 1155 1793 1196 nationum

214 1222 538 1276 independentia
568 1235 651 1262 non
681 1221 875 1272 demitur;
914 1221 1099 1274 profecto
1131 1222 1323 1272 notescit,
1355 1236 1407 1263 ex
1437 1237 1487 1263 ea
1516 1236 1600 1262 non
1631 1224 1793 1262 Statum

216 1290 437 1343 quemdam
455 1288 665 1342 politicum
688 1288 912 1337 efformari,
930 1288 1003 1328 sed
1021 1288 1158 1340 potius
1179 1289 1589 1329 confoederationem
1612 1289 1793 1342 aliquam

219 1358 411 1398 Statuum
442 1356 714 1404 diversorum,
745 1368 830 1395 non
860 1368 977 1394 mera
1007 1361 1260 1395 tractatuum
1290 1356 1371 1396 fide
1402 1357 1476 1397 sed
1506 1369 1631 1397 verae
1662 1355 1794 1395 cuius-

220 1424 314 1463 dam
335 1423 602 1464 auctoritatis
622 1422 826 1475 regimine
849 1423 1060 1463 nitentem.
1084 1423 1135 1462 Et
1156 1435 1270 1471 sane,
1293 1422 1402 1475 quod
1423 1421 1651 1462 auctoritas
1673 1434 1794 1474 quae-

220 1490 313 1529 dam
345 1488 591 1529 necessaria
621 1488 684 1537 sit,
707 1488 862 1528 nemini
884 1488 1052 1528 dubium
1075 1501 1168 1528 esse
1196 1494 1343 1540 potest,
1365 1487 1568 1540 siquidem
1592 1485 1797 1527 stabilitas

218 1553 376 1594 ordinis
407 1559 446 1594 et
476 1551 725 1593 harmonica
755 1552 934 1605 partium
966 1552 1221 1605 conspiratio
1242 1552 1389 1592 haberi
1413 1551 1566 1605 nequit,
1588 1551 1678 1592 sine
1699 1551 1794 1590 uni-

219 1626 304 1661 tate
333 1620 474 1674 aliqua
504 1626 543 1660 et
572 1620 776 1673 principio
807 1620 977 1669 ordinis,
1008 1620 1117 1673 quod
1152 1619 1390 1660 facultatem
1421 1619 1576 1659 habeat
1600 1617 1793 1658 determi-

219 1687 346 1727 nandi
376 1687 526 1736 media,
558 1700 665 1739 quae
697 1687 753 1726 ad·
779 1687 906 1728 finem
937 1687 1201 1736 conducant,
1224 1693 1264 1728 et
1284 1687 1487 1729 socialem
1510 1685 1794 1738 operationem

217 1751 542 1806 praescribendi.

271 1818 334 1857 35.
363 1817 460 1857 Eius
483 1816 753 1868 organismus
775 1819 975 1869 respectu
995 1817 1155 1858 formae
1175 1817 1406 1869 regiminis.
1425 1816 1605 1863 Quaeret
1635 1814 1797 1868 aliquis:

219 1883 267 1921 In
296 1894 377 1934 quo
407 1880 594 1920 subiecto
626 1880 803 1920 facultas
832 1880 1005 1934 regendi
1034 1881 1395 1922 consociationem
1428 1882 1538 1921 hanc
1568 1879 1800 1921 resideret?

219 1947 408 1999 Repono,
439 1946 479 1985 id
501 1946 681 1999 pendere
704 1960 729 1986 a
750 1960 961 1987 consensu
983 1947 1213 1994 nationum,
1236 1960 1341 2000 quae
1366 1946 1550 1987 invicem
1573 1945 1798 1986 sociantur.

220 2015 323 2054 Cum
356 2013 466 2054 enim
496 2014 682 2066 perfecta
710 2016 946 2068 aequalitas
976 2014 1030 2054 sit
1057 2014 1164 2054 inter
1193 2014 1299 2063 illas;
1331 2013 1498 2053 nonnisi
1525 2026 1551 2052 a
1570 2012 1704 2052 libera
1723 2025 1800 2051 ea-

218 2080 407 2120 rumdem
428 2081 643 2122 voluntate
663 2082 891 2134 procedere
914 2086 1060 2134 potest,
1084 2087 1129 2120 ut
1149 2093 1233 2120 una
1259 2086 1330 2120 aut
1350 2081 1490 2134 plures
1513 2079 1666 2120 ceteris
1686 2091 1801 2131 prae-

220 2148 424 2197 ficiantur,
454 2154 525 2189 aut
554 2162 686 2201 aeque
716 2161 864 2188 omnes
894 2148 1080 2188 eiusdem
1101 2147 1360 2188 auctoritatis
1385 2148 1489 2187 fiant
1509 2145 1732 2199 participes
1753 2144 1794 2184 in

222 2214 397 2256 comitiis
428 2215 677 2268 quibusdam
707 2215 985 2268 generalibus.
1010 2215 1282 2267 Quapropter,
1305 2218 1428 2266 prout
1457 2212 1697 2253 nationibus
1718 2212 1801 2265 pla-

223 2279 366 2328 cuerit,
398 2279 614 2333 regiminis
635 2280 972 2320 internationalis
993 2279 1126 2319 forma
1148 2292 1242 2319 esse
1264 2279 1411 2332 poterit
1435 2277 1710 2319 monarchica
1730 2282 1802 2318 aut

222 2344 506 2396 polyarchica.

273 2411 408 2462 Atque
429 2410 497 2450 hic
515 2411 659 2451 sedulo
675 2411 973 2451 advertendum
992 2417 1066 2460 est,
1079 2410 1121 2450 in
1135 2411 1267 2451 forma
1283 2410 1498 2464 regiminis
1520 2408 1800 2456 diiudicanda,

221 2487 328 2527 quae
350 2474 488 2527 magis
509 2475 701 2515 societati
716 2476 1026 2516 internationali
1049 2475 1287 2525 conveniat,
1300 2489 1384 2516 non
1404 2476 1514 2517 idem
1537 2473 1801 2515 ratiocinium

263 2583 313 2624 (1)
338 2582 517 2624 Apposite
541 2582 778 2625 Taparellius:
804 2593 819 2613 «
844 2584 870 2615 ΙΙ
895 2583 1015 2616 diritto
1040 2583 1150 2617 civico
1175 2594 1192 2616 e
1216 2583 1238 2615 il
1256 2583 1366 2616 civico
1384 2592 1536 2625 operare
1555 2581 1720 2615 debbono
1740 2579 1802 2612 mi-

223 2643 305 2667 rare
327 2635 360 2666 in
383 2635 497 2675 primo
521 2635 634 2676 luogo
659 2636 704 2668 ad
729 2636 935 2668 assicurare
959 2647 979 2668 a
1007 2636 1151 2669 ciascun
1175 2637 1360 2669 associato
1385 2637 1421 2669 la
1445 2646 1512 2669 sua
1534 2635 1730 2668 esistenza:
1758 2631 1808 2673 gli

222 2689 395 2722 associati
426 2689 521 2721 della
554 2691 737 2724 ctnarchia
761 2692 918 2724 essendo
943 2691 1079 2724 nazioni
1097 2717 1104 2729 ,
1130 2691 1165 2723 la
1189 2691 1300 2724 civica
1326 2691 1542 2733 operazione
1567 2689 1601 2722 di
1625 2688 1668 2722 lei
1694 2690 1809 2722 dovra

225 2745 368 2785 dunque
391 2744 519 2776 mirare
545 2756 566 2776 a
581 2745 723 2778 salvare
748 2756 770 2778 a
792 2746 961 2778 ciascuna
976 2746 1126 2778 nazione
1150 2745 1185 2778 la
1210 2756 1276 2778 sua
1300 2746 1488 2779 esistenza.
1508 2745 1558 2777 Or
1574 2745 1609 2777 la
1626 2744 1809 2777 esistenza

224 2800 257 2832 di
281 2810 350 2833 una
371 2799 520 2832 nazione
545 2800 638 2833 altro
662 2810 731 2842 non
767 2802 926 2834 essendo
951 2802 1016 2834 che
1039 2801 1061 2833 l'
1080 2801 1249 2833 attualita
1272 2800 1329 2833 del
1368 2810 1435 2833 suo
1459 2810 1584 2833 essere
1620 2800 1679 2841 pel
1704 2798 1809 2840 quale

225 2853 296 2885 ella
320 2854 337 2885 ὺ-
362 2852 502 2886 societa
533 2853 805 2894 indipendente3
829 2854 865 2887 lo
890 2863 1006 2895 scopo
1041 2853 1123 2885 dell’
1142 2863 1294 2895 operare
1319 2852 1524 2885 etnarchico
1548 2853 1634 2884 sara
1662 2851 1703 2893 >di
1727 2860 1808 2883 con-

228 2917 374 2940 servare
398 2919 419 2940 a
442 2909 611 2941 ciascuna
626 2908 718 2940 delle
735 2909 831 2949 genti
848 2908 1031 2941 associate
1061 2907 1097 2939 la
1113 2917 1180 2940 sua
1204 2908 1300 2940 unita
1327 2907 1464 2940 interna
1489 2908 1557 2940 ela
1572 2917 1639 2941 sua
1663 2908 1808 2939 esterna

224 2960 494 3003 indipendcnza.
521 2972 537 2991 «
562 2961 703 3003 Samio
734 2962 911 2994 teor-etim
936 2971 1007 2994 ece.
1030 2960 1184 2994 Dissert.
1208 2961 1268 2997 VI,
1291 2972 1319 2994 c.
1345 2962 1372 3000 3.
1396 2973 1425 2995 a.
1449 2962 1469 2994 I.
