1970 3203
263 177 341 217 116
598 191 663 218 ms
692 189 893 216 NATURAE
914 199 935 204 -
956 188 1064 215 PARS
1090 189 1114 214 1.
1143 189 1208 217 1th
1237 188 1506 215 1ND1V1DUALE

263 267 550 306 tantummodo
580 265 793 305 munimen
822 269 862 304 et
881 263 1009 304 tutela
1028 262 1141 311 iuris;
1163 276 1269 316 quae
1289 264 1474 316 proinde,
1498 263 1532 303 si
1559 263 1679 312 adsit,
1699 268 1837 316 potest

263 331 451 371 adhiberi
481 331 534 370 ad
564 330 654 370 eius
683 328 979 369 defensionem.
1011 326 1093 366 Sed
1123 327 1173 366 de
1203 327 1284 366 hac
1315 340 1360 366 re
1389 327 1570 367 inferius.

311 400 347 436 4.
377 398 543 438 Inducit
570 396 772 437 moralem
802 395 1097 446 obligationem
1124 395 1168 434 in
1189 395 1294 434 aliis.
1316 395 1363 433 In
1384 400 1587 447 conceptu
1608 395 1708 435 iuris
1730 395 1836 435 obli-

260 462 373 515 gatio
404 474 569 513 semper
594 460 768 500 aliorum
789 459 1014 499 involvitur
1034 458 1166 498 eidem
1187 472 1271 498 non
1293 458 1532 500 obsistendi.
1556 462 1602 500 In
1624 461 1704 499 hoc
1727 460 1836 500 enim

260 526 424 579 proprie
441 525 504 565 vis
521 525 705 572 moralis,
724 537 829 577 quae
850 524 890 562 in
908 524 997 563 iure
1018 528 1092 571 est,
1110 523 1314 572 consistit,
1332 530 1375 562 ut
1391 523 1452 564 sic
1473 525 1544 564 tibi
1564 539 1616 566 ex
1634 538 1696 577 gr.
1712 525 1839 565 liceat

261 593 423 645 operari
444 598 513 631 aut
532 605 620 632 rem
642 591 823 644 aliquam
848 590 919 631 tibi
940 590 1190 638 adsciscere,
1211 596 1254 629 ut
1274 590 1401 629 ceteri
1426 596 1464 630 te
1485 604 1570 631 non
1590 591 1833 643 impediant;

260 664 333 697 aut
354 657 476 697 etiam
494 662 537 696 ut
554 656 633 705 ille,
651 670 677 696 a
691 670 771 709 quo
793 669 878 696 rem
896 655 1083 708 postulas
1099 653 1170 693 tibi
1191 653 1382 703 debitam,
1400 655 1454 693 ad
1470 668 1562 695 eam
1579 656 1835 696 reddendam

256 724 374 765 iussu
403 729 578 764 naturae
608 723 905 775 adstringatur.
937 722 1070 761 Secus
1099 721 1167 760 lex
1197 720 1275 760 sibi
1305 721 1621 771 contradiceret,
1654 722 1836 762 faculta-

255 796 338 831 tem
369 790 441 830 tibi
471 790 669 837 tribuens,
692 802 815 841 quam
836 787 1008 840 quisque
1029 786 1151 834 licite,
1174 798 1248 826 seu
1270 786 1544 826 concessione
1564 786 1694 838 ipsius
1714 787 1835 839 legis,

255 858 415 898 violare
447 861 600 908 posset.
632 856 751 893 Tunc
781 853 845 892 ius
876 861 988 892 esset
1019 852 1142 891 simul
1166 851 1231 891 ius
1261 857 1301 891 et
1329 865 1413 891 non
1442 851 1519 900 ius,
1550 851 1721 903 eiusque
1743 852 1835 893 vio-

258 924 358 964 latio
388 928 500 963 esset
529 922 650 961 simul
681 920 833 959 iniuria
863 929 902 959 et
931 932 1015 958 non
1045 917 1207 958 iniuria.

312 989 423 1027 Hinc
446 991 569 1038 patet,
590 985 654 1024 ius
675 984 887 1023 includere
908 996 1074 1036 semper
1093 993 1328 1035 respectum
1352 984 1405 1023 ad
1425 983 1714 1024 exsistentiam
1731 984 1812 1023 alio
1827 1008 1838 1016 -

258 1067 363 1100 rum,
393 1052 541 1091 saltem
572 1049 826 1102 possibilem,
857 1061 1032 1101 quorum
1063 1048 1301 1087 voluntates
1331 1047 1414 1100 legi
1442 1047 1686 1088 subdantur.

311 1120 347 1156 5.
379 1117 624 1157 Subiectum
654 1119 697 1155 et
725 1113 931 1154 terminus
957 1112 1075 1152 iuris.
1107 1112 1171 1149 Ex
1200 1111 1324 1150 modo
1354 1111 1475 1151 dictis
1493 1110 1711 1150 manifeste
1733 1123 1838 1149 con-

257 1183 441 1236 sequitur
471 1182 702 1222 subtectam
742 1186 781 1220 et
813 1179 1044 1219 terminum
1072 1177 1174 1217 iuris
1203 1178 1370 1218 nonnisi
1400 1191 1624 1230 personam
1655 1177 1839 1229 aliquam

258 1263 352 1291 esse
382 1262 518 1301 posse,
549 1247 741 1287 nimirum
762 1245 1041 1286 substantiam
1061 1245 1271 1284 intellectu
1295 1251 1335 1284 et
1356 1246 1568 1284 voluntate
1591 1244 1836 1297 praeditam.

261 1318 313 1356 Et
333 1316 387 1356 ad
407 1315 628 1355 terminum
650 1313 758 1366 quod
779 1311 938 1360 attinet,
961 1316 1075 1351 certe
1093 1311 1236 1363 nequit
1252 1311 1449 1365 obligatio
1467 1312 1637 1352 moralis
1655 1312 1838 1359 afficere,

259 1383 339 1424 nisi
370 1396 445 1423 ens
474 1382 664 1421 libertate
695 1385 914 1427 ornatum;
945 1379 1117 1418 libertas
1138 1383 1277 1417 autem
1298 1377 1616 1430 intelligentiam
1639 1378 1839 1417 subaudit

259 1462 309 1488 ex
342 1459 473 1499 eaque
503 1445 691 1498 pullulat.
721 1444 835 1483 Idem
866 1442 930 1482 dic
962 1442 1012 1482 de
1042 1441 1242 1482 subiecto.
1276 1443 1395 1490 Nam,
1418 1456 1513 1482 cnm
1534 1443 1599 1482 ius
1620 1442 1672 1482 ab
1693 1442 1837 1482 ordine

256 1515 507 1565 generetur;
539 1508 679 1560 nequit
709 1508 975 1547 efflorescere
1004 1505 1084 1545 nisi
1113 1506 1155 1544 in
1185 1512 1291 1554 ente,
1321 1506 1389 1546 cui
1419 1512 1648 1558 conceptus
1678 1506 1837 1546 ordinis

254 1579 468 1631 affulgeat,
500 1576 712 1627 dictetque
741 1575 822 1614 hoc
853 1575 918 1614 vel
947 1574 1048 1613 illud
1079 1586 1173 1613 esse
1202 1574 1490 1614 necessarium
1521 1573 1742 1614 autetiam
1764 1586 1831 1625 op-

254 1652 475 1699 portunum
506 1642 591 1691 fini,
622 1654 742 1694 quem
772 1641 851 1693 ipsi
881 1645 1030 1679 natura
1058 1640 1263 1692 praefixit.
1294 1640 1341 1679 Id
1370 1646 1510 1680 autem
1541 1639 1831 1692 proculdubio

257 1706 575 1760 intelligentiam
607 1713 647 1746 et
675 1706 932 1744 voluntatem
961 1705 1153 1756 reposcit.
1184 1705 1239 1743 At
1270 1717 1369 1744 vero
1401 1717 1476 1744 ens
1506 1703 1720 1752 eiusmodi,
1744 1718 1839 1743 cum

258 1772 424 1813 realiter
453 1771 495 1810 in
526 1784 572 1810 se
601 1768 813 1815 subsistat,
844 1781 971 1807 sensu
1001 1768 1291 1820 metaphysico
1320 1781 1503 1820 persona
1532 1774 1720 1808 vocatur.

311 1838 430 1876 Haec
446 1840 585 1874 autem
601 1846 782 1886 persona
796 1831 984 1884 physica,
1003 1832 1272 1871 considerata
1287 1839 1407 1884 prout
1422 1831 1582 1871 iuribus
1602 1831 1840 1883 insignitur,

256 1904 404 1945 dicitur
420 1914 601 1956 persona
621 1899 661 1939 in
678 1912 807 1939 sensu
828 1898 951 1939 etiam
972 1897 1132 1945 morali,
1150 1902 1356 1950 quatenus
1373 1911 1455 1937 non
1477 1898 1530 1937 ad
1546 1899 1661 1937 aliud
1681 1898 1841 1938 ordine-

256 1975 322 2009 tur
350 1973 394 2007 ut
422 1966 629 2014 medium3
660 1963 734 2003 sed
754 1963 796 2002 in
826 1976 871 2002 se
892 1969 1060 2002 maneat
1080 1968 1124 2001 ut
1152 1961 1258 2001 finis.
1281 1962 1400 2008 Quod
1431 1962 1465 2002 si
1486 1962 1646 2002 iuribus
1667 1963 1840 2003 omnino

255 2033 466 2086 spolietur,
498 2046 524 2071 a
553 2030 790 2071 conditione
815 2042 1026 2082 personae
1047 2028 1098 2067 ad
1128 2028 1407 2068 conditionem
1431 2028 1505 2077 rei,
1529 2042 1635 2081 quae
1657 2029 1839 2070 medium

261 2106 325 2140 est
354 2112 438 2138 non
469 2098 578 2146 finis,
609 2109 780 2149 prorsus
810 2095 1008 2135 deiicitur.
1709 2095 1714 2102 '

312 2164 348 2204 6.
367 2164 586 2205 obiectum
601 2162 720 2202 iuris.
733 2163 790 2201 Ut
806 2174 858 2201 ex
876 2160 996 2201 dictis
1017 2173 1178 2213 quoque
1199 2165 1323 2212 patet,
1345 2159 1553 2199 obiectum
1573 2172 1647 2199 sen
1664 2161 1840 2200 materia

263 2229 366 2269 iuris
395 2240 490 2268 esse
519 2230 655 2278 potest
684 2238 767 2264 non
798 2225 920 2264 modo
942 2224 1127 2276 operatio
1148 2223 1280 2276 ipsius
1301 2223 1486 2270 subiecti,
1508 2223 1581 2262 sed
1603 2223 1726 2262 etiam
1749 2237 1842 2276 ope-

262 2292 369 2333 ratio
394 2290 578 2338 termini,
601 2295 640 2329 et
655 2288 887 2341 generatim
910 2288 1104 2340 quidquid
1125 2293 1319 2339 respectu
1340 2286 1520 2326 hominis
1540 2287 1744 2327 rationem
1764 2289 1835 2328 ha-

260 2359 329 2398 bet
346 2356 482 2405 medii,
504 2356 557 2395 ad
574 2356 699 2395 finem
717 2354 794 2406 ipsi
811 2367 837 2392 a
852 2359 1004 2392 natura
1024 2353 1279 2405 propositum
1297 2353 1582 2393 consentanei.
1600 2354 1651 2392 Et
1667 2367 1770 2393 sane
1785 2355 1840 2394 ad

258 2424 441 2464 hominis
463 2423 617 2463 bonum
638 2426 678 2460 et
698 2419 992 2472 perfectionem
1015 2419 1319 2471 procurandam
1340 2431 1423 2457 non
1440 2420 1562 2459 modo
1580 2419 1668 2459 eius
1684 2433 1838 2471 opera-

261 2490 396 2530 tiones
413 2495 453 2529 et
472 2501 540 2528 res
556 2493 768 2535 externae,
785 2499 891 2539 quae
907 2486 1104 2525 mundum
1122 2485 1379 2524 materialem
1396 2485 1628 2533 efformant,
1645 2499 1671 2525 a
1687 2491 1841 2526 natura

264 2556 497 2596 destinatae
518 2561 625 2604 sunt,
647 2553 721 2593 sed
739 2551 862 2592 etiam
884 2552 1073 2592 actiones
1093 2551 1281 2599 aliorum,
1298 2565 1403 2604 quae
1424 2552 1476 2591 ad
1497 2551 1686 2590 eumdem
1708 2552 1837 2591 finem

264 2621 546 2661 adiumentum
560 2618 724 2671 aliquod
737 2617 925 2657 conferre
939 2617 1242 2670 possunt.Ergo
1256 2616 1290 2656 si
1303 2616 1587 2669 forte‚propter
1596 2617 1840 2656 relationem

262 2685 387 2726 unius
407 2699 500 2724 cum
522 2684 616 2731 alio,
634 2684 734 2723 ordo
751 2683 891 2722 iubeat
906 2688 949 2722 ut
964 2682 1032 2722 hic
1049 2681 1214 2721 actione
1230 2694 1308 2720 sua
1327 2681 1479 2721 bonum
1501 2680 1610 2721 illius
1632 2687 1838 2732 procuret;

263 2757 376 2792 certe
397 2750 532 2803 quoad
550 2749 752 2788 eiusmodi
769 2748 976 2789 actionem
995 2746 1186 2799 officium
1201 2746 1241 2785 in
1259 2758 1341 2785 uno
1357 2751 1568 2797 exsurget,
1586 2746 1710 2786 etius
1727 2746 1769 2785 in
1785 2746 1841 2786 al-

263 2824 367 2857 tero.
385 2815 492 2855 Hinc
509 2814 719 2866 obligatio,
736 2826 841 2866 quae
857 2812 934 2852 iuri
951 2811 1174 2863 respondet
1190 2816 1230 2850 et
1246 2824 1352 2863 quae
1368 2809 1544 2850 iuridica
1558 2817 1838 2863 nuncupatur,

263 2897 349 2923 non
379 2883 510 2923 solum
544 2880 740 2933 negativa
775 2892 868 2920 esse
906 2883 1042 2931 potest
1061 2910 1070 2927 ,
1107 2877 1181 2918 sed
1210 2875 1335 2917 etiam
1358 2876 1558 2929 positiva.
1599 2878 1691 2918 Non
1723 2877 1833 2917 enim
