<?xml version="1.0" encoding="UTF-8"?>
<!DOCTYPE html PUBLIC "-//W3C//DTD XHTML 1.0 Transitional//EN"
    "http://www.w3.org/TR/xhtml1/DTD/xhtml1-transitional.dtd">
<html xmlns="http://www.w3.org/1999/xhtml" xml:lang="en" lang="en">
 <head>
  <title>
</title>
<meta http-equiv="Content-Type" content="text/html;charset=utf-8" />
  <meta name='ocr-system' content='tesseract 3.04.00' />
  <meta name='ocr-capabilities' content='ocr_page ocr_carea ocr_par ocr_line ocrx_word'/>
</head>
<body>
  <div class='ocr_page' id='page_1' title='image "./institutioneseth00libe_0373.png"; bbox 0 0 1970 3203; ppageno 0'>
   <div class='ocr_carea' id='block_1_1' title="bbox 675 466 1235 530">
    <p class='ocr_par' dir='ltr' id='par_1_1' title="bbox 675 466 1235 530">
     <span class='ocr_line' id='line_1_1' title="bbox 675 466 1235 530; baseline 0.002 -1"><span class='ocrx_word' id='word_1_1' title='bbox 675 466 1235 530; x_wconf 82' lang='lat' dir='ltr'>IN.DEX</span> 
     </span>
    </p>
   </div>
   <div class='ocr_carea' id='block_1_2' title="bbox 175 1118 1748 1450">
    <p class='ocr_par' dir='ltr' id='par_1_2' title="bbox 180 1118 1747 1273">
     <span class='ocr_line' id='line_1_2' title="bbox 180 1118 1747 1165; baseline 0.001 -12"><span class='ocrx_word' id='word_1_2' title='bbox 180 1118 386 1154; x_wconf 65' lang='lat' dir='ltr'>Pmnmno</span> <span class='ocrx_word' id='word_1_3' title='bbox 390 1143 1512 1155; x_wconf 87' lang='grc'><strong>....................</strong></span> <span class='ocrx_word' id='word_1_4' title='bbox 1561 1119 1648 1165; x_wconf 81' lang='lat' dir='ltr'>Pag.</span> <span class='ocrx_word' id='word_1_5' title='bbox 1724 1120 1747 1154; x_wconf 87' lang='lat'>5</span> 
     </span>
     <span class='ocr_line' id='line_1_3' title="bbox 797 1235 1122 1273; baseline 0.003 -2"><span class='ocrx_word' id='word_1_6' title='bbox 797 1235 1122 1273; x_wconf 87' lang='lat' dir='ltr'>INTRODUCTIO</span> 
     </span>
    </p>

    <p class='ocr_par' dir='ltr' id='par_1_3' title="bbox 175 1355 1748 1402">
     <span class='ocr_line' id='line_1_4' title="bbox 175 1355 1748 1402; baseline 0.001 -12"><span class='ocrx_word' id='word_1_7' title='bbox 175 1356 265 1391; x_wconf 72' lang='lat' dir='ltr'><strong>ART.</strong></span> <span class='ocrx_word' id='word_1_8' title='bbox 339 1355 363 1390; x_wconf 92' lang='grc' dir='ltr'>Ῑ.</span> <span class='ocrx_word' id='word_1_9' title='bbox 390 1356 442 1390; x_wconf 84' lang='lat' dir='ltr'>De</span> <span class='ocrx_word' id='word_1_10' title='bbox 459 1358 686 1402; x_wconf 77' lang='lat' dir='ltr'>praestantia</span> <span class='ocrx_word' id='word_1_11' title='bbox 710 1362 743 1392; x_wconf 84' lang='lat' dir='ltr'>et</span> <span class='ocrx_word' id='word_1_12' title='bbox 767 1358 925 1391; x_wconf 81' lang='lat' dir='ltr'>utilitate</span> <span class='ocrx_word' id='word_1_13' title='bbox 950 1358 1115 1392; x_wconf 74' lang='lat' dir='ltr'><em>scientiae</em></span> <span class='ocrx_word' id='word_1_14' title='bbox 1139 1357 1290 1392; x_wconf 71' lang='lat' dir='ltr'>nior-alis</span> <span class='ocrx_word' id='word_1_15' title='bbox 1328 1383 1334 1391; x_wconf 95' lang='lat'>.</span> <span class='ocrx_word' id='word_1_16' title='bbox 1388 1383 1394 1391; x_wconf 95' lang='lat'>.</span> <span class='ocrx_word' id='word_1_17' title='bbox 1438 1384 1452 1400; x_wconf 21' lang='grc' dir='ltr'>Ι.</span> <span class='ocrx_word' id='word_1_18' title='bbox 1504 1385 1510 1391; x_wconf 92' lang='grc'>.</span> <span class='ocrx_word' id='word_1_19' title='bbox 1563 1385 1569 1392; x_wconf 98' lang='grc'><em>.</em></span> <span class='ocrx_word' id='word_1_20' title='bbox 1631 1369 1651 1391; x_wconf 76' lang='grc'>&gt;&gt;</span> <span class='ocrx_word' id='word_1_21' title='bbox 1725 1357 1748 1391; x_wconf 83' lang='grc'><strong>9</strong></span> 
     </span>
    </p>

    <p class='ocr_par' dir='ltr' id='par_1_4' title="bbox 175 1413 1743 1450">
     <span class='ocr_line' id='line_1_5' title="bbox 175 1413 1743 1450; baseline 0.001 -1"><span class='ocrx_word' id='word_1_22' title='bbox 175 1416 264 1449; x_wconf 78' lang='lat' dir='ltr'><strong>ART.</strong></span> <span class='ocrx_word' id='word_1_23' title='bbox 323 1413 363 1448; x_wconf 92' lang='lat' dir='ltr'>II.</span> <span class='ocrx_word' id='word_1_24' title='bbox 390 1414 442 1448; x_wconf 88' lang='lat' dir='ltr'>De</span> <span class='ocrx_word' id='word_1_25' title='bbox 466 1415 692 1450; x_wconf 81' lang='lat' dir='ltr'>distinctione</span> <span class='ocrx_word' id='word_1_26' title='bbox 722 1417 814 1450; x_wconf 81' lang='lat' dir='ltr'>inter</span> <span class='ocrx_word' id='word_1_27' title='bbox 838 1415 1005 1450; x_wconf 82' lang='lat' dir='ltr'>Ethicam</span> <span class='ocrx_word' id='word_1_28' title='bbox 1030 1421 1061 1450; x_wconf 87' lang='lat' dir='ltr'>et</span> <span class='ocrx_word' id='word_1_29' title='bbox 1086 1415 1152 1450; x_wconf 78' lang='lat' dir='ltr'>Ius</span> <span class='ocrx_word' id='word_1_30' title='bbox 1176 1422 1332 1450; x_wconf 77' lang='lat' dir='ltr'>naturae</span> <span class='ocrx_word' id='word_1_31' title='bbox 1382 1442 1388 1449; x_wconf 89' lang='lat'>.</span> <span class='ocrx_word' id='word_1_32' title='bbox 1441 1442 1447 1449; x_wconf 89' lang='lat'>.</span> <span class='ocrx_word' id='word_1_33' title='bbox 1500 1442 1506 1449; x_wconf 89' lang='lat'><strong>.</strong></span> <span class='ocrx_word' id='word_1_34' title='bbox 1558 1441 1565 1450; x_wconf 87' lang='lat'><strong>.</strong></span> <span class='ocrx_word' id='word_1_35' title='bbox 1629 1427 1649 1448; x_wconf 91' lang='lat'>»</span> <span class='ocrx_word' id='word_1_36' title='bbox 1705 1413 1743 1450; x_wconf 92' lang='lat'>11</span> 
     </span>
    </p>
   </div>
   <div class='ocr_carea' id='block_1_3' title="bbox 819 1535 1090 1587">
    <p class='ocr_par' dir='ltr' id='par_1_5' title="bbox 819 1535 1090 1587">
     <span class='ocr_line' id='line_1_6' title="bbox 819 1535 1090 1587; baseline 0.004 -1"><span class='ocrx_word' id='word_1_37' title='bbox 819 1535 1090 1587; x_wconf 85' lang='lat' dir='ltr'><strong>ETHICA</strong></span> 
     </span>
    </p>
   </div>
   <div class='ocr_carea' id='block_1_4' title="bbox 173 1674 1746 2671">
    <p class='ocr_par' dir='ltr' id='par_1_6' title="bbox 173 1674 1746 1782">
     <span class='ocr_line' id='line_1_7' title="bbox 173 1674 1746 1722; baseline 0 -11"><span class='ocrx_word' id='word_1_38' title='bbox 173 1674 346 1711; x_wconf 74' lang='lat' dir='ltr'>PARTmo</span> <span class='ocrx_word' id='word_1_39' title='bbox 374 1686 498 1711; x_wconf 66' lang='lat' dir='ltr'>&#39;forms</span> <span class='ocrx_word' id='word_1_40' title='bbox 529 1687 798 1712; x_wconf 72' lang='lat' dir='ltr'>TRACTATioNJs.</span> <span class='ocrx_word' id='word_1_41' title='bbox 826 1677 913 1713; x_wconf 81' lang='lat' dir='ltr'>Tria</span> <span class='ocrx_word' id='word_1_42' title='bbox 940 1677 1190 1722; x_wconf 83' lang='lat' dir='ltr'>investiganda</span> <span class='ocrx_word' id='word_1_43' title='bbox 1210 1703 1568 1712; x_wconf 86' lang='grc'><strong>.......</strong></span> <span class='ocrx_word' id='word_1_44' title='bbox 1630 1689 1650 1711; x_wconf 79' lang='lat'><strong>»</strong></span> <span class='ocrx_word' id='word_1_45' title='bbox 1704 1676 1746 1711; x_wconf 84' lang='lat'>15</span> 
     </span>
     <span class='ocr_line' id='line_1_8' title="bbox 175 1735 1739 1782; baseline 0.001 -13"><span class='ocrx_word' id='word_1_46' title='bbox 175 1735 281 1770; x_wconf 89' lang='lat' dir='ltr'><strong>CAP.</strong></span> <span class='ocrx_word' id='word_1_47' title='bbox 344 1735 369 1770; x_wconf 92' lang='lat'>1.</span> <span class='ocrx_word' id='word_1_48' title='bbox 395 1737 448 1770; x_wconf 81' lang='lat' dir='ltr'>DE</span> <span class='ocrx_word' id='word_1_49' title='bbox 473 1747 555 1771; x_wconf 78' lang='lat' dir='ltr'><strong>FINE</strong></span> <span class='ocrx_word' id='word_1_50' title='bbox 579 1746 812 1771; x_wconf 79' lang='lat' dir='ltr'>OPERATIONJS</span> <span class='ocrx_word' id='word_1_51' title='bbox 838 1747 1018 1771; x_wconf 69' lang='lat' dir='ltr'>HUMANAE.</span> <span class='ocrx_word' id='word_1_52' title='bbox 1045 1737 1201 1771; x_wconf 83' lang='lat' dir='ltr'>Partitio</span> <span class='ocrx_word' id='word_1_53' title='bbox 1227 1736 1354 1782; x_wconf 82' lang='lat' dir='ltr'>capitis</span> <span class='ocrx_word' id='word_1_54' title='bbox 1382 1763 1388 1771; x_wconf 89' lang='lat'><strong>.</strong></span> <span class='ocrx_word' id='word_1_55' title='bbox 1440 1762 1446 1770; x_wconf 93' lang='lat'>.</span> <span class='ocrx_word' id='word_1_56' title='bbox 1498 1762 1505 1770; x_wconf 90' lang='lat'><strong>.</strong></span> <span class='ocrx_word' id='word_1_57' title='bbox 1556 1762 1564 1770; x_wconf 88' lang='lat'><strong>.</strong></span> <span class='ocrx_word' id='word_1_58' title='bbox 1627 1747 1646 1769; x_wconf 75' lang='lat'>7&gt;</span> <span class='ocrx_word' id='word_1_59' title='bbox 1677 1735 1739 1770; x_wconf 89' lang='lat' dir='ltr'>ibi.</span> 
     </span>
    </p>

    <p class='ocr_par' dir='ltr' id='par_1_7' title="bbox 177 1793 1651 1840">
     <span class='ocr_line' id='line_1_9' title="bbox 177 1793 1651 1840; baseline 0 -13"><span class='ocrx_word' id='word_1_60' title='bbox 177 1793 268 1828; x_wconf 83' lang='lat' dir='ltr'><strong>ART.</strong></span> <span class='ocrx_word' id='word_1_61' title='bbox 343 1793 367 1827; x_wconf 89' lang='grc' dir='ltr'>Ι.</span> <span class='ocrx_word' id='word_1_62' title='bbox 393 1794 444 1828; x_wconf 90' lang='lat' dir='ltr'>De</span> <span class='ocrx_word' id='word_1_63' title='bbox 458 1795 533 1839; x_wconf 76' lang='lat' dir='ltr'>fine</span> <span class='ocrx_word' id='word_1_64' title='bbox 551 1795 707 1829; x_wconf 80' lang='lat' dir='ltr'>hominis</span> <span class='ocrx_word' id='word_1_65' title='bbox 719 1798 932 1840; x_wconf 72' lang='lat' dir='ltr'>yeneratini.</span> <span class='ocrx_word' id='word_1_66' title='bbox 953 1794 1066 1829; x_wconf 88' lang='lat' dir='ltr'>Homo</span> <span class='ocrx_word' id='word_1_67' title='bbox 1084 1798 1256 1840; x_wconf 85' lang='lat' dir='ltr'>operatur</span> <span class='ocrx_word' id='word_1_68' title='bbox 1273 1795 1493 1840; x_wconf 88' lang='lat' dir='ltr'>appetitione</span> <span class='ocrx_word' id='word_1_69' title='bbox 1511 1794 1651 1828; x_wconf 82' lang='lat' dir='ltr'>boni—</span> 
     </span>
    </p>

    <p class='ocr_par' dir='ltr' id='par_1_8' title="bbox 444 1853 1648 1902">
     <span class='ocr_line' id='line_1_10' title="bbox 444 1853 1648 1902; baseline 0 -14"><span class='ocrx_word' id='word_1_70' title='bbox 444 1853 645 1902; x_wconf 85' lang='lat' dir='ltr'>Tendentia</span> <span class='ocrx_word' id='word_1_71' title='bbox 670 1855 710 1889; x_wconf 86' lang='lat' dir='ltr'>in</span> <span class='ocrx_word' id='word_1_72' title='bbox 734 1856 869 1890; x_wconf 84' lang='lat' dir='ltr'>bonum</span> <span class='ocrx_word' id='word_1_73' title='bbox 896 1855 1096 1889; x_wconf 87' lang='lat' dir='ltr'>communis</span> <span class='ocrx_word' id='word_1_74' title='bbox 1121 1859 1176 1889; x_wconf 83' lang='lat' dir='ltr'>est</span> <span class='ocrx_word' id='word_1_75' title='bbox 1194 1856 1336 1889; x_wconf 80' lang='lat' dir='ltr'>entibus</span> <span class='ocrx_word' id='word_1_76' title='bbox 1353 1855 1535 1889; x_wconf 88' lang='lat' dir='ltr'>omnibus.</span> <span class='ocrx_word' id='word_1_77' title='bbox 1551 1854 1648 1888; x_wconf 91' lang='lat' dir='ltr'>—In</span> 
     </span>
    </p>

    <p class='ocr_par' dir='ltr' id='par_1_9' title="bbox 442 1914 1649 1960">
     <span class='ocr_line' id='line_1_11' title="bbox 442 1914 1649 1960; baseline 0.001 -12"><span class='ocrx_word' id='word_1_78' title='bbox 442 1914 587 1949; x_wconf 90' lang='lat' dir='ltr'>homine</span> <span class='ocrx_word' id='word_1_79' title='bbox 612 1917 733 1949; x_wconf 88' lang='lat' dir='ltr'>tamen</span> <span class='ocrx_word' id='word_1_80' title='bbox 760 1915 858 1959; x_wconf 83' lang='lat' dir='ltr'>viget</span> <span class='ocrx_word' id='word_1_81' title='bbox 882 1915 1038 1960; x_wconf 87' lang='lat' dir='ltr'>perfecto</span> <span class='ocrx_word' id='word_1_82' title='bbox 1064 1915 1168 1949; x_wconf 89' lang='lat' dir='ltr'>modo</span> <span class='ocrx_word' id='word_1_83' title='bbox 1194 1934 1237 1940; x_wconf 98' lang='lat'><strong>—</strong></span> <span class='ocrx_word' id='word_1_84' title='bbox 1264 1915 1303 1948; x_wconf 91' lang='lat' dir='ltr'>In</span> <span class='ocrx_word' id='word_1_85' title='bbox 1330 1915 1474 1949; x_wconf 85' lang='lat' dir='ltr'>homine</span> <span class='ocrx_word' id='word_1_86' title='bbox 1499 1919 1553 1949; x_wconf 85' lang='lat' dir='ltr'>est</span> <span class='ocrx_word' id='word_1_87' title='bbox 1578 1915 1649 1950; x_wconf 90' lang='lat' dir='ltr'>du-</span> 
     </span>
    </p>

    <p class='ocr_par' dir='ltr' id='par_1_10' title="bbox 442 1974 1648 2020">
     <span class='ocr_line' id='line_1_12' title="bbox 442 1974 1648 2020; baseline 0.001 -13"><span class='ocrx_word' id='word_1_88' title='bbox 442 1974 524 2019; x_wconf 84' lang='lat' dir='ltr'>plex</span> <span class='ocrx_word' id='word_1_89' title='bbox 549 1974 731 2020; x_wconf 87' lang='lat' dir='ltr'>appetitus</span> <span class='ocrx_word' id='word_1_90' title='bbox 755 1974 843 2009; x_wconf 86' lang='lat' dir='ltr'>honi</span> <span class='ocrx_word' id='word_1_91' title='bbox 869 1993 913 2000; x_wconf 95' lang='lat'>—</span> <span class='ocrx_word' id='word_1_92' title='bbox 939 1974 1098 2016; x_wconf 83' lang='lat' dir='ltr'>Bonum,</span> <span class='ocrx_word' id='word_1_93' title='bbox 1129 1974 1167 2007; x_wconf 88' lang='lat' dir='ltr'>in</span> <span class='ocrx_word' id='word_1_94' title='bbox 1201 1974 1295 2020; x_wconf 88' lang='lat' dir='ltr'>quod</span> <span class='ocrx_word' id='word_1_95' title='bbox 1325 1985 1489 2019; x_wconf 86' lang='lat' dir='ltr'>quaeque</span> <span class='ocrx_word' id='word_1_96' title='bbox 1514 1978 1648 2008; x_wconf 83' lang='lat' dir='ltr'>natura</span> 
     </span>
    </p>

    <p class='ocr_par' dir='ltr' id='par_1_11' title="bbox 441 2034 1654 2080">
     <span class='ocr_line' id='line_1_13' title="bbox 441 2034 1654 2080; baseline 0.001 -12"><span class='ocrx_word' id='word_1_97' title='bbox 441 2035 567 2075; x_wconf 88' lang='lat' dir='ltr'>tendit,</span> <span class='ocrx_word' id='word_1_98' title='bbox 586 2039 638 2069; x_wconf 89' lang='lat' dir='ltr'>est</span> <span class='ocrx_word' id='word_1_99' title='bbox 654 2035 737 2069; x_wconf 89' lang='lat' dir='ltr'>finis</span> <span class='ocrx_word' id='word_1_100' title='bbox 756 2035 832 2069; x_wconf 85' lang='lat' dir='ltr'>eius</span> <span class='ocrx_word' id='word_1_101' title='bbox 847 2055 890 2061; x_wconf 98' lang='lat'><strong>—</strong></span> <span class='ocrx_word' id='word_1_102' title='bbox 904 2035 1005 2069; x_wconf 84' lang='lat' dir='ltr'>Finis</span> <span class='ocrx_word' id='word_1_103' title='bbox 1024 2035 1166 2080; x_wconf 82' lang='lat' dir='ltr'>proprie</span> <span class='ocrx_word' id='word_1_104' title='bbox 1184 2039 1236 2069; x_wconf 90' lang='lat' dir='ltr'>est</span> <span class='ocrx_word' id='word_1_105' title='bbox 1254 2036 1388 2069; x_wconf 87' lang='lat' dir='ltr'>bonum</span> <span class='ocrx_word' id='word_1_106' title='bbox 1407 2034 1598 2069; x_wconf 86' lang='lat' dir='ltr'>honestum</span> <span class='ocrx_word' id='word_1_107' title='bbox 1610 2053 1654 2060; x_wconf 91' lang='lat'><em>-</em></span> 
     </span>
    </p>

    <p class='ocr_par' dir='ltr' id='par_1_12' title="bbox 442 2092 1651 2138">
     <span class='ocr_line' id='line_1_14' title="bbox 442 2092 1651 2138; baseline 0 -12"><span class='ocrx_word' id='word_1_108' title='bbox 442 2093 688 2128; x_wconf 86' lang='lat' dir='ltr'>Nihilominus</span> <span class='ocrx_word' id='word_1_109' title='bbox 706 2093 872 2138; x_wconf 89' lang='lat' dir='ltr'>voluptas</span> <span class='ocrx_word' id='word_1_110' title='bbox 888 2093 998 2127; x_wconf 89' lang='lat' dir='ltr'>etiam</span> <span class='ocrx_word' id='word_1_111' title='bbox 1017 2093 1211 2138; x_wconf 87' lang='lat' dir='ltr'>participat</span> <span class='ocrx_word' id='word_1_112' title='bbox 1230 2093 1405 2127; x_wconf 81' lang='lat' dir='ltr'>rationem</span> <span class='ocrx_word' id='word_1_113' title='bbox 1424 2092 1507 2126; x_wconf 87' lang='lat' dir='ltr'>finis</span> <span class='ocrx_word' id='word_1_114' title='bbox 1521 2111 1565 2118; x_wconf 97' lang='lat'><strong>—</strong></span> <span class='ocrx_word' id='word_1_115' title='bbox 1579 2093 1651 2127; x_wconf 92' lang='lat' dir='ltr'>Bo-</span> 
     </span>
    </p>

    <p class='ocr_par' dir='ltr' id='par_1_13' title="bbox 443 2150 1644 2196">
     <span class='ocr_line' id='line_1_15' title="bbox 443 2150 1644 2196; baseline 0.001 -12"><span class='ocrx_word' id='word_1_116' title='bbox 443 2161 532 2184; x_wconf 90' lang='lat' dir='ltr'>num</span> <span class='ocrx_word' id='word_1_117' title='bbox 557 2151 728 2185; x_wconf 89' lang='lat' dir='ltr'>ultimum</span> <span class='ocrx_word' id='word_1_118' title='bbox 746 2152 1010 2196; x_wconf 82' lang='lat' dir='ltr'>appetitionum</span> <span class='ocrx_word' id='word_1_119' title='bbox 1036 2155 1245 2186; x_wconf 78' lang='lat' dir='ltr'>nostrarum</span> <span class='ocrx_word' id='word_1_120' title='bbox 1271 2155 1323 2185; x_wconf 91' lang='lat' dir='ltr'>est</span> <span class='ocrx_word' id='word_1_121' title='bbox 1348 2151 1558 2186; x_wconf 87' lang='lat' dir='ltr'>felicitas—</span> <span class='ocrx_word' id='word_1_122' title='bbox 1574 2150 1644 2185; x_wconf 88' lang='lat' dir='ltr'>Fe-</span> 
     </span>
    </p>

    <p class='ocr_par' dir='ltr' id='par_1_14' title="bbox 443 2208 1650 2244">
     <span class='ocr_line' id='line_1_16' title="bbox 443 2208 1650 2244; baseline 0 -1"><span class='ocrx_word' id='word_1_123' title='bbox 443 2209 562 2244; x_wconf 82' lang='lat' dir='ltr'>licitas</span> <span class='ocrx_word' id='word_1_124' title='bbox 596 2214 648 2243; x_wconf 91' lang='lat' dir='ltr'>est</span> <span class='ocrx_word' id='word_1_125' title='bbox 672 2209 825 2243; x_wconf 86' lang='lat' dir='ltr'>ultimus</span> <span class='ocrx_word' id='word_1_126' title='bbox 855 2209 938 2243; x_wconf 89' lang='lat' dir='ltr'>finis</span> <span class='ocrx_word' id='word_1_127' title='bbox 972 2208 1130 2244; x_wconf 85' lang='lat' dir='ltr'>hominis</span> <span class='ocrx_word' id='word_1_128' title='bbox 1149 2228 1193 2235; x_wconf 92' lang='lat'><strong>—</strong></span> <span class='ocrx_word' id='word_1_129' title='bbox 1211 2210 1381 2244; x_wconf 78' lang='lat' dir='ltr'>Felicitas</span> <span class='ocrx_word' id='word_1_130' title='bbox 1412 2209 1587 2244; x_wconf 79' lang='lat' dir='ltr'>dividitur</span> <span class='ocrx_word' id='word_1_131' title='bbox 1611 2209 1650 2243; x_wconf 87' lang='lat' dir='ltr'>in</span> 
     </span>
    </p>

    <p class='ocr_par' dir='ltr' id='par_1_15' title="bbox 442 2267 1744 2372">
     <span class='ocr_line' id='line_1_17' title="bbox 445 2267 1649 2313; baseline -0.001 -11"><span class='ocrx_word' id='word_1_132' title='bbox 445 2268 656 2302; x_wconf 81' lang='lat' dir='ltr'>obiectivam</span> <span class='ocrx_word' id='word_1_133' title='bbox 684 2272 718 2302; x_wconf 88' lang='lat' dir='ltr'>et</span> <span class='ocrx_word' id='word_1_134' title='bbox 744 2268 932 2302; x_wconf 83' lang='lat' dir='ltr'>formalem</span> <span class='ocrx_word' id='word_1_135' title='bbox 947 2287 991 2294; x_wconf 98' lang='lat'><strong>—</strong></span> <span class='ocrx_word' id='word_1_136' title='bbox 1005 2268 1175 2302; x_wconf 81' lang='lat' dir='ltr'>Felicitas</span> <span class='ocrx_word' id='word_1_137' title='bbox 1200 2268 1304 2302; x_wconf 88' lang='lat' dir='ltr'>dehet</span> <span class='ocrx_word' id='word_1_138' title='bbox 1320 2279 1394 2302; x_wconf 87' lang='lat' dir='ltr'>esse</span> <span class='ocrx_word' id='word_1_139' title='bbox 1411 2267 1592 2313; x_wconf 88' lang='lat' dir='ltr'>possibilis</span> <span class='ocrx_word' id='word_1_140' title='bbox 1605 2286 1649 2294; x_wconf 96' lang='lat'>—-</span> 
     </span>
     <span class='ocr_line' id='line_1_18' title="bbox 442 2324 1744 2372; baseline 0.001 -13"><span class='ocrx_word' id='word_1_141' title='bbox 442 2325 669 2360; x_wconf 87' lang='lat' dir='ltr'>Desiderium</span> <span class='ocrx_word' id='word_1_142' title='bbox 696 2326 879 2360; x_wconf 79' lang='lat' dir='ltr'>felicitatis</span> <span class='ocrx_word' id='word_1_143' title='bbox 903 2337 1008 2371; x_wconf 84' lang='lat' dir='ltr'>saepe</span> <span class='ocrx_word' id='word_1_144' title='bbox 1039 2330 1092 2360; x_wconf 86' lang='lat' dir='ltr'>est</span> <span class='ocrx_word' id='word_1_145' title='bbox 1115 2326 1331 2372; x_wconf 86' lang='lat' dir='ltr'>implicitum</span> <span class='ocrx_word' id='word_1_146' title='bbox 1384 2352 1391 2360; x_wconf 92' lang='lat'>.</span> <span class='ocrx_word' id='word_1_147' title='bbox 1442 2354 1451 2362; x_wconf 89' lang='lat'><strong>.</strong></span> <span class='ocrx_word' id='word_1_148' title='bbox 1503 2353 1510 2360; x_wconf 93' lang='lat'><em>.</em></span> <span class='ocrx_word' id='word_1_149' title='bbox 1560 2352 1567 2360; x_wconf 91' lang='lat'><strong>.</strong></span> <span class='ocrx_word' id='word_1_150' title='bbox 1628 2338 1649 2360; x_wconf 78' lang='lat'>»</span> <span class='ocrx_word' id='word_1_151' title='bbox 1701 2324 1744 2360; x_wconf 88' lang='grc'>16</span> 
     </span>
    </p>

    <p class='ocr_par' dir='ltr' id='par_1_16' title="bbox 175 2385 1746 2609">
     <span class='ocr_line' id='line_1_19' title="bbox 175 2385 1651 2432; baseline 0 -12"><span class='ocrx_word' id='word_1_152' title='bbox 175 2385 265 2420; x_wconf 81' lang='lat' dir='ltr'><strong>ART.</strong></span> <span class='ocrx_word' id='word_1_153' title='bbox 327 2385 367 2420; x_wconf 87' lang='lat'>11.</span> <span class='ocrx_word' id='word_1_154' title='bbox 393 2385 445 2419; x_wconf 89' lang='lat' dir='ltr'>De</span> <span class='ocrx_word' id='word_1_155' title='bbox 477 2387 552 2430; x_wconf 77' lang='lat' dir='ltr'>fine</span> <span class='ocrx_word' id='word_1_156' title='bbox 584 2386 740 2420; x_wconf 80' lang='lat' dir='ltr'>hominis</span> <span class='ocrx_word' id='word_1_157' title='bbox 774 2387 914 2421; x_wconf 80' lang='lat' dir='ltr'>ultimo.</span> <span class='ocrx_word' id='word_1_158' title='bbox 949 2385 1116 2420; x_wconf 87' lang='lat' dir='ltr'>Gravitas</span> <span class='ocrx_word' id='word_1_159' title='bbox 1155 2386 1436 2432; x_wconf 88' lang='lat' dir='ltr'>quaestionis—</span> <span class='ocrx_word' id='word_1_160' title='bbox 1456 2386 1651 2432; x_wconf 88' lang='lat' dir='ltr'>Opiniones</span> 
     </span>
     <span class='ocr_line' id='line_1_20' title="bbox 439 2444 1746 2481; baseline 0.001 -4"><span class='ocrx_word' id='word_1_161' title='bbox 439 2444 559 2478; x_wconf 88' lang='lat' dir='ltr'>variae</span> <span class='ocrx_word' id='word_1_162' title='bbox 563 2470 1567 2481; x_wconf 86' lang='grc'><strong><em>..................</em></strong></span> <span class='ocrx_word' id='word_1_163' title='bbox 1629 2456 1649 2478; x_wconf 66' lang='lat'>7»</span> <span class='ocrx_word' id='word_1_164' title='bbox 1699 2444 1746 2479; x_wconf 75' lang='lat'>22</span> 
     </span>
     <span class='ocr_line' id='line_1_21' title="bbox 197 2501 1746 2550; baseline -0.001 -12"><span class='ocrx_word' id='word_1_165' title='bbox 197 2503 310 2539; x_wconf 78' lang='lat' dir='ltr'><strong>PROP.</strong></span> <span class='ocrx_word' id='word_1_166' title='bbox 341 2501 372 2538; x_wconf 91' lang='lat'>1.</span> <span class='ocrx_word' id='word_1_167' title='bbox 398 2504 567 2538; x_wconf 75' lang='lat' dir='ltr'>Felicitas</span> <span class='ocrx_word' id='word_1_168' title='bbox 591 2516 666 2539; x_wconf 91' lang='lat' dir='ltr'>non</span> <span class='ocrx_word' id='word_1_169' title='bbox 691 2507 851 2539; x_wconf 73' lang='lat' dir='ltr'>consistit</span> <span class='ocrx_word' id='word_1_170' title='bbox 874 2506 913 2538; x_wconf 89' lang='lat' dir='ltr'>in</span> <span class='ocrx_word' id='word_1_171' title='bbox 939 2506 1121 2550; x_wconf 76' lang='lat' dir='ltr'>voluptate</span> <span class='ocrx_word' id='word_1_172' title='bbox 1147 2532 1153 2539; x_wconf 96' lang='lat'>.</span> <span class='ocrx_word' id='word_1_173' title='bbox 1207 2531 1214 2538; x_wconf 92' lang='lat'><strong>.</strong></span> <span class='ocrx_word' id='word_1_174' title='bbox 1263 2530 1271 2539; x_wconf 88' lang='lat'><em>.</em></span> <span class='ocrx_word' id='word_1_175' title='bbox 1323 2531 1330 2538; x_wconf 92' lang='lat'><strong>.</strong></span> <span class='ocrx_word' id='word_1_176' title='bbox 1381 2532 1388 2539; x_wconf 93' lang='lat'>.</span> <span class='ocrx_word' id='word_1_177' title='bbox 1443 2531 1451 2538; x_wconf 91' lang='lat'>.</span> <span class='ocrx_word' id='word_1_178' title='bbox 1499 2531 1506 2539; x_wconf 90' lang='lat'><strong><em>.</em></strong></span> <span class='ocrx_word' id='word_1_179' title='bbox 1559 2532 1566 2539; x_wconf 93' lang='lat'>.</span> <span class='ocrx_word' id='word_1_180' title='bbox 1629 2516 1649 2538; x_wconf 86' lang='lat'>›&gt;</span> <span class='ocrx_word' id='word_1_181' title='bbox 1699 2504 1746 2539; x_wconf 76' lang='lat'>24</span> 
     </span>
     <span class='ocr_line' id='line_1_22' title="bbox 237 2563 1741 2609; baseline -0.001 -11"><span class='ocrx_word' id='word_1_182' title='bbox 237 2575 257 2598; x_wconf 85' lang='lat'>»</span> <span class='ocrx_word' id='word_1_183' title='bbox 331 2563 362 2598; x_wconf 75' lang='grc'>2.</span> <span class='ocrx_word' id='word_1_184' title='bbox 391 2563 558 2598; x_wconf 76' lang='lat' dir='ltr'>Felicitas</span> <span class='ocrx_word' id='word_1_185' title='bbox 575 2575 650 2599; x_wconf 89' lang='lat' dir='ltr'>non</span> <span class='ocrx_word' id='word_1_186' title='bbox 669 2566 831 2598; x_wconf 72' lang='lat' dir='ltr'>consistit</span> <span class='ocrx_word' id='word_1_187' title='bbox 847 2567 885 2598; x_wconf 85' lang='lat' dir='ltr'>in</span> <span class='ocrx_word' id='word_1_188' title='bbox 903 2566 1079 2609; x_wconf 77' lang='lat' dir='ltr'>sapientia</span> <span class='ocrx_word' id='word_1_189' title='bbox 1104 2570 1137 2598; x_wconf 84' lang='lat' dir='ltr'>et</span> <span class='ocrx_word' id='word_1_190' title='bbox 1153 2566 1283 2598; x_wconf 76' lang='lat' dir='ltr'>virtute</span> <span class='ocrx_word' id='word_1_191' title='bbox 1293 2566 1497 2609; x_wconf 77' lang='lat' dir='ltr'>praesentis</span> <span class='ocrx_word' id='word_1_192' title='bbox 1515 2566 1605 2599; x_wconf 85' lang='lat' dir='ltr'>vitae</span> <span class='ocrx_word' id='word_1_193' title='bbox 1622 2576 1642 2598; x_wconf 83' lang='lat'>&gt;›</span> <span class='ocrx_word' id='word_1_194' title='bbox 1695 2563 1741 2597; x_wconf 72' lang='lat'>25</span> 
     </span>
    </p>

    <p class='ocr_par' dir='ltr' id='par_1_17' title="bbox 238 2623 1649 2671">
     <span class='ocr_line' id='line_1_23' title="bbox 238 2623 1649 2671; baseline 0.001 -15"><span class='ocrx_word' id='word_1_195' title='bbox 238 2635 258 2656; x_wconf 77' lang='lat'>»</span> <span class='ocrx_word' id='word_1_196' title='bbox 332 2623 366 2658; x_wconf 85' lang='lat'>3.</span> <span class='ocrx_word' id='word_1_197' title='bbox 394 2623 561 2657; x_wconf 73' lang='lat' dir='ltr'>Felicitas</span> <span class='ocrx_word' id='word_1_198' title='bbox 586 2635 661 2658; x_wconf 88' lang='lat' dir='ltr'>non</span> <span class='ocrx_word' id='word_1_199' title='bbox 686 2626 845 2659; x_wconf 82' lang='lat' dir='ltr'>consistit</span> <span class='ocrx_word' id='word_1_200' title='bbox 869 2626 908 2659; x_wconf 88' lang='lat' dir='ltr'>in</span> <span class='ocrx_word' id='word_1_201' title='bbox 934 2625 1124 2670; x_wconf 78' lang='lat' dir='ltr'>complexa</span> <span class='ocrx_word' id='word_1_202' title='bbox 1150 2625 1345 2671; x_wconf 80' lang='lat' dir='ltr'>voluptatis</span> <span class='ocrx_word' id='word_1_203' title='bbox 1368 2636 1453 2659; x_wconf 79' lang='lat' dir='ltr'>cum</span> <span class='ocrx_word' id='word_1_204' title='bbox 1470 2625 1601 2658; x_wconf 71' lang='lat' dir='ltr'>virtute</span> <span class='ocrx_word' id='word_1_205' title='bbox 1618 2629 1649 2658; x_wconf 86' lang='lat' dir='ltr'>et</span> 
     </span>
    </p>
   </div>
   <div class='ocr_carea' id='block_1_5' title="bbox 232 2680 1745 2848">
    <p class='ocr_par' dir='ltr' id='par_1_18' title="bbox 232 2680 1745 2848">
     <span class='ocr_line' id='line_1_24' title="bbox 376 2680 1744 2734; baseline -0.001 -18"><span class='ocrx_word' id='word_1_206' title='bbox 376 2730 378 2734; x_wconf 20' lang='lat' dir='ltr'>y</span> <span class='ocrx_word' id='word_1_207' title='bbox 444 2684 620 2728; x_wconf 74' lang='lat' dir='ltr'>sapientia</span> <span class='ocrx_word' id='word_1_208' title='bbox 624 2708 1567 2719; x_wconf 80' lang='lat'><strong>.................</strong></span> <span class='ocrx_word' id='word_1_209' title='bbox 1630 2693 1649 2715; x_wconf 90' lang='lat'>»</span> <span class='ocrx_word' id='word_1_210' title='bbox 1680 2680 1744 2715; x_wconf 84' lang='lat' dir='ltr'>ibi.</span> 
     </span>
     <span class='ocr_line' id='line_1_25' title="bbox 232 2736 1745 2777; baseline -0.003 -2"><span class='ocrx_word' id='word_1_211' title='bbox 232 2753 252 2775; x_wconf 80' lang='lat'>›&gt;</span> <span class='ocrx_word' id='word_1_212' title='bbox 327 2741 361 2776; x_wconf 84' lang='lat'>4.</span> <span class='ocrx_word' id='word_1_213' title='bbox 389 2742 555 2776; x_wconf 79' lang='lat' dir='ltr'>Felicitas</span> <span class='ocrx_word' id='word_1_214' title='bbox 582 2743 743 2777; x_wconf 84' lang='lat' dir='ltr'>consistit</span> <span class='ocrx_word' id='word_1_215' title='bbox 765 2744 804 2776; x_wconf 86' lang='lat' dir='ltr'>in</span> <span class='ocrx_word' id='word_1_216' title='bbox 830 2743 902 2776; x_wconf 84' lang='lat' dir='ltr'>Deo</span> <span class='ocrx_word' id='word_1_217' title='bbox 916 2763 1569 2776; x_wconf 87' lang='lat'><strong>............</strong></span> <span class='ocrx_word' id='word_1_218' title='bbox 1629 2750 1649 2772; x_wconf 85' lang='lat'>»</span> <span class='ocrx_word' id='word_1_219' title='bbox 1699 2736 1745 2771; x_wconf 78' lang='lat'>26</span> 
     </span>
     <span class='ocr_line' id='line_1_26' title="bbox 385 2796 1744 2848; baseline -0.003 -13"><span class='ocrx_word' id='word_1_220' title='bbox 385 2801 590 2837; x_wconf 80' lang='lat' dir='ltr'>Solvuntur</span> <span class='ocrx_word' id='word_1_221' title='bbox 614 2802 845 2848; x_wconf 81' lang='lat' dir='ltr'>difficultates</span> <span class='ocrx_word' id='word_1_222' title='bbox 854 2825 1566 2836; x_wconf 90' lang='grc'><strong>.............</strong></span> <span class='ocrx_word' id='word_1_223' title='bbox 1628 2809 1647 2831; x_wconf 83' lang='grc'>&gt;&gt;</span> <span class='ocrx_word' id='word_1_224' title='bbox 1698 2796 1744 2832; x_wconf 75' lang='lat'>28</span> 
     </span>
    </p>
   </div>
   <div class='ocr_carea' id='block_1_6' title="bbox 147 2859 1739 2969">
    <p class='ocr_par' dir='ltr' id='par_1_19' title="bbox 147 2859 1739 2969">
     <span class='ocr_line' id='line_1_27' title="bbox 147 2859 1645 2908; baseline -0.003 -13"><span class='ocrx_word' id='word_1_225' title='bbox 147 2859 152 2865; x_wconf 73' lang='lat'><strong>⁴</strong></span> <span class='ocrx_word' id='word_1_226' title='bbox 171 2859 262 2896; x_wconf 76' lang='lat' dir='ltr'>AR&#39;r.</span> <span class='ocrx_word' id='word_1_227' title='bbox 304 2860 361 2896; x_wconf 87' lang='grc' dir='ltr'><strong>ΙΙΙ.</strong></span> <span class='ocrx_word' id='word_1_228' title='bbox 387 2862 439 2896; x_wconf 86' lang='lat' dir='ltr'>De</span> <span class='ocrx_word' id='word_1_229' title='bbox 459 2864 535 2907; x_wconf 75' lang='lat' dir='ltr'>fine</span> <span class='ocrx_word' id='word_1_230' title='bbox 561 2863 719 2897; x_wconf 80' lang='lat' dir='ltr'>hominis</span> <span class='ocrx_word' id='word_1_231' title='bbox 737 2863 920 2908; x_wconf 74' lang='lat' dir='ltr'>proximo,</span> <span class='ocrx_word' id='word_1_232' title='bbox 946 2873 1010 2896; x_wconf 80' lang='lat' dir='ltr'>seu</span> <span class='ocrx_word' id='word_1_233' title='bbox 1035 2862 1078 2895; x_wconf 82' lang='lat' dir='ltr'>de</span> <span class='ocrx_word' id='word_1_234' title='bbox 1095 2861 1331 2895; x_wconf 80' lang='lat' dir='ltr'>destinatione</span> <span class='ocrx_word' id='word_1_235' title='bbox 1349 2861 1505 2894; x_wconf 79' lang='lat' dir='ltr'>hominis</span> <span class='ocrx_word' id='word_1_236' title='bbox 1522 2860 1560 2892; x_wconf 89' lang='lat' dir='ltr'>in</span> <span class='ocrx_word' id='word_1_237' title='bbox 1579 2859 1645 2892; x_wconf 78' lang='lat' dir='ltr'>hac</span> 
     </span>
     <span class='ocr_line' id='line_1_28' title="bbox 434 2916 1739 2969; baseline -0.005 -12"><span class='ocrx_word' id='word_1_238' title='bbox 434 2925 517 2958; x_wconf 82' lang='lat' dir='ltr'>vita.</span> <span class='ocrx_word' id='word_1_239' title='bbox 545 2924 639 2965; x_wconf 86' lang='lat' dir='ltr'>Quid</span> <span class='ocrx_word' id='word_1_240' title='bbox 663 2924 737 2958; x_wconf 88' lang='lat' dir='ltr'>vita</span> <span class='ocrx_word' id='word_1_241' title='bbox 762 2935 930 2969; x_wconf 86' lang='lat' dir='ltr'>praesens</span> <span class='ocrx_word' id='word_1_242' title='bbox 955 2923 994 2957; x_wconf 88' lang='lat' dir='ltr'>in</span> <span class='ocrx_word' id='word_1_243' title='bbox 1019 2922 1302 2958; x_wconf 84' lang='lat' dir='ltr'>consideratione</span> <span class='ocrx_word' id='word_1_244' title='bbox 1328 2920 1458 2956; x_wconf 83' lang='lat' dir='ltr'>morali</span> <span class='ocrx_word' id='word_1_245' title='bbox 1494 2945 1502 2954; x_wconf 94' lang='lat'>.</span> <span class='ocrx_word' id='word_1_246' title='bbox 1553 2944 1562 2954; x_wconf 86' lang='grc'><em>,</em></span> <span class='ocrx_word' id='word_1_247' title='bbox 1623 2929 1643 2952; x_wconf 77' lang='grc'>))</span> <span class='ocrx_word' id='word_1_248' title='bbox 1693 2916 1739 2952; x_wconf 74' lang='grc'>32</span> 
     </span>
    </p>
   </div>
   <div class='ocr_carea' id='block_1_7' title="bbox 255 2989 1680 3027">
    <p class='ocr_par' dir='ltr' id='par_1_20' title="bbox 255 2989 1680 3027">
     <span class='ocr_line' id='line_1_29' title="bbox 255 2989 1680 3027; baseline 0 -2"><span class='ocrx_word' id='word_1_249' title='bbox 255 2990 485 3026; x_wconf 77' lang='lat' dir='ltr'>LIBERATORE</span> <span class='ocrx_word' id='word_1_250' title='bbox 499 3011 540 3016; x_wconf 92' lang='lat'>-—</span> <span class='ocrx_word' id='word_1_251' title='bbox 555 2993 691 3026; x_wconf 81' lang='lat' dir='ltr'>Ethica</span> <span class='ocrx_word' id='word_1_252' title='bbox 714 2996 749 3026; x_wconf 86' lang='lat' dir='ltr'>et</span> <span class='ocrx_word' id='word_1_253' title='bbox 771 2994 836 3026; x_wconf 80' lang='lat' dir='ltr'>Ias</span> <span class='ocrx_word' id='word_1_254' title='bbox 859 2996 1028 3027; x_wconf 77' lang='lat' dir='ltr'>natat-ae.</span> <span class='ocrx_word' id='word_1_255' title='bbox 1639 2989 1680 3021; x_wconf 75' lang='grc'>24</span> 
     </span>
    </p>
   </div>
  </div>
 </body>
</html>
