<?xml version="1.0" encoding="UTF-8"?>
<!DOCTYPE html PUBLIC "-//W3C//DTD XHTML 1.0 Transitional//EN"
    "http://www.w3.org/TR/xhtml1/DTD/xhtml1-transitional.dtd">
<html xmlns="http://www.w3.org/1999/xhtml" xml:lang="en" lang="en">
 <head>
  <title>
</title>
<meta http-equiv="Content-Type" content="text/html;charset=utf-8" />
  <meta name='ocr-system' content='tesseract 3.04.00' />
  <meta name='ocr-capabilities' content='ocr_page ocr_carea ocr_par ocr_line ocrx_word'/>
</head>
<body>
  <div class='ocr_page' id='page_1' title='image "./institutioneseth00libe_0348.png"; bbox 0 0 1970 3203; ppageno 0'>
   <div class='ocr_carea' id='block_1_1' title="bbox 236 234 1683 272">
    <p class='ocr_par' dir='ltr' id='par_1_1' title="bbox 236 234 1683 272">
     <span class='ocr_line' id='line_1_1' title="bbox 236 234 1683 272; baseline -0.004 0"><span class='ocrx_word' id='word_1_1' title='bbox 236 234 313 272; x_wconf 80' lang='lat'>344</span> <span class='ocrx_word' id='word_1_2' title='bbox 369 245 433 270; x_wconf 78' lang='lat' dir='ltr'>lus</span> <span class='ocrx_word' id='word_1_3' title='bbox 452 243 653 270; x_wconf 77' lang='lat' dir='ltr'><strong>NATURAE</strong></span> <span class='ocrx_word' id='word_1_4' title='bbox 670 253 690 258; x_wconf 95' lang='lat'>-</span> <span class='ocrx_word' id='word_1_5' title='bbox 707 242 815 269; x_wconf 76' lang='lat' dir='ltr'>PARS</span> <span class='ocrx_word' id='word_1_6' title='bbox 836 242 887 268; x_wconf 85' lang='lat'>111.</span> <span class='ocrx_word' id='word_1_7' title='bbox 908 241 974 268; x_wconf 83' lang='lat' dir='ltr'>ius</span> <span class='ocrx_word' id='word_1_8' title='bbox 997 239 1366 267; x_wconf 73' lang='lat' dir='ltr'>lNTERNATIONALE</span> <span class='ocrx_word' id='word_1_9' title='bbox 1388 240 1465 267; x_wconf 81' lang='lat' dir='ltr'>SEU</span> <span class='ocrx_word' id='word_1_10' title='bbox 1490 239 1683 266; x_wconf 74' lang='lat' dir='ltr'><strong>GENTJUM</strong></span> 
     </span>
    </p>
   </div>
   <div class='ocr_carea' id='block_1_2' title="bbox 237 314 1823 1999">
    <p class='ocr_par' dir='ltr' id='par_1_2' title="bbox 237 314 1817 954">
     <span class='ocr_line' id='line_1_2' title="bbox 237 314 1811 370; baseline -0.002 -13"><span class='ocrx_word' id='word_1_11' title='bbox 237 332 316 370; x_wconf 86' lang='lat' dir='ltr'>qua</span> <span class='ocrx_word' id='word_1_12' title='bbox 341 329 487 356; x_wconf 84' lang='lat' dir='ltr'>omnes</span> <span class='ocrx_word' id='word_1_13' title='bbox 507 329 575 356; x_wconf 89' lang='lat' dir='ltr'>res</span> <span class='ocrx_word' id='word_1_14' title='bbox 594 317 804 356; x_wconf 78' lang='lat' dir='ltr'>humanae</span> <span class='ocrx_word' id='word_1_15' title='bbox 835 321 1074 362; x_wconf 83' lang='lat' dir='ltr'>moventur,</span> <span class='ocrx_word' id='word_1_16' title='bbox 1104 315 1146 354; x_wconf 93' lang='lat' dir='ltr'>in</span> <span class='ocrx_word' id='word_1_17' title='bbox 1167 314 1377 355; x_wconf 78' lang='lat' dir='ltr'>licentiam</span> <span class='ocrx_word' id='word_1_18' title='bbox 1398 314 1519 354; x_wconf 85' lang='lat' dir='ltr'>facile</span> <span class='ocrx_word' id='word_1_19' title='bbox 1541 315 1811 366; x_wconf 82' lang='lat' dir='ltr'>degenerent;</span> 
     </span>
     <span class='ocr_line' id='line_1_3' title="bbox 240 380 1811 435; baseline -0.003 -12"><span class='ocrx_word' id='word_1_20' title='bbox 240 384 459 435; x_wconf 74' lang='lat' dir='ltr'>diligenter</span> <span class='ocrx_word' id='word_1_21' title='bbox 489 382 721 422; x_wconf 89' lang='lat' dir='ltr'>curandum</span> <span class='ocrx_word' id='word_1_22' title='bbox 743 390 819 430; x_wconf 91' lang='lat' dir='ltr'>est,</span> <span class='ocrx_word' id='word_1_23' title='bbox 850 388 892 421; x_wconf 90' lang='lat' dir='ltr'>ut</span> <span class='ocrx_word' id='word_1_24' title='bbox 913 382 1102 429; x_wconf 86' lang='lat' dir='ltr'>libertas,</span> <span class='ocrx_word' id='word_1_25' title='bbox 1133 381 1183 420; x_wconf 88' lang='lat' dir='ltr'>de</span> <span class='ocrx_word' id='word_1_26' title='bbox 1205 394 1287 433; x_wconf 89' lang='lat' dir='ltr'>qua</span> <span class='ocrx_word' id='word_1_27' title='bbox 1309 380 1405 429; x_wconf 82' lang='lat' dir='ltr'>dixi,</span> <span class='ocrx_word' id='word_1_28' title='bbox 1436 380 1583 421; x_wconf 91' lang='lat' dir='ltr'>debitis</span> <span class='ocrx_word' id='word_1_29' title='bbox 1614 380 1811 420; x_wconf 87' lang='lat' dir='ltr'>confiniis</span> 
     </span>
     <span class='ocr_line' id='line_1_4' title="bbox 239 445 1811 499; baseline -0.002 -12"><span class='ocrx_word' id='word_1_30' title='bbox 239 453 451 495; x_wconf 85' lang='lat' dir='ltr'>teneatur;</span> <span class='ocrx_word' id='word_1_31' title='bbox 481 460 533 487; x_wconf 89' lang='lat' dir='ltr'>ne</span> <span class='ocrx_word' id='word_1_32' title='bbox 554 446 806 499; x_wconf 87' lang='lat' dir='ltr'>potentiores</span> <span class='ocrx_word' id='word_1_33' title='bbox 827 447 1036 486; x_wconf 85' lang='lat' dir='ltr'>industria</span> <span class='ocrx_word' id='word_1_34' title='bbox 1064 452 1134 486; x_wconf 83' lang='lat' dir='ltr'>aut</span> <span class='ocrx_word' id='word_1_35' title='bbox 1155 446 1322 494; x_wconf 84' lang='lat' dir='ltr'>divitiis,</span> <span class='ocrx_word' id='word_1_36' title='bbox 1351 445 1645 485; x_wconf 79' lang='lat' dir='ltr'>imbecilliores</span> <span class='ocrx_word' id='word_1_37' title='bbox 1666 450 1736 484; x_wconf 87' lang='lat' dir='ltr'>aut</span> <span class='ocrx_word' id='word_1_38' title='bbox 1765 458 1811 485; x_wconf 91' lang='lat' dir='ltr'>e-</span> 
     </span>
     <span class='ocr_line' id='line_1_5' title="bbox 239 508 1812 565; baseline -0.001 -14"><span class='ocrx_word' id='word_1_39' title='bbox 239 511 451 565; x_wconf 86' lang='lat' dir='ltr'>gentiores</span> <span class='ocrx_word' id='word_1_40' title='bbox 473 512 719 564; x_wconf 81' lang='lat' dir='ltr'>opprimant.</span> <span class='ocrx_word' id='word_1_41' title='bbox 738 511 1010 551; x_wconf 79' lang='lat' dir='ltr'>Potissimum</span> <span class='ocrx_word' id='word_1_42' title='bbox 1033 523 1131 549; x_wconf 89' lang='lat' dir='ltr'>vero</span> <span class='ocrx_word' id='word_1_43' title='bbox 1148 516 1347 549; x_wconf 84' lang='lat' dir='ltr'>caveatur</span> <span class='ocrx_word' id='word_1_44' title='bbox 1368 516 1543 561; x_wconf 85' lang='lat' dir='ltr'>oportet,</span> <span class='ocrx_word' id='word_1_45' title='bbox 1560 522 1612 548; x_wconf 90' lang='lat' dir='ltr'>ne</span> <span class='ocrx_word' id='word_1_46' title='bbox 1634 508 1812 549; x_wconf 80' lang='lat' dir='ltr'>nocivae</span> 
     </span>
     <span class='ocr_line' id='line_1_6' title="bbox 244 574 1817 629; baseline -0.002 -13"><span class='ocrx_word' id='word_1_47' title='bbox 244 578 307 617; x_wconf 91' lang='lat' dir='ltr'>vel</span> <span class='ocrx_word' id='word_1_48' title='bbox 329 577 589 629; x_wconf 87' lang='lat' dir='ltr'>periculosae</span> <span class='ocrx_word' id='word_1_49' title='bbox 602 578 678 621; x_wconf 78' lang='lat' dir='ltr'>,vel</span> <span class='ocrx_word' id='word_1_50' title='bbox 699 591 837 617; x_wconf 89' lang='lat' dir='ltr'>mores</span> <span class='ocrx_word' id='word_1_51' title='bbox 858 577 1029 616; x_wconf 90' lang='lat' dir='ltr'>nimium</span> <span class='ocrx_word' id='word_1_52' title='bbox 1052 575 1310 616; x_wconf 86' lang='lat' dir='ltr'>emollientes</span> <span class='ocrx_word' id='word_1_53' title='bbox 1332 581 1371 615; x_wconf 91' lang='lat' dir='ltr'>et</span> <span class='ocrx_word' id='word_1_54' title='bbox 1391 575 1528 615; x_wconf 87' lang='lat' dir='ltr'>sutiles</span> <span class='ocrx_word' id='word_1_55' title='bbox 1549 588 1713 616; x_wconf 88' lang='lat' dir='ltr'>merces</span> <span class='ocrx_word' id='word_1_56' title='bbox 1735 574 1817 613; x_wconf 86' lang='lat' dir='ltr'>im-</span> 
     </span>
     <span class='ocr_line' id='line_1_7' title="bbox 239 642 1809 696; baseline -0.002 -13"><span class='ocrx_word' id='word_1_57' title='bbox 239 650 466 696; x_wconf 85' lang='lat' dir='ltr'>portentur,</span> <span class='ocrx_word' id='word_1_58' title='bbox 483 650 555 683; x_wconf 88' lang='lat' dir='ltr'>aut</span> <span class='ocrx_word' id='word_1_59' title='bbox 575 643 842 684; x_wconf 86' lang='lat' dir='ltr'>necessariae</span> <span class='ocrx_word' id='word_1_60' title='bbox 860 644 925 683; x_wconf 76' lang='lat' dir='ltr'>vel</span> <span class='ocrx_word' id='word_1_61' title='bbox 946 643 1066 683; x_wconf 91' lang='lat' dir='ltr'>utiles</span> <span class='ocrx_word' id='word_1_62' title='bbox 1084 643 1173 694; x_wconf 90' lang='lat' dir='ltr'>plus</span> <span class='ocrx_word' id='word_1_63' title='bbox 1193 655 1326 694; x_wconf 88' lang='lat' dir='ltr'>aequo</span> <span class='ocrx_word' id='word_1_64' title='bbox 1344 642 1628 682; x_wconf 78' lang='lat' dir='ltr'>extrahantur.</span> <span class='ocrx_word' id='word_1_65' title='bbox 1647 643 1809 688; x_wconf 82' lang='lat' dir='ltr'>Quam-</span> 
     </span>
     <span class='ocr_line' id='line_1_8' title="bbox 237 708 1816 760; baseline -0.002 -11"><span class='ocrx_word' id='word_1_66' title='bbox 237 710 377 750; x_wconf 87' lang='lat' dir='ltr'>obrem</span> <span class='ocrx_word' id='word_1_67' title='bbox 411 710 713 750; x_wconf 88' lang='lat' dir='ltr'>consulendum</span> <span class='ocrx_word' id='word_1_68' title='bbox 752 719 839 758; x_wconf 87' lang='lat' dir='ltr'>est,</span> <span class='ocrx_word' id='word_1_69' title='bbox 876 723 927 749; x_wconf 92' lang='lat' dir='ltr'>ne</span> <span class='ocrx_word' id='word_1_70' title='bbox 961 710 1049 749; x_wconf 88' lang='lat' dir='ltr'>eius</span> <span class='ocrx_word' id='word_1_71' title='bbox 1080 715 1349 760; x_wconf 86' lang='lat' dir='ltr'>praepostero</span> <span class='ocrx_word' id='word_1_72' title='bbox 1390 721 1467 747; x_wconf 90' lang='lat' dir='ltr'>usu</span> <span class='ocrx_word' id='word_1_73' title='bbox 1504 708 1685 748; x_wconf 88' lang='lat' dir='ltr'>societas</span> <span class='ocrx_word' id='word_1_74' title='bbox 1732 721 1816 747; x_wconf 88' lang='lat' dir='ltr'>non</span> 
     </span>
     <span class='ocr_line' id='line_1_9' title="bbox 239 771 1810 825; baseline -0.002 -12"><span class='ocrx_word' id='word_1_75' title='bbox 239 775 566 814; x_wconf 88' lang='lat' dir='ltr'>emolumentum</span> <span class='ocrx_word' id='word_1_76' title='bbox 597 775 671 815; x_wconf 90' lang='lat' dir='ltr'>sed</span> <span class='ocrx_word' id='word_1_77' title='bbox 691 774 982 814; x_wconf 83' lang='lat' dir='ltr'>detrimentum</span> <span class='ocrx_word' id='word_1_78' title='bbox 1005 773 1154 825; x_wconf 86' lang='lat' dir='ltr'>capiat.</span> <span class='ocrx_word' id='word_1_79' title='bbox 1172 774 1308 824; x_wconf 90' lang='lat' dir='ltr'>Atque</span> <span class='ocrx_word' id='word_1_80' title='bbox 1328 771 1368 810; x_wconf 92' lang='lat' dir='ltr'>id</span> <span class='ocrx_word' id='word_1_81' title='bbox 1389 771 1633 823; x_wconf 87' lang='lat' dir='ltr'>opportunis</span> <span class='ocrx_word' id='word_1_82' title='bbox 1649 771 1810 824; x_wconf 88' lang='lat' dir='ltr'>legibus</span> 
     </span>
     <span class='ocr_line' id='line_1_10' title="bbox 238 837 1814 892; baseline -0.001 -14"><span class='ocrx_word' id='word_1_83' title='bbox 238 840 451 892; x_wconf 87' lang='lat' dir='ltr'>impedire,</span> <span class='ocrx_word' id='word_1_84' title='bbox 468 846 508 880; x_wconf 90' lang='lat' dir='ltr'>et</span> <span class='ocrx_word' id='word_1_85' title='bbox 523 840 821 880; x_wconf 87' lang='lat' dir='ltr'>commercium</span> <span class='ocrx_word' id='word_1_86' title='bbox 841 840 950 880; x_wconf 89' lang='lat' dir='ltr'>intra</span> <span class='ocrx_word' id='word_1_87' title='bbox 967 839 1157 891; x_wconf 90' lang='lat' dir='ltr'>proprios</span> <span class='ocrx_word' id='word_1_88' title='bbox 1173 838 1407 879; x_wconf 83' lang='lat' dir='ltr'>honestatis</span> <span class='ocrx_word' id='word_1_89' title='bbox 1424 844 1463 878; x_wconf 90' lang='lat' dir='ltr'>et</span> <span class='ocrx_word' id='word_1_90' title='bbox 1480 838 1714 877; x_wconf 90' lang='lat' dir='ltr'>communis</span> <span class='ocrx_word' id='word_1_91' title='bbox 1732 837 1814 877; x_wconf 88' lang='lat' dir='ltr'>uti-</span> 
     </span>
     <span class='ocr_line' id='line_1_11' title="bbox 237 904 1732 954; baseline -0.001 -9"><span class='ocrx_word' id='word_1_92' title='bbox 237 906 366 946; x_wconf 86' lang='lat' dir='ltr'>litatis</span> <span class='ocrx_word' id='word_1_93' title='bbox 396 907 548 947; x_wconf 89' lang='lat' dir='ltr'>limites</span> <span class='ocrx_word' id='word_1_94' title='bbox 569 906 797 954; x_wconf 89' lang='lat' dir='ltr'>continere,</span> <span class='ocrx_word' id='word_1_95' title='bbox 830 906 983 946; x_wconf 90' lang='lat' dir='ltr'>bonum</span> <span class='ocrx_word' id='word_1_96' title='bbox 1006 905 1095 953; x_wconf 89' lang='lat' dir='ltr'>erit,</span> <span class='ocrx_word' id='word_1_97' title='bbox 1126 905 1251 944; x_wconf 89' lang='lat' dir='ltr'>immo</span> <span class='ocrx_word' id='word_1_98' title='bbox 1275 904 1401 945; x_wconf 86' lang='lat' dir='ltr'>etiam</span> <span class='ocrx_word' id='word_1_99' title='bbox 1431 904 1732 944; x_wconf 88' lang='lat' dir='ltr'>necessarium.</span> 
     </span>
    </p>

    <p class='ocr_par' dir='ltr' id='par_1_3' title="bbox 237 971 1819 1399">
     <span class='ocr_line' id='line_1_12' title="bbox 292 971 1816 1026; baseline -0.001 -14"><span class='ocrx_word' id='word_1_100' title='bbox 292 973 493 1026; x_wconf 82' lang='lat' dir='ltr'>Denique,</span> <span class='ocrx_word' id='word_1_101' title='bbox 525 986 576 1013; x_wconf 89' lang='lat' dir='ltr'>ne</span> <span class='ocrx_word' id='word_1_102' title='bbox 597 974 717 1025; x_wconf 90' lang='lat' dir='ltr'>plura</span> <span class='ocrx_word' id='word_1_103' title='bbox 737 986 975 1025; x_wconf 87' lang='lat' dir='ltr'>persequar,</span> <span class='ocrx_word' id='word_1_104' title='bbox 1007 985 1114 1024; x_wconf 89' lang='lat' dir='ltr'>quae</span> <span class='ocrx_word' id='word_1_105' title='bbox 1146 971 1282 1023; x_wconf 91' lang='lat' dir='ltr'>potius</span> <span class='ocrx_word' id='word_1_106' title='bbox 1311 972 1364 1010; x_wconf 84' lang='lat' dir='ltr'>ad</span> <span class='ocrx_word' id='word_1_107' title='bbox 1386 971 1596 1024; x_wconf 84' lang='lat' dir='ltr'>politicam</span> <span class='ocrx_word' id='word_1_108' title='bbox 1627 984 1816 1011; x_wconf 90' lang='lat' dir='ltr'>oecono-</span> 
     </span>
     <span class='ocr_line' id='line_1_13' title="bbox 241 1036 1816 1089; baseline -0.001 -13"><span class='ocrx_word' id='word_1_109' title='bbox 241 1036 382 1085; x_wconf 85' lang='lat' dir='ltr'>miam,</span> <span class='ocrx_word' id='word_1_110' title='bbox 399 1051 523 1089; x_wconf 90' lang='lat' dir='ltr'>quam</span> <span class='ocrx_word' id='word_1_111' title='bbox 544 1038 596 1076; x_wconf 91' lang='lat' dir='ltr'>ad</span> <span class='ocrx_word' id='word_1_112' title='bbox 613 1038 677 1077; x_wconf 90' lang='lat' dir='ltr'>ius</span> <span class='ocrx_word' id='word_1_113' title='bbox 695 1048 869 1077; x_wconf 88' lang='lat' dir='ltr'>naturae</span> <span class='ocrx_word' id='word_1_114' title='bbox 891 1042 1095 1089; x_wconf 86' lang='lat' dir='ltr'>spectant;</span> <span class='ocrx_word' id='word_1_115' title='bbox 1113 1037 1249 1089; x_wconf 88' lang='lat' dir='ltr'>quoad</span> <span class='ocrx_word' id='word_1_116' title='bbox 1269 1036 1577 1088; x_wconf 90' lang='lat' dir='ltr'>impedimenta,</span> <span class='ocrx_word' id='word_1_117' title='bbox 1590 1049 1695 1089; x_wconf 91' lang='lat' dir='ltr'>quae</span> <span class='ocrx_word' id='word_1_118' title='bbox 1713 1049 1816 1076; x_wconf 92' lang='lat' dir='ltr'>mer-</span> 
     </span>
     <span class='ocr_line' id='line_1_14' title="bbox 239 1100 1817 1154; baseline 0 -14"><span class='ocrx_word' id='word_1_119' title='bbox 239 1100 358 1140; x_wconf 88' lang='lat' dir='ltr'>cibus</span> <span class='ocrx_word' id='word_1_120' title='bbox 380 1100 527 1140; x_wconf 88' lang='lat' dir='ltr'>alienis</span> <span class='ocrx_word' id='word_1_121' title='bbox 548 1101 821 1152; x_wconf 88' lang='lat' dir='ltr'>importandis</span> <span class='ocrx_word' id='word_1_122' title='bbox 847 1101 1076 1154; x_wconf 89' lang='lat' dir='ltr'>opponitur,</span> <span class='ocrx_word' id='word_1_123' title='bbox 1110 1114 1259 1141; x_wconf 88' lang='lat' dir='ltr'>norma</span> <span class='ocrx_word' id='word_1_124' title='bbox 1280 1101 1404 1141; x_wconf 89' lang='lat' dir='ltr'>etiam</span> <span class='ocrx_word' id='word_1_125' title='bbox 1428 1100 1685 1140; x_wconf 86' lang='lat' dir='ltr'>desumenda</span> <span class='ocrx_word' id='word_1_126' title='bbox 1706 1106 1770 1140; x_wconf 89' lang='lat' dir='ltr'>est</span> <span class='ocrx_word' id='word_1_127' title='bbox 1792 1113 1817 1139; x_wconf 90' lang='lat' dir='ltr'>a</span> 
     </span>
     <span class='ocr_line' id='line_1_15' title="bbox 237 1164 1819 1218; baseline -0.001 -14"><span class='ocrx_word' id='word_1_128' title='bbox 237 1171 394 1212; x_wconf 86' lang='lat' dir='ltr'>tenore,</span> <span class='ocrx_word' id='word_1_129' title='bbox 424 1179 546 1217; x_wconf 92' lang='lat' dir='ltr'>quem</span> <span class='ocrx_word' id='word_1_130' title='bbox 567 1165 675 1205; x_wconf 83' lang='lat' dir='ltr'>aliae</span> <span class='ocrx_word' id='word_1_131' title='bbox 695 1173 843 1217; x_wconf 80' lang='lat' dir='ltr'>gentes</span> <span class='ocrx_word' id='word_1_132' title='bbox 865 1170 1058 1218; x_wconf 89' lang='lat' dir='ltr'>respectu</span> <span class='ocrx_word' id='word_1_133' title='bbox 1089 1165 1289 1205; x_wconf 90' lang='lat' dir='ltr'>mercium</span> <span class='ocrx_word' id='word_1_134' title='bbox 1311 1165 1401 1204; x_wconf 88' lang='lat' dir='ltr'>eius</span> <span class='ocrx_word' id='word_1_135' title='bbox 1424 1164 1607 1204; x_wconf 88' lang='lat' dir='ltr'>nationis</span> <span class='ocrx_word' id='word_1_136' title='bbox 1629 1170 1819 1212; x_wconf 80' lang='lat' dir='ltr'>servant;</span> 
     </span>
     <span class='ocr_line' id='line_1_16' title="bbox 240 1228 1815 1282; baseline 0 -15"><span class='ocrx_word' id='word_1_137' title='bbox 240 1228 446 1281; x_wconf 86' lang='lat' dir='ltr'>siquidem</span> <span class='ocrx_word' id='word_1_138' title='bbox 467 1229 616 1268; x_wconf 86' lang='lat' dir='ltr'>rationi</span> <span class='ocrx_word' id='word_1_139' title='bbox 639 1229 832 1282; x_wconf 87' lang='lat' dir='ltr'>congruit</span> <span class='ocrx_word' id='word_1_140' title='bbox 863 1236 906 1268; x_wconf 90' lang='lat' dir='ltr'>ut</span> <span class='ocrx_word' id='word_1_141' title='bbox 926 1243 1114 1282; x_wconf 86' lang='lat' dir='ltr'>quaeque</span> <span class='ocrx_word' id='word_1_142' title='bbox 1134 1243 1240 1281; x_wconf 88' lang='lat' dir='ltr'>gens</span> <span class='ocrx_word' id='word_1_143' title='bbox 1270 1228 1458 1269; x_wconf 88' lang='lat' dir='ltr'>severius</span> <span class='ocrx_word' id='word_1_144' title='bbox 1480 1230 1545 1268; x_wconf 83' lang='lat' dir='ltr'>vel</span> <span class='ocrx_word' id='word_1_145' title='bbox 1567 1228 1701 1268; x_wconf 88' lang='lat' dir='ltr'>lenius</span> <span class='ocrx_word' id='word_1_146' title='bbox 1720 1242 1815 1268; x_wconf 91' lang='lat' dir='ltr'>cum</span> 
     </span>
     <span class='ocr_line' id='line_1_17' title="bbox 238 1294 1816 1348; baseline -0.001 -14"><span class='ocrx_word' id='word_1_147' title='bbox 238 1295 290 1334; x_wconf 91' lang='lat' dir='ltr'>iis</span> <span class='ocrx_word' id='word_1_148' title='bbox 320 1302 433 1348; x_wconf 86' lang='lat' dir='ltr'>agat,</span> <span class='ocrx_word' id='word_1_149' title='bbox 463 1309 569 1348; x_wconf 91' lang='lat' dir='ltr'>quae</span> <span class='ocrx_word' id='word_1_150' title='bbox 594 1295 784 1336; x_wconf 85' lang='lat' dir='ltr'>eamdem</span> <span class='ocrx_word' id='word_1_151' title='bbox 815 1295 1080 1335; x_wconf 87' lang='lat' dir='ltr'>severitatem</span> <span class='ocrx_word' id='word_1_152' title='bbox 1109 1296 1173 1334; x_wconf 84' lang='lat' dir='ltr'>vel</span> <span class='ocrx_word' id='word_1_153' title='bbox 1196 1295 1409 1335; x_wconf 90' lang='lat' dir='ltr'>lenitatem</span> <span class='ocrx_word' id='word_1_154' title='bbox 1439 1308 1542 1346; x_wconf 87' lang='lat' dir='ltr'>erga</span> <span class='ocrx_word' id='word_1_155' title='bbox 1575 1295 1710 1346; x_wconf 85' lang='lat' dir='ltr'>ipsam</span> <span class='ocrx_word' id='word_1_156' title='bbox 1737 1294 1816 1333; x_wconf 92' lang='lat' dir='ltr'>ad-</span> 
     </span>
     <span class='ocr_line' id='line_1_18' title="bbox 241 1358 395 1399; baseline 0.006 -2"><span class='ocrx_word' id='word_1_157' title='bbox 241 1358 395 1399; x_wconf 90' lang='lat' dir='ltr'>hibent.</span> 
     </span>
    </p>

    <p class='ocr_par' dir='ltr' id='par_1_4' title="bbox 240 1424 1823 1999">
     <span class='ocr_line' id='line_1_19' title="bbox 294 1424 1817 1466; baseline 0.001 -4"><span class='ocrx_word' id='word_1_158' title='bbox 294 1425 356 1463; x_wconf 76' lang='lat'>12.</span> <span class='ocrx_word' id='word_1_159' title='bbox 388 1426 632 1466; x_wconf 83' lang='lat' dir='ltr'>commercii</span> <span class='ocrx_word' id='word_1_160' title='bbox 651 1426 909 1466; x_wconf 86' lang='lat' dir='ltr'>adiumenta.</span> <span class='ocrx_word' id='word_1_161' title='bbox 937 1426 1003 1465; x_wconf 89' lang='lat' dir='ltr'>Ad</span> <span class='ocrx_word' id='word_1_162' title='bbox 1024 1425 1204 1465; x_wconf 84' lang='lat' dir='ltr'>fovenda</span> <span class='ocrx_word' id='word_1_163' title='bbox 1224 1424 1478 1464; x_wconf 88' lang='lat' dir='ltr'>commercia</span> <span class='ocrx_word' id='word_1_164' title='bbox 1494 1424 1651 1464; x_wconf 88' lang='lat' dir='ltr'>institui</span> <span class='ocrx_word' id='word_1_165' title='bbox 1682 1425 1817 1465; x_wconf 87' lang='lat' dir='ltr'>solent</span> 
     </span>
     <span class='ocr_line' id='line_1_20' title="bbox 240 1490 1817 1544; baseline 0.001 -15"><span class='ocrx_word' id='word_1_166' title='bbox 240 1490 465 1543; x_wconf 76' lang='lat' dir='ltr'>Emporia,</span> <span class='ocrx_word' id='word_1_167' title='bbox 482 1491 730 1539; x_wconf 74' lang='lat' dir='ltr'>Nundinae,</span> <span class='ocrx_word' id='word_1_168' title='bbox 747 1493 911 1532; x_wconf 75' lang='lat' dir='ltr'>Portus</span> <span class='ocrx_word' id='word_1_169' title='bbox 933 1492 1067 1532; x_wconf 70' lang='lat' dir='ltr'>liberi.</span> <span class='ocrx_word' id='word_1_170' title='bbox 1090 1493 1221 1531; x_wconf 88' lang='lat' dir='ltr'>Porro</span> <span class='ocrx_word' id='word_1_171' title='bbox 1242 1490 1656 1544; x_wconf 70' lang='lat' dir='ltr'>dicitur-Emporium</span> <span class='ocrx_word' id='word_1_172' title='bbox 1670 1491 1817 1531; x_wconf 88' lang='lat' dir='ltr'>civitas</span> 
     </span>
     <span class='ocr_line' id='line_1_21' title="bbox 241 1554 1817 1609; baseline 0 -15"><span class='ocrx_word' id='word_1_173' title='bbox 241 1556 702 1607; x_wconf 83' lang='lat' dir='ltr'>quaedam,commodis</span> <span class='ocrx_word' id='word_1_174' title='bbox 718 1564 758 1597; x_wconf 90' lang='lat' dir='ltr'>et</span> <span class='ocrx_word' id='word_1_175' title='bbox 774 1556 1001 1609; x_wconf 86' lang='lat' dir='ltr'>privilegiis</span> <span class='ocrx_word' id='word_1_176' title='bbox 1017 1556 1234 1605; x_wconf 81' lang='lat' dir='ltr'>instructa,</span> <span class='ocrx_word' id='word_1_177' title='bbox 1247 1569 1320 1608; x_wconf 88' lang='lat' dir='ltr'>pro</span> <span class='ocrx_word' id='word_1_178' title='bbox 1337 1554 1648 1608; x_wconf 82' lang='lat' dir='ltr'>congregandis</span> <span class='ocrx_word' id='word_1_179' title='bbox 1666 1555 1817 1594; x_wconf 89' lang='lat' dir='ltr'>merci-</span> 
     </span>
     <span class='ocr_line' id='line_1_22' title="bbox 240 1618 1818 1674; baseline -0.001 -15"><span class='ocrx_word' id='word_1_180' title='bbox 240 1619 359 1660; x_wconf 91' lang='lat' dir='ltr'>cibus</span> <span class='ocrx_word' id='word_1_181' title='bbox 377 1620 576 1673; x_wconf 89' lang='lat' dir='ltr'>cuiusque</span> <span class='ocrx_word' id='word_1_182' title='bbox 592 1621 773 1674; x_wconf 81' lang='lat' dir='ltr'>generis;</span> <span class='ocrx_word' id='word_1_183' title='bbox 791 1622 843 1661; x_wconf 86' lang='lat' dir='ltr'>ad</span> <span class='ocrx_word' id='word_1_184' title='bbox 856 1635 979 1674; x_wconf 88' lang='lat' dir='ltr'>quam</span> <span class='ocrx_word' id='word_1_185' title='bbox 998 1620 1170 1674; x_wconf 87' lang='lat' dir='ltr'>proinde</span> <span class='ocrx_word' id='word_1_186' title='bbox 1188 1633 1233 1659; x_wconf 86' lang='lat' dir='ltr'>se</span> <span class='ocrx_word' id='word_1_187' title='bbox 1250 1618 1467 1659; x_wconf 83' lang='lat' dir='ltr'>conserant</span> <span class='ocrx_word' id='word_1_188' title='bbox 1485 1625 1739 1658; x_wconf 86' lang='lat' dir='ltr'>mercatores</span> <span class='ocrx_word' id='word_1_189' title='bbox 1753 1618 1818 1657; x_wconf 91' lang='lat' dir='ltr'>di-</span> 
     </span>
     <span class='ocr_line' id='line_1_23' title="bbox 241 1683 1819 1740; baseline -0.001 -16"><span class='ocrx_word' id='word_1_190' title='bbox 241 1698 459 1725; x_wconf 83' lang='lat' dir='ltr'>versarum</span> <span class='ocrx_word' id='word_1_191' title='bbox 476 1687 785 1738; x_wconf 86' lang='lat' dir='ltr'>provinciarum</span> <span class='ocrx_word' id='word_1_192' title='bbox 807 1688 872 1727; x_wconf 87' lang='lat' dir='ltr'>vel</span> <span class='ocrx_word' id='word_1_193' title='bbox 890 1700 1130 1740; x_wconf 87' lang='lat' dir='ltr'>regnorum,</span> <span class='ocrx_word' id='word_1_194' title='bbox 1152 1686 1205 1725; x_wconf 90' lang='lat' dir='ltr'>ad</span> <span class='ocrx_word' id='word_1_195' title='bbox 1223 1698 1384 1725; x_wconf 88' lang='lat' dir='ltr'>merces</span> <span class='ocrx_word' id='word_1_196' title='bbox 1402 1684 1639 1737; x_wconf 89' lang='lat' dir='ltr'>praedictas</span> <span class='ocrx_word' id='word_1_197' title='bbox 1660 1683 1819 1737; x_wconf 86' lang='lat' dir='ltr'>impor-</span> 
     </span>
     <span class='ocr_line' id='line_1_24' title="bbox 241 1749 1823 1805; baseline -0.001 -16"><span class='ocrx_word' id='word_1_198' title='bbox 241 1753 393 1790; x_wconf 89' lang='lat' dir='ltr'>tandas</span> <span class='ocrx_word' id='word_1_199' title='bbox 409 1753 473 1792; x_wconf 87' lang='lat' dir='ltr'>vel</span> <span class='ocrx_word' id='word_1_200' title='bbox 491 1753 786 1803; x_wconf 79' lang='lat' dir='ltr'>exportandas.</span> <span class='ocrx_word' id='word_1_201' title='bbox 804 1753 868 1792; x_wconf 88' lang='lat' dir='ltr'>Ab</span> <span class='ocrx_word' id='word_1_202' title='bbox 881 1753 1088 1805; x_wconf 84' lang='lat' dir='ltr'>Emporiis</span> <span class='ocrx_word' id='word_1_203' title='bbox 1105 1765 1188 1791; x_wconf 87' lang='lat' dir='ltr'>non</span> <span class='ocrx_word' id='word_1_204' title='bbox 1206 1751 1568 1790; x_wconf 74' lang='lat' dir='ltr'>differuntPortas</span> <span class='ocrx_word' id='word_1_205' title='bbox 1587 1749 1724 1797; x_wconf 73' lang='lat' dir='ltr'>liberi,</span> <span class='ocrx_word' id='word_1_206' title='bbox 1742 1749 1823 1789; x_wconf 90' lang='lat' dir='ltr'>nisi</span> 
     </span>
     <span class='ocr_line' id='line_1_25' title="bbox 242 1814 1818 1866; baseline -0.001 -12"><span class='ocrx_word' id='word_1_207' title='bbox 242 1820 447 1866; x_wconf 89' lang='lat' dir='ltr'>quatenus</span> <span class='ocrx_word' id='word_1_208' title='bbox 464 1823 562 1856; x_wconf 88' lang='lat' dir='ltr'>sunt</span> <span class='ocrx_word' id='word_1_209' title='bbox 574 1817 839 1856; x_wconf 87' lang='lat' dir='ltr'>commerciis</span> <span class='ocrx_word' id='word_1_210' title='bbox 857 1816 1076 1856; x_wconf 89' lang='lat' dir='ltr'>maritimis</span> <span class='ocrx_word' id='word_1_211' title='bbox 1092 1814 1298 1856; x_wconf 88' lang='lat' dir='ltr'>destinati.</span> <span class='ocrx_word' id='word_1_212' title='bbox 1310 1814 1547 1853; x_wconf 74' lang='lat' dir='ltr'>Nundinae</span> <span class='ocrx_word' id='word_1_213' title='bbox 1564 1827 1662 1854; x_wconf 85' lang='lat' dir='ltr'>vero</span> <span class='ocrx_word' id='word_1_214' title='bbox 1680 1814 1818 1866; x_wconf 89' lang='lat' dir='ltr'>appel-</span> 
     </span>
     <span class='ocr_line' id='line_1_26' title="bbox 241 1878 1821 1933; baseline 0.001 -17"><span class='ocrx_word' id='word_1_215' title='bbox 241 1878 351 1917; x_wconf 87' lang='lat' dir='ltr'>latur</span> <span class='ocrx_word' id='word_1_216' title='bbox 372 1879 515 1931; x_wconf 87' lang='lat' dir='ltr'>magni</span> <span class='ocrx_word' id='word_1_217' title='bbox 536 1887 761 1929; x_wconf 86' lang='lat' dir='ltr'>mercatus,</span> <span class='ocrx_word' id='word_1_218' title='bbox 783 1894 866 1920; x_wconf 90' lang='lat' dir='ltr'>non</span> <span class='ocrx_word' id='word_1_219' title='bbox 884 1888 1096 1933; x_wconf 90' lang='lat' dir='ltr'>perpetuo,</span> <span class='ocrx_word' id='word_1_220' title='bbox 1118 1887 1161 1919; x_wconf 94' lang='lat' dir='ltr'>ut</span> <span class='ocrx_word' id='word_1_221' title='bbox 1176 1879 1218 1918; x_wconf 92' lang='lat' dir='ltr'>in</span> <span class='ocrx_word' id='word_1_222' title='bbox 1236 1878 1456 1931; x_wconf 85' lang='lat' dir='ltr'>Emporiis,</span> <span class='ocrx_word' id='word_1_223' title='bbox 1480 1878 1554 1918; x_wconf 88' lang='lat' dir='ltr'>sed</span> <span class='ocrx_word' id='word_1_224' title='bbox 1571 1878 1694 1919; x_wconf 89' lang='lat' dir='ltr'>statis</span> <span class='ocrx_word' id='word_1_225' title='bbox 1713 1885 1821 1919; x_wconf 88' lang='lat' dir='ltr'>tem-</span> 
     </span>
     <span class='ocr_line' id='line_1_27' title="bbox 242 1944 1813 1999; baseline -0.002 -15"><span class='ocrx_word' id='word_1_226' title='bbox 242 1944 412 1996; x_wconf 88' lang='lat' dir='ltr'>poribus</span> <span class='ocrx_word' id='word_1_227' title='bbox 438 1946 689 1996; x_wconf 87' lang='lat' dir='ltr'>celebrandi,</span> <span class='ocrx_word' id='word_1_228' title='bbox 720 1960 800 1999; x_wconf 91' lang='lat' dir='ltr'>quo</span> <span class='ocrx_word' id='word_1_229' title='bbox 824 1947 1029 1987; x_wconf 85' lang='lat' dir='ltr'>vendendi</span> <span class='ocrx_word' id='word_1_230' title='bbox 1060 1946 1306 1998; x_wconf 87' lang='lat' dir='ltr'>emendique</span> <span class='ocrx_word' id='word_1_231' title='bbox 1335 1945 1474 1998; x_wconf 84' lang='lat' dir='ltr'>gratia</span> <span class='ocrx_word' id='word_1_232' title='bbox 1503 1946 1549 1984; x_wconf 92' lang='lat' dir='ltr'>fit</span> <span class='ocrx_word' id='word_1_233' title='bbox 1568 1958 1813 1985; x_wconf 88' lang='lat' dir='ltr'>concursus.</span> 
     </span>
    </p>
   </div>
   <div class='ocr_carea' id='block_1_3' title="bbox 861 2079 1220 2262">
    <p class='ocr_par' dir='ltr' id='par_1_5' title="bbox 861 2079 1220 2262">
     <span class='ocr_line' id='line_1_28' title="bbox 869 2079 1220 2119; baseline -0.003 -1"><span class='ocrx_word' id='word_1_234' title='bbox 869 2081 1115 2119; x_wconf 76' lang='lat' dir='ltr'>ART1CULus</span> <span class='ocrx_word' id='word_1_235' title='bbox 1146 2079 1220 2117; x_wconf 88' lang='lat' dir='ltr'>III.</span> 
     </span>
     <span class='ocr_line' id='line_1_29' title="bbox 861 2209 1209 2262; baseline -0.003 -13"><span class='ocrx_word' id='word_1_236' title='bbox 861 2209 927 2249; x_wconf 80' lang='lat' dir='ltr'>De</span> <span class='ocrx_word' id='word_1_237' title='bbox 945 2209 1209 2262; x_wconf 68' lang='lat' dir='ltr'>foederibus.</span> 
     </span>
    </p>
   </div>
   <div class='ocr_carea' id='block_1_4' title="bbox 243 2323 1829 2987">
    <p class='ocr_par' dir='ltr' id='par_1_6' title="bbox 243 2323 1829 2987">
     <span class='ocr_line' id='line_1_30' title="bbox 297 2323 1823 2392; baseline -0.001 -13"><span class='ocrx_word' id='word_1_238' title='bbox 297 2341 360 2379; x_wconf 86' lang='lat'>13.</span> <span class='ocrx_word' id='word_1_239' title='bbox 392 2341 493 2390; x_wconf 85' lang='lat' dir='ltr'>Quid</span> <span class='ocrx_word' id='word_1_240' title='bbox 521 2340 680 2382; x_wconf 61' lang='lat' dir='ltr'>foedus</span> <span class='ocrx_word' id='word_1_241' title='bbox 714 2340 940 2380; x_wconf 89' lang='lat' dir='ltr'>Pactiones</span> <span class='ocrx_word' id='word_1_242' title='bbox 969 2340 1078 2380; x_wconf 91' lang='lat' dir='ltr'>inter</span> <span class='ocrx_word' id='word_1_243' title='bbox 1107 2340 1295 2380; x_wconf 88' lang='lat' dir='ltr'>diversas</span> <span class='ocrx_word' id='word_1_244' title='bbox 1326 2347 1487 2392; x_wconf 81' lang='lat' dir='ltr'>gentes,</span> <span class='ocrx_word' id='word_1_245' title='bbox 1509 2323 1721 2379; x_wconf 78' lang='lat' dir='ltr'>amicitiae</span> <span class='ocrx_word' id='word_1_246' title='bbox 1750 2345 1823 2378; x_wconf 86' lang='lat' dir='ltr'>aut</span> 
     </span>
     <span class='ocr_line' id='line_1_31' title="bbox 244 2404 1825 2458; baseline -0.001 -14"><span class='ocrx_word' id='word_1_247' title='bbox 244 2406 375 2445; x_wconf 90' lang='lat' dir='ltr'>mutui</span> <span class='ocrx_word' id='word_1_248' title='bbox 395 2406 540 2446; x_wconf 73' lang='lat' dir='ltr'>auxilii</span> <span class='ocrx_word' id='word_1_249' title='bbox 571 2413 641 2446; x_wconf 89' lang='lat' dir='ltr'>aut</span> <span class='ocrx_word' id='word_1_250' title='bbox 662 2406 1009 2445; x_wconf 83' lang='lat' dir='ltr'>commerciorum</span> <span class='ocrx_word' id='word_1_251' title='bbox 1025 2406 1176 2458; x_wconf 87' lang='lat' dir='ltr'>gratia,</span> <span class='ocrx_word' id='word_1_252' title='bbox 1207 2420 1232 2445; x_wconf 91' lang='lat' dir='ltr'>a</span> <span class='ocrx_word' id='word_1_253' title='bbox 1252 2405 1418 2458; x_wconf 92' lang='lat' dir='ltr'>publica</span> <span class='ocrx_word' id='word_1_254' title='bbox 1447 2404 1696 2445; x_wconf 89' lang='lat' dir='ltr'>auctoritate</span> <span class='ocrx_word' id='word_1_255' title='bbox 1723 2417 1825 2444; x_wconf 88' lang='lat' dir='ltr'>san—</span> 
     </span>
     <span class='ocr_line' id='line_1_32' title="bbox 244 2471 1822 2525; baseline -0.001 -13"><span class='ocrx_word' id='word_1_256' title='bbox 244 2472 363 2520; x_wconf 86' lang='lat' dir='ltr'>citae,</span> <span class='ocrx_word' id='word_1_257' title='bbox 382 2474 569 2525; x_wconf 79' lang='lat' dir='ltr'>foedera</span> <span class='ocrx_word' id='word_1_258' title='bbox 587 2474 652 2513; x_wconf 86' lang='lat' dir='ltr'>vel</span> <span class='ocrx_word' id='word_1_259' title='bbox 674 2473 798 2513; x_wconf 88' lang='lat' dir='ltr'>etiam</span> <span class='ocrx_word' id='word_1_260' title='bbox 815 2476 1064 2512; x_wconf 76' lang='lat' dir='ltr'>contractus</span> <span class='ocrx_word' id='word_1_261' title='bbox 1085 2473 1445 2512; x_wconf 75' lang='lat' dir='ltr'>internationales</span> <span class='ocrx_word' id='word_1_262' title='bbox 1465 2471 1822 2518; x_wconf 84' lang='lat' dir='ltr'>vocantur.Haec‚</span> 
     </span>
     <span class='ocr_line' id='line_1_33' title="bbox 245 2536 1829 2592; baseline -0.003 -14"><span class='ocrx_word' id='word_1_263' title='bbox 245 2545 288 2578; x_wconf 91' lang='lat' dir='ltr'>ut</span> <span class='ocrx_word' id='word_1_264' title='bbox 309 2539 482 2591; x_wconf 89' lang='lat' dir='ltr'>quisque</span> <span class='ocrx_word' id='word_1_265' title='bbox 510 2552 584 2592; x_wconf 88' lang='lat' dir='ltr'>per</span> <span class='ocrx_word' id='word_1_266' title='bbox 604 2552 650 2579; x_wconf 91' lang='lat' dir='ltr'>se</span> <span class='ocrx_word' id='word_1_267' title='bbox 671 2538 793 2579; x_wconf 86' lang='lat' dir='ltr'>facile</span> <span class='ocrx_word' id='word_1_268' title='bbox 813 2539 936 2587; x_wconf 82' lang='lat' dir='ltr'>videt,</span> <span class='ocrx_word' id='word_1_269' title='bbox 968 2538 1174 2590; x_wconf 87' lang='lat' dir='ltr'>duplicem</span> <span class='ocrx_word' id='word_1_270' title='bbox 1196 2537 1417 2579; x_wconf 87' lang='lat' dir='ltr'>utilitatem</span> <span class='ocrx_word' id='word_1_271' title='bbox 1439 2536 1686 2588; x_wconf 78' lang='lat' dir='ltr'>important3</span> <span class='ocrx_word' id='word_1_272' title='bbox 1722 2548 1829 2588; x_wconf 90' lang='lat' dir='ltr'>qua—</span> 
     </span>
     <span class='ocr_line' id='line_1_34' title="bbox 246 2601 1819 2657; baseline -0.002 -13"><span class='ocrx_word' id='word_1_273' title='bbox 246 2611 370 2645; x_wconf 90' lang='lat' dir='ltr'>tenus</span> <span class='ocrx_word' id='word_1_274' title='bbox 399 2619 511 2644; x_wconf 81' lang='lat' dir='ltr'>nova</span> <span class='ocrx_word' id='word_1_275' title='bbox 541 2605 580 2645; x_wconf 86' lang='lat' dir='ltr'>vi</span> <span class='ocrx_word' id='word_1_276' title='bbox 609 2605 820 2653; x_wconf 88' lang='lat' dir='ltr'>roborant,</span> <span class='ocrx_word' id='word_1_277' title='bbox 851 2618 1001 2657; x_wconf 88' lang='lat' dir='ltr'>nempe</span> <span class='ocrx_word' id='word_1_278' title='bbox 1030 2604 1243 2644; x_wconf 90' lang='lat' dir='ltr'>fidelitatis</span> <span class='ocrx_word' id='word_1_279' title='bbox 1274 2603 1454 2651; x_wconf 79' lang='lat' dir='ltr'>vinculo,</span> <span class='ocrx_word' id='word_1_280' title='bbox 1487 2601 1763 2654; x_wconf 88' lang='lat' dir='ltr'>obligationes</span> <span class='ocrx_word' id='word_1_281' title='bbox 1793 2616 1819 2641; x_wconf 90' lang='lat' dir='ltr'>a</span> 
     </span>
     <span class='ocr_line' id='line_1_35' title="bbox 249 2667 1825 2721; baseline -0.003 -13"><span class='ocrx_word' id='word_1_282' title='bbox 249 2675 400 2709; x_wconf 87' lang='lat' dir='ltr'>natura</span> <span class='ocrx_word' id='word_1_283' title='bbox 428 2670 757 2721; x_wconf 85' lang='lat' dir='ltr'>proficiscentes,</span> <span class='ocrx_word' id='word_1_284' title='bbox 780 2677 819 2709; x_wconf 90' lang='lat' dir='ltr'>et</span> <span class='ocrx_word' id='word_1_285' title='bbox 839 2668 980 2709; x_wconf 86' lang='lat' dir='ltr'>officia</span> <span class='ocrx_word' id='word_1_286' title='bbox 1009 2667 1253 2720; x_wconf 87' lang='lat' dir='ltr'>imperfecta</span> <span class='ocrx_word' id='word_1_287' title='bbox 1282 2668 1324 2706; x_wconf 91' lang='lat' dir='ltr'>in</span> <span class='ocrx_word' id='word_1_288' title='bbox 1346 2667 1529 2719; x_wconf 84' lang='lat' dir='ltr'>perfecta</span> <span class='ocrx_word' id='word_1_289' title='bbox 1559 2671 1825 2706; x_wconf 84' lang='lat' dir='ltr'>convertunt.</span> 
     </span>
     <span class='ocr_line' id='line_1_36' title="bbox 243 2732 1815 2788; baseline -0.002 -14"><span class='ocrx_word' id='word_1_290' title='bbox 243 2737 434 2776; x_wconf 89' lang='lat' dir='ltr'>Iamvero</span> <span class='ocrx_word' id='word_1_291' title='bbox 464 2749 515 2775; x_wconf 89' lang='lat' dir='ltr'>ea</span> <span class='ocrx_word' id='word_1_292' title='bbox 536 2750 720 2788; x_wconf 88' lang='lat' dir='ltr'>pangere</span> <span class='ocrx_word' id='word_1_293' title='bbox 751 2737 804 2776; x_wconf 84' lang='lat' dir='ltr'>ad</span> <span class='ocrx_word' id='word_1_294' title='bbox 824 2749 1064 2788; x_wconf 86' lang='lat' dir='ltr'>supremam</span> <span class='ocrx_word' id='word_1_295' title='bbox 1086 2740 1335 2787; x_wconf 89' lang='lat' dir='ltr'>potestatem</span> <span class='ocrx_word' id='word_1_296' title='bbox 1365 2733 1560 2786; x_wconf 87' lang='lat' dir='ltr'>pertinet;</span> <span class='ocrx_word' id='word_1_297' title='bbox 1593 2732 1815 2772; x_wconf 84' lang='lat' dir='ltr'>conventio</span> 
     </span>
     <span class='ocr_line' id='line_1_37' title="bbox 247 2798 1822 2854; baseline -0.003 -12"><span class='ocrx_word' id='word_1_298' title='bbox 247 2803 355 2842; x_wconf 92' lang='lat' dir='ltr'>enim</span> <span class='ocrx_word' id='word_1_299' title='bbox 374 2801 551 2854; x_wconf 87' lang='lat' dir='ltr'>publica,</span> <span class='ocrx_word' id='word_1_300' title='bbox 565 2815 671 2854; x_wconf 91' lang='lat' dir='ltr'>quae</span> <span class='ocrx_word' id='word_1_301' title='bbox 688 2802 880 2842; x_wconf 81' lang='lat' dir='ltr'>videlicet</span> <span class='ocrx_word' id='word_1_302' title='bbox 901 2801 1071 2842; x_wconf 87' lang='lat' dir='ltr'>nomine</span> <span class='ocrx_word' id='word_1_303' title='bbox 1090 2800 1305 2840; x_wconf 89' lang='lat' dir='ltr'>societatis</span> <span class='ocrx_word' id='word_1_304' title='bbox 1321 2801 1406 2848; x_wconf 88' lang='lat' dir='ltr'>fiat,</span> <span class='ocrx_word' id='word_1_305' title='bbox 1428 2799 1596 2839; x_wconf 90' lang='lat' dir='ltr'>nonnisi</span> <span class='ocrx_word' id='word_1_306' title='bbox 1613 2798 1702 2839; x_wconf 90' lang='lat' dir='ltr'>eius</span> <span class='ocrx_word' id='word_1_307' title='bbox 1720 2812 1822 2852; x_wconf 87' lang='lat' dir='ltr'>pro-</span> 
     </span>
     <span class='ocr_line' id='line_1_38' title="bbox 247 2864 1818 2921; baseline -0.002 -15"><span class='ocrx_word' id='word_1_308' title='bbox 247 2867 338 2920; x_wconf 89' lang='lat' dir='ltr'>pria</span> <span class='ocrx_word' id='word_1_309' title='bbox 354 2874 428 2916; x_wconf 90' lang='lat' dir='ltr'>est,</span> <span class='ocrx_word' id='word_1_310' title='bbox 446 2868 514 2921; x_wconf 90' lang='lat' dir='ltr'>qui</span> <span class='ocrx_word' id='word_1_311' title='bbox 526 2868 727 2908; x_wconf 85' lang='lat' dir='ltr'>socialem</span> <span class='ocrx_word' id='word_1_312' title='bbox 746 2867 1031 2921; x_wconf 87' lang='lat' dir='ltr'>operationem</span> <span class='ocrx_word' id='word_1_313' title='bbox 1049 2866 1300 2913; x_wconf 86' lang='lat' dir='ltr'>moderatur,</span> <span class='ocrx_word' id='word_1_314' title='bbox 1318 2870 1358 2904; x_wconf 89' lang='lat' dir='ltr'>et</span> <span class='ocrx_word' id='word_1_315' title='bbox 1373 2864 1674 2917; x_wconf 88' lang='lat' dir='ltr'>rempublicam</span> <span class='ocrx_word' id='word_1_316' title='bbox 1691 2870 1735 2904; x_wconf 89' lang='lat' dir='ltr'>ut</span> <span class='ocrx_word' id='word_1_317' title='bbox 1750 2877 1818 2904; x_wconf 90' lang='lat' dir='ltr'>ca-</span> 
     </span>
     <span class='ocr_line' id='line_1_39' title="bbox 246 2930 1819 2987; baseline -0.003 -13"><span class='ocrx_word' id='word_1_318' title='bbox 246 2940 317 2986; x_wconf 92' lang='lat' dir='ltr'>put</span> <span class='ocrx_word' id='word_1_319' title='bbox 335 2940 634 2987; x_wconf 88' lang='lat' dir='ltr'>repraesentat.</span> <span class='ocrx_word' id='word_1_320' title='bbox 653 2936 771 2976; x_wconf 88' lang='lat' dir='ltr'>Haec</span> <span class='ocrx_word' id='word_1_321' title='bbox 788 2941 939 2983; x_wconf 90' lang='lat' dir='ltr'>autem,</span> <span class='ocrx_word' id='word_1_322' title='bbox 957 2938 1000 2973; x_wconf 92' lang='lat' dir='ltr'>ut</span> <span class='ocrx_word' id='word_1_323' title='bbox 1017 2938 1163 2984; x_wconf 90' lang='lat' dir='ltr'>patens</span> <span class='ocrx_word' id='word_1_324' title='bbox 1184 2935 1247 2971; x_wconf 83' lang='lat' dir='ltr'>est</span> <span class='ocrx_word' id='word_1_325' title='bbox 1264 2930 1432 2971; x_wconf 88' lang='lat' dir='ltr'>nonnisi</span> <span class='ocrx_word' id='word_1_326' title='bbox 1448 2930 1490 2970; x_wconf 92' lang='lat' dir='ltr'>in</span> <span class='ocrx_word' id='word_1_327' title='bbox 1508 2945 1581 2972; x_wconf 91' lang='lat' dir='ltr'>eos</span> <span class='ocrx_word' id='word_1_328' title='bbox 1598 2931 1819 2984; x_wconf 88' lang='lat' dir='ltr'>quadrant,</span> 
     </span>
    </p>
   </div>
  </div>
 </body>
</html>
