1970 3203
493 239 641 266 CAPUT.
670 239 721 264 IV.
753 237 805 263 DE
836 237 1008 264 OFFllCIS
1036 234 1206 262 HOMINIS
1235 234 1347 261 ERGA
1378 234 1496 260 ALIOS
1705 221 1781 260 165

214 317 324 356 bona
352 314 522 354 alterius
553 313 670 365 eripit
698 319 769 352 aut
798 312 1003 352 deteriora
1031 311 1130 350 facit
1159 316 1230 349 aut
1259 309 1404 362 augeri
1424 314 1547 357 vetat,
1569 309 1632 347 vel
1654 309 1779 348 etiam

216 381 304 422 eius
334 380 470 419 famae
499 385 539 419 et
569 378 716 418 honori
759 379 967 418 maculam
1003 377 1198 428 aspergit.
1231 376 1349 423 Quod
1378 375 1413 414 si
1443 375 1532 428 quis
1562 376 1604 414 in
1633 376 1782 414 horum

217 443 355 494 aliquo
385 442 647 495 peccaverit,
679 442 731 480 ad
761 442 914 480 damna
942 439 1235 488 resarcienda,
1265 447 1389 492 atque
1417 440 1470 478 ad
1503 452 1624 486 eum,
1656 452 1776 491 quem

214 507 348 556 laesit,
378 507 420 546 in
449 507 669 559 integrum,
699 506 835 558 quoad
866 510 1011 556 potest,
1042 504 1340 544 restituendum
1370 503 1588 556 obligatur.

263 573 325 610 55.
357 571 615 610 Pnoposirio
643 569 698 608 ⁶2³.
728 569 794 608 Eae
823 569 959 621 officio
990 581 1074 606 non
1104 567 1302 606 laedendi
1319 569 1426 607 alios
1449 568 1507 607 ita
1523 566 1776 620 prohibetur

207 636 492 684 mendacium,
526 639 571 675 αἱ
597 649 761 688 semper·
789 638 827 674 et
858 638 1018 674 natura
1046 647 1126 673 sua
1155 633 1213 672 sit
1240 634 1452 672 illicitum.

262 701 384 741 Prob.
416 701 678 740 Peculiarem
709 700 758 739 de
787 699 868 738 hac
898 712 941 738 re
972 697 1257 749 quaestionem
1287 697 1550 743 instituimus,
1568 697 1663 750 quia
1692 697 1768 735 he-

208 764 395 804 terodoxi
426 777 510 803 non
539 764 661 815 pauci
687 763 916 802 docuerunt
954 762 1077 800 licere
1113 760 1360 812 quandoque
1399 761 1673 799 mendacium.
1704 760 1774 799 Sic

211 829 379 868 Grotius
410 843 436 868 a
466 828 601 868 debito
632 827 874 868 veracitatis
902 828 1081 878 quinque
1111 825 1265 876 excipit
1294 838 1439 865 casus:
1470 828 1505 864 1.
1528 825 1570 864 Si
1591 826 1682 877 quis
1710 826 1779 864 lo-

207 893 343 944 quitur
385 906 478 932 cum
522 892 679 932 infante
709 898 780 930 aut
819 898 1012 938 amente3
1044 891 1079 928 2.
1113 889 1156 928 Si
1185 901 1266 928 non
1298 889 1334 928 is
1355 920 1363 936 ‚
1393 889 1446 927 ad
1475 902 1595 940 quem
1638 901 1776 927 sermo

210 959 409 1010 dirigitur,
432 958 671 1010 decipiatur,
693 957 764 996 sed
786 956 930 996 tertius
950 955 1111 1007 aliquis,
1133 954 1198 1006 qui
1220 954 1322 993 sorte
1342 966 1577 993 sermonem
1607 953 1778 1004 excipit,

209 1026 244 1063 3.
276 1024 319 1062 Si
350 1022 526 1075 supponi
555 1022 685 1074 possit
714 1022 823 1074 quod
850 1013 898 1068 is,
928 1020 996 1072 qui
1028 1019 1228 1071 decipitur
1258 1018 1502 1070 falsiloquio,
1533 1031 1618 1056 non
1647 1030 1776 1069 aegre

207 1088 260 1126 sit
287 1087 327 1126 id
357 1088 530 1134 laturus,
552 1092 720 1137 propter
741 1085 907 1137 aliquod
938 1083 1201 1124 commodum
1223 1082 1373 1122 exinde
1394 1082 1646 1129 obveniens;
1675 1084 1711 1120 4.
1735 1081 1778 1120 Si

207 1153 257 1201 is,
289 1153 356 1205 qui
388 1153 578 1204 loquitur,
609 1151 763 1190 habeat
791 1150 858 1191 ius
888 1152 1203 1202 supereminens
1221 1148 1263 1186 in
1283 1149 1372 1187 iura
1392 1148 1587 1194 aliorum;
1610 1156 1655 1187 ut
1676 1153 1774 1186 sunt

206 1220 447 1272 Principes,
471 1222 506 1258 5.
531 1219 573 1257 Si
595 1218 679 1257 vita
698 1217 935 1256 innocentis
955 1225 1027 1256 aut
1048 1214 1263 1254 consimile
1283 1214 1437 1254 bonum
1457 1222 1635 1266 nequeat
1656 1213 1777 1253 aliter

207 1285 449 1324 conservari
482 1284 555 1335 (1).
588 1282 838 1322 Huiusmodi
870 1282 1007 1334 opinio
1038 1280 1196 1320 admitti
1226 1293 1309 1318 non
1344 1286 1491 1330 potest.

260 1352 307 1389 In
337 1351 478 1402 primis
510 1350 618 1389 enim
648 1348 910 1388 mendacium
939 1348 1004 1387 ius
1033 1347 1203 1387 alterius
1234 1345 1383 1393 laedit,
1415 1358 1509 1385 cum
1539 1344 1771 1383 auditorem

205 1414 247 1452 in
278 1414 576 1465 deceptionem,
608 1426 714 1464 quae
739 1419 851 1451 certe
880 1413 1034 1451 malum
1065 1411 1271 1463 quoddam
1301 1416 1375 1457 est,
1393 1409 1583 1448 adducat.
1607 1410 1772 1448 Praete-

207 1493 308 1527 rea,
339 1479 559 1531 opponitur
602 1477 758 1517 notioni
795 1477 1065 1524 socialitatis,
1097 1489 1219 1527 quam
1250 1480 1402 1514 natura
1431 1475 1516 1513 vult
1546 1487 1640 1514 esse
1669 1475 1776 1514 inter

206 1542 425 1589 homines;
457 1542 564 1581 unde
589 1542 634 1580 fit
664 1547 705 1580 ut
738 1541 944 1580 veracitas
974 1540 1026 1579 sit
1056 1540 1343 1592 quadantenus
1372 1552 1470 1590 pars
1498 1538 1690 1578 iustitiae.
1708 1539 1772 1578 Ad

205 1619 292 1644 rem
317 1606 357 1644 S.
381 1606 593 1644 Thomas:
626 1619 644 1642 «
669 1605 776 1650 Quia
804 1605 930 1643 homo
951 1612 1014 1643 est
1034 1603 1188 1641 animal
1210 1602 1377 1650 sociale,
1399 1602 1643 1642 naturaliter
1664 1615 1771 1642 unus

205 1671 330 1710 homo
362 1671 483 1711 debet
504 1668 620 1709 alteri
641 1669 693 1717 id,
716 1669 806 1708 sine
827 1682 907 1721 quo
927 1669 1108 1707 societas
1129 1668 1314 1706 humana
1333 1668 1491 1707 servari
1512 1681 1595 1707 non
1616 1677 1770 1720 posset.

206 1735 299 1773 Non
330 1739 467 1773 autem
499 1740 673 1784 possent
700 1732 891 1772 homines
920 1732 1098 1771 invicem
1134 1732 1370 1778 convivere,
1394 1731 1471 1770 nisi
1493 1731 1570 1771 sibi
1591 1732 1770 1771 invicem

206 1798 435 1845 crederent,
454 1802 651 1848 tanquam
669 1795 745 1835 sibi
766 1796 943 1835 invicem
966 1796 1182 1836 veritatem
1204 1794 1565 1834 manifestantibus
1583 1808 1592 1841 ς
1622 1800 1663 1834 et
1681 1795 1772 1834 ideo

203 1862 337 1900 virtus
367 1860 609 1900 veracitatis
639 1860 776 1912 aliquo
807 1861 929 1900 modo
959 1859 1132 1900 attendit
1161 1858 1364 1898 rationem
1395 1859 1516 1898 debiti
1546 1859 1619 1909 (2).
1652 1873 1670 1895 ))

261 1925 419 1972 Deide,
449 1924 610 1964 etiamsi
653 1925 809 1963 nullum
853 1924 1143 1964 detrimentum
1188 1937 1241 1963 ex
1283 1923 1498 1962 mendacio
1541 1928 1775 1974 caperetur,

205 1998 426 2044 propterea
454 1991 563 2043 quod
592 2003 664 2042 per
693 1990 891 2030 accidens
920 1991 1076 2029 nullam
1107 1989 1390 2041 deceptionem
1418 1989 1608 2037 inferrem
1632 1997 1771 2029 tamen

204 2071 290 2097 non
340 2058 496 2096 idcirco
538 2056 695 2096 licitum
739 2057 959 2105 evaderet,
991 2070 1084 2095 cum
1118 2069 1191 2106 per
1220 2068 1264 2094 se
1293 2055 1345 2094 sit
1369 2055 1523 2094 malum
1554 2064 1593 2096 et
1621 2055 1770 2095 rationi

204 2137 458 2175 repugnans.
488 2123 790 2170 M'endczez'zcm,
820 2123 877 2162 ait
904 2122 1135 2174 Angelicus
1165 2123 1341 2169 Doctor,
1373 2134 1457 2159 non
1487 2122 1624 2160 solum
1655 2122 1775 2161 habet

202 2188 412 2227 rationem
429 2188 597 2240 peccati
626 2201 675 2226 ex
703 2187 859 2226 damno
879 2219 888 2235 ,
917 2186 1031 2238 quod
1061 2185 1248 2236 infertur
1274 2185 1484 2237 pro-mmo,
1515 2185 1588 2224 secl
1615 2197 1664 2223 εκ
1691 2198 1770 2224 succ

204 2254 525 2293 inordinatione
557 2255 628 2304 (3).
661 2254 711 2293 Et
740 2253 844 2292 ratio
875 2260 963 2300 est,
994 2251 1090 2303 quia
1119 2264 1255 2290 sermo
1287 2250 1412 2301 (idem
1449 2251 1512 2290 dic
1543 2251 1593 2289 de
1623 2250 1772 2291 ceteris

204 2318 371 2370 signis)
402 2324 618 2370 propterea
656 2318 879 2358 intenditur
909 2332 934 2357 a
963 2308 1124 2366 natura,
1154 2322 1197 2356 ut
1226 2329 1353 2356 sensa
1392 2316 1517 2355 animi
1553 2330 1644 2356 cum
1682 2316 1774 2355 aliis

205 2382 573 2421 communicemus.
605 2383 742 2428 Quare
773 2396 856 2422 vox
885 2390 955 2421 aut
985 2380 1158 2433 quodvis
1188 2380 1367 2432 signum,
1397 2393 1422 2418 a
1452 2387 1589 2420 mente
1619 2380 1773 2420 dissen-

201 2447 313 2485 tiens
336 2477 345 2494 ,
376 2459 450 2497 per
479 2458 525 2484 se
555 2453 594 2485 et
623 2459 776 2498 genere
806 2459 881 2485 suo
913 2451 976 2485 est
1006 2444 1159 2496 aliquid
1190 2449 1502 2495 praeposterum
1532 2448 1572 2482 et
1600 2443 1771 2482 ordina-

202 2511 304 2552 tioni
332 2517 510 2551 naturae
540 2511 807 2550 contrarium.
839 2512 886 2549 In
916 2511 997 2550 hoc
1028 2510 1196 2562 propria
1225 2516 1264 2548 et
1293 2509 1520 2548 intrinseca
1563 2509 1772 2549 mendacii

199 2573 360 2613 malitia
387 2575 588 2614 consistit.
620 2575 795 2621 Etenim,
827 2582 870 2613 ut
897 2574 974 2614 rite
1004 2574 1200 2613 observat
1229 2574 1271 2612 S.
1294 2573 1494 2622 Thomas,
1517 2573 1664 2625 triplex
1691 2574 1772 2613 fal-

200 2638 303 2678 sitas
324 2644 459 2690 potest
478 2639 520 2677 in
541 2637 760 2678 mendacio
783 2638 1064 2686 considerari,
1096 2637 1288 2677 videlicet
1308 2638 1549 2686 materialis,
1572 2637 1775 2685 formalis,

246 2808 295 2848 (1)
320 2808 373 2840 De
396 2808 476 2842 iure
501 2809 586 2842 belli
609 2813 643 2842 et
660 2810 785 2852 paci&
810 2810 866 2842 lib.
891 2810 945 2847 ΙΙΙ,
969 2819 1045 2851 cap.
1071 2810 1097 2841 1.

247 2860 296 2901 (P)
322 2861 475 2895 Summa
499 2863 545 2894 th.
570 2864 614 2894 2.·
638 2864 693 2895 2.“
729 2873 761 2904 q.
785 2863 875 2901 CIX,
896 2874 925 2895 a.
950 2865 975 2895 5.

247 2912 295 2952 (3)
322 2911 476 2946 Summa
499 2913 545 2945 z‘lz.
570 2915 611 2946 2.·
634 2916 689 2947 2³0
725 2923 756 2954 q.
782 2915 854 2952 CX,
878 2925 906 2947 a.
933 2915 958 2946 3.
984 2915 1028 2947 ad
1051 2916 1078 2946 4.
