1970 3203
613 188 749 214 CAPUT
778 188 813 213 11.
844 187 897 214 DE
927 186 1156 214 soclssTATE
1184 170 1306 215 civim
1666 176 1743 215 257

178 265 220 304 in
251 261 481 303 subiectum
512 260 677 312 aliquod
706 260 1022 300 determinatum
1052 261 1257 300 translata
1286 267 1360 308 est,
1391 274 1474 300 non
1505 273 1629 313 posse
1651 274 1743 300 am—

175 329 284 383 plius
312 341 338 367 a
366 327 541 368 subditis
564 327 752 367 revocari
777 328 850 377 (1).
874 328 1029 367 Contra
1046 331 1219 380 pactum
1240 329 1398 368 sociale
1414 327 1746 369 comminiscitur

177 406 414 446 supremam
445 397 690 444 potestatem
727 391 1006 431 essentialiter
1026 383 1207 433 residere
1237 393 1277 432 in
1309 393 1578 441 multitudine,
1608 394 1666 432 ita
1694 400 1740 432 ut

171 457 223 497 ab
252 456 324 495 illa
351 455 556 495 removeri
586 462 657 496 aut
685 455 858 495 alienari
889 462 1079 507 nequeat.

223 523 335 573 Ergo
348 520 539 561 doctrina
556 521 739 560 Suaresii
763 528 801 560 et
824 520 1180 560 Scholasticorum
1201 527 1360 561 tantum
1382 521 1589 573 discrepat
1603 525 1732 574 pacto

169 587 334 635 sociali,
351 593 549 639 quantum
572 586 810 639 discrepant
831 587 1034 639 quadrata
1055 586 1254 633 rotundis,
1278 596 1348 626 aut
1369 587 1515 627 melius
1535 592 1733 639 quantum

177 651 399 690 affirmatio
428 665 453 690 a
482 651 706 702 negatione
737 650 918 689 dissidet.

223 715 285 754 61.
315 715 476 755 Satisfit
502 715 816 755 obiectionibus.
839 713 958 753 Dicet
978 712 1157 751 sortasse
1177 712 1336 763 aliquis:
1360 713 1556 752 Attamen
1580 713 1739 753 Suarez

175 784 215 819 et
244 779 494 819 Scholastici
514 780 555 818 in
576 779 790 819 societatis
809 779 969 831 origine
989 777 1239 829 explicanda
1259 777 1531 818 admittebant
1554 784 1736 830 pactum.

231 845 277 883 R.
306 844 557 896 Dz'stz'nyzco:
588 844 872 884 Admittebant
902 851 1066 895 pactum
1096 842 1265 889 sociale,
1297 843 1405 894 quod
1432 843 1567 894 ipsam
1602 845 1740 884 socie-

174 908 270 947 tatis
301 914 339 948 et
369 909 632 948 auctoritatis
661 915 852 948 naturam
883 907 1105 954 conderet,
1135 905 1480 958 quemadmodum
1517 908 1738 947 Rousseau

173 971 315 1019 voluit,
348 984 464 1023 7269oe
497 971 766 1011 admittebant
796 977 961 1023 pactum
993 983 1106 1009 mer-e
1120 969 1356 1022 politicam,
1379 969 1487 1022 quod
1509 970 1739 1009 subiectum

177 1037 394 1076 dumtaxat
422 1036 681 1076 auctoritatis
712 1036 1015 1082 determinaret,
1043 1042 1114 1074 aut
1147 1035 1282 1082 etiam,
1314 1035 1348 1073 si
1376 1036 1434 1074 ita
1454 1035 1563 1084 libet,
1587 1043 1736 1075 aucto-

174 1099 339 1140 ritatem
370 1100 451 1138 iam
482 1113 507 1138 a
534 1101 621 1138 Deo
652 1100 692 1139 vi
723 1106 896 1139 naturae
927 1105 1143 1150 acceptam
1173 1112 1225 1138 ex
1254 1112 1336 1138 uno
1358 1099 1544 1140 subiecto
1565 1100 1605 1138 in
1629 1100 1741 1139 aliud

175 1163 430 1210 transferret,
463 1163 654 1202 concedo.

227 1227 403 1267 Etiamsi
433 1228 778 1279 praescindamus
808 1228 859 1267 ab
889 1227 1082 1267 omnibus
1124 1226 1342 1274 absurdis,
1383 1240 1489 1279 quae
1520 1228 1743 1267 Rousseau

176 1303 279 1330 suae
310 1291 496 1331 theoriae
526 1292 780 1339 commiscet3
812 1305 976 1343 semper
1000 1298 1139 1331 tamen
1170 1296 1358 1329 remanet
1396 1289 1590 1328 immanis
1620 1290 1742 1329 diffe-

172 1358 310 1398 rentia
338 1358 443 1397 inter
473 1359 560 1398 eius
590 1369 757 1410 pactum
789 1365 827 1397 et
856 1365 1022 1410 pactum
1054 1357 1423 1398 Scholasticorum.
1443 1357 1550 1395 Nam
1572 1362 1737 1408 pactum

175 1421 427 1461 Rousseavii
456 1422 705 1473 respiciebat
735 1422 1023 1461 auctoritatem
1054 1422 1187 1474 ipsam
1226 1421 1394 1460 omnino
1439 1421 1742 1460 efformandam

176 1497 229 1524 ex
259 1498 421 1524 summa
450 1485 599 1524 iurium
630 1486 900 1538 singulorum,
930 1485 997 1537 qui
1026 1494 1177 1525 natura
1204 1498 1281 1524 sua
1311 1485 1444 1524 forent
1465 1496 1680 1536 segreges,
1706 1491 1744 1522 et

179 1550 347 1602 propria
363 1552 587 1599 voluntate,
610 1554 700 1591 sine
722 1552 806 1590 ulla
826 1551 1085 1591 ordinatione
1106 1558 1292 1598 naturae,
1315 1550 1443 1589 immo
1464 1556 1610 1589 contra
1631 1550 1742 1587 hanc

180 1615 495 1664 ordinationem,
526 1617 567 1654 in
599 1622 762 1656 coetum
793 1631 917 1655 unum
949 1617 1119 1656 coirent.
1153 1617 1332 1663 Contra,
1363 1622 1530 1667 pactum
1562 1616 1742 1655 Schola-

176 1680 387 1728 sticorum,
421 1672 635 1732 supposita
665 1680 844 1719 naturali
874 1681 1087 1719 hominum
1118 1680 1350 1719 socialitate
1380 1686 1419 1719 et
1448 1679 1610 1731 origine
1636 1684 1746 1730 pote—

180 1747 300 1786 statis
330 1760 355 1785 a
385 1748 487 1794 Deo,
517 1753 676 1785 tantum
701 1746 869 1798 respicit
890 1746 1276 1785 determinationem
1299 1744 1486 1793 subiecti,
1507 1744 1548 1783 in
1570 1758 1649 1796 quo
1671 1744 1742 1782 illa

178 1818 375 1851 concrete
405 1811 629 1858 subsistat,
659 1824 808 1863 nempe
837 1819 971 1850 utrum
1002 1811 1218 1850 retinenda
1246 1811 1299 1849 sit
1329 1811 1368 1849 in
1400 1810 1658 1849 multitudine
1688 1824 1741 1849 an

177 1875 220 1914 in
253 1875 548 1927 particularem
578 1887 801 1926 personam
834 1875 897 1913 vel
927 1874 1146 1926 collegium
1182 1874 1508 1913 transmittenda.
1541 1874 1678 1919 Quare
1702 1882 1745 1914 ut

179 1942 348 1981 nomine
378 1941 500 1980 etiam
533 1947 745 1991 separetur
775 1954 800 1979 a
830 1947 950 1993 pacto
981 1940 1244 1987 Rousseavii,
1279 1939 1475 1991 appellari
1497 1939 1646 1991 poterit
1668 1953 1744 1991 pa—

175 2012 286 2045 ctum
316 2018 399 2044 non
430 2006 588 2044 sociale
616 2005 689 2044 sed
712 2005 951 2057 politicum.

231 2071 420 2111 Instabit:
454 2071 606 2110 Saltem
640 2071 826 2110 doctrina
859 2069 1044 2110 Suaresii
1074 2069 1263 2109 dissentit
1293 2069 1343 2108 ab
1376 2082 1438 2115 ea,
1459 2082 1563 2121 quae
1593 2070 1633 2108 in
1666 2069 1744 2108 hoc

174 2136 280 2176 libro
311 2135 520 2188 explicata
549 2142 622 2176 est.

230 2201 280 2240 R.
313 2201 489 2240 Etiamsi
518 2200 554 2239 id
588 2201 776 2240 absolute
808 2201 999 2248 daretur,
1035 2199 1130 2251 quid
1169 2198 1350 2252 legitime
1389 2198 1529 2239 inferri
1566 2198 1742 2250 posset?

176 2267 299 2306 Certe
329 2266 370 2305 in
400 2265 731 2318 philosophando
763 2265 998 2305 auctoritati
1018 2264 1123 2303 ratio
1145 2264 1437 2315 anteponenda
1458 2272 1532 2303 est.
1551 2265 1743 2304 Ceterum

174 2329 458 2381 discrepantia
485 2330 593 2369 inter
621 2342 698 2368 nos
728 2335 768 2368 et
798 2328 1037 2368 Suaresium
1070 2340 1154 2366 non
1180 2333 1242 2366 est
1271 2333 1398 2373 tanta,
1429 2332 1625 2378 quantam
1656 2326 1744 2365 for-

169 2398 290 2432 tasse
321 2391 522 2431 obiiciens
552 2392 754 2444 opinatur.
788 2394 893 2431 Nam
924 2392 965 2430 in
994 2391 1137 2443 primis
1159 2404 1253 2430 cum
1276 2392 1471 2429 Suaresio
1493 2391 1615 2441 plane
1638 2403 1744 2429 con-

174 2458 378 2498 sentimus
409 2458 543 2509 quoad
572 2457 837 2497 reiiciendum
869 2463 1034 2509 pactum
1062 2456 1230 2504 sociale,
1261 2457 1302 2494 in
1333 2469 1460 2495 sensu
1480 2457 1742 2495 aRousseau

177 2521 349 2573 aliisque
378 2520 703 2572 protestantibus
724 2521 948 2559 adstructo.
970 2520 1129 2559 Deinde
1151 2519 1436 2559 consentimus
1457 2518 1580 2558 etiam
1601 2520 1736 2571 quoad

177 2585 379 2637 originem
410 2584 627 2636 potestatis
655 2597 681 2623 a
702 2585 802 2631 Deo,
825 2591 1034 2635 tamquam
1056 2583 1108 2622 ab
1129 2589 1298 2622 auctore
1318 2591 1505 2631 naturae;
1527 2589 1566 2622 et
1586 2596 1735 2622 recens

172 2655 450 2690 commentum
474 2649 664 2702 plebeiae
693 2649 927 2689 maiestatis
959 2649 1004 2700 (il
1032 2649 1181 2700 popolo
1211 2649 1414 2700 sovrano)
1444 2648 1551 2688 inter
1576 2648 1742 2687 fabulas

218 2769 268 2806 (1)
296 2778 311 2797 «
337 2769 530 2800 Translata
552 2770 734 2809 potestate
758 2768 788 2799 in
812 2776 946 2808 regem,
968 2777 1033 2808 per
1055 2767 1150 2798 illam
1164 2768 1269 2806 (t‘eoe)
1288 2766 1440 2798 efficitur
1457 2765 1622 2807 superior
1638 2766 1741 2797 etiam

172 2826 298 2858 regno,
321 2820 418 2858 quod
439 2819 534 2851 illam
558 2819 666 2857 dedit,·
692 2819 774 2859 quia
797 2820 916 2851 dando
940 2818 1034 2850 illam
1051 2827 1090 2850 se
1111 2817 1259 2850 subiecit
1272 2820 1307 2850 et
1323 2817 1431 2859 priori
1446 2816 1611 2850 libertate
1626 2816 1742 2857 priva-

174 2872 230 2904 vit.
257 2884 273 2903 »
296 2872 351 2904 De
374 2873 438 2914 ley.
463 2873 491 2911 1,
515 2874 543 2911 3,
566 2884 593 2905 c.
617 2874 647 2911 4,
669 2872 687 2914 ἓ
710 2875 737 2906 6.

257 2938 490 2971 LIBERATORE
510 2956 551 2961 —
568 2938 703 2972 Ethiea
728 2943 762 2972 et
784 2940 849 2972 Ius
871 2942 1037 2972 naturae
1621 2935 1661 2968 17
