<?xml version="1.0" encoding="UTF-8"?>
<!DOCTYPE html PUBLIC "-//W3C//DTD XHTML 1.0 Transitional//EN"
    "http://www.w3.org/TR/xhtml1/DTD/xhtml1-transitional.dtd">
<html xmlns="http://www.w3.org/1999/xhtml" xml:lang="en" lang="en">
 <head>
  <title>
</title>
<meta http-equiv="Content-Type" content="text/html;charset=utf-8" />
  <meta name='ocr-system' content='tesseract 3.04.00' />
  <meta name='ocr-capabilities' content='ocr_page ocr_carea ocr_par ocr_line ocrx_word'/>
</head>
<body>
  <div class='ocr_page' id='page_1' title='image "./institutioneseth00libe_0113.png"; bbox 0 0 1970 3203; ppageno 0'>
   <div class='ocr_carea' id='block_1_1' title="bbox 431 197 1732 237">
    <p class='ocr_par' dir='ltr' id='par_1_1' title="bbox 431 197 1732 237">
     <span class='ocr_line' id='line_1_1' title="bbox 431 197 1732 237; baseline 0.001 -1"><span class='ocrx_word' id='word_1_1' title='bbox 431 209 567 236; x_wconf 87' lang='lat' dir='ltr'><strong>CAPUT</strong></span> <span class='ocrx_word' id='word_1_2' title='bbox 595 208 646 236; x_wconf 82' lang='lat'>111.</span> <span class='ocrx_word' id='word_1_3' title='bbox 676 208 729 234; x_wconf 87' lang='lat' dir='ltr'>DE</span> <span class='ocrx_word' id='word_1_4' title='bbox 757 208 904 234; x_wconf 77' lang='lat' dir='ltr'>NORMA</span> <span class='ocrx_word' id='word_1_5' title='bbox 934 209 1211 235; x_wconf 82' lang='lat' dir='ltr'>OPERATIONIS</span> <span class='ocrx_word' id='word_1_6' title='bbox 1240 209 1446 235; x_wconf 88' lang='lat' dir='ltr'><strong>HUMANAE</strong></span> <span class='ocrx_word' id='word_1_7' title='bbox 1653 197 1732 237; x_wconf 79' lang='grc'>109</span> 
     </span>
    </p>
   </div>
   <div class='ocr_carea' id='block_1_2' title="bbox 157 286 1755 1959">
    <p class='ocr_par' dir='ltr' id='par_1_2' title="bbox 157 286 1744 1292">
     <span class='ocr_line' id='line_1_2' title="bbox 213 286 1738 339; baseline -0.003 -10"><span class='ocrx_word' id='word_1_8' title='bbox 213 290 301 330; x_wconf 89' lang='grc'><strong>110.</strong></span> <span class='ocrx_word' id='word_1_9' title='bbox 318 290 404 329; x_wconf 89' lang='lat' dir='ltr'>Duo</span> <span class='ocrx_word' id='word_1_10' title='bbox 426 288 703 329; x_wconf 81' lang='lat' dir='ltr'>consectaria.</span> <span class='ocrx_word' id='word_1_11' title='bbox 721 288 811 326; x_wconf 89' lang='lat' dir='ltr'>Duo</span> <span class='ocrx_word' id='word_1_12' title='bbox 832 287 928 328; x_wconf 88' lang='lat' dir='ltr'>hinc</span> <span class='ocrx_word' id='word_1_13' title='bbox 949 287 1070 327; x_wconf 85' lang='lat' dir='ltr'>facile</span> <span class='ocrx_word' id='word_1_14' title='bbox 1088 287 1388 339; x_wconf 82' lang='lat' dir='ltr'>intelliguntur.</span> <span class='ocrx_word' id='word_1_15' title='bbox 1414 286 1615 334; x_wconf 89' lang='lat' dir='ltr'>Primum,</span> <span class='ocrx_word' id='word_1_16' title='bbox 1637 300 1738 326; x_wconf 90' lang='lat' dir='ltr'>con-</span> 
     </span>
     <span class='ocr_line' id='line_1_3' title="bbox 157 352 1732 406; baseline -0.001 -11"><span class='ocrx_word' id='word_1_17' title='bbox 157 354 373 395; x_wconf 80' lang='lat' dir='ltr'>scientiam</span> <span class='ocrx_word' id='word_1_18' title='bbox 388 353 477 392; x_wconf 90' lang='lat' dir='ltr'>iure</span> <span class='ocrx_word' id='word_1_19' title='bbox 488 352 713 405; x_wconf 86' lang='lat' dir='ltr'>meritoque</span> <span class='ocrx_word' id='word_1_20' title='bbox 729 355 926 405; x_wconf 62' lang='lat' dir='ltr'>requiam</span> <span class='ocrx_word' id='word_1_21' title='bbox 936 354 1180 406; x_wconf 70' lang='lat' dir='ltr'>prooeimam</span> <span class='ocrx_word' id='word_1_22' title='bbox 1192 353 1406 393; x_wconf 88' lang='lat' dir='ltr'>actionum</span> <span class='ocrx_word' id='word_1_23' title='bbox 1420 353 1732 404; x_wconf 82' lang='lat' dir='ltr'>nuncupari(1).</span> 
     </span>
     <span class='ocr_line' id='line_1_4' title="bbox 160 415 1734 469; baseline -0.003 -10"><span class='ocrx_word' id='word_1_24' title='bbox 160 419 265 459; x_wconf 90' lang='lat' dir='ltr'>Nam</span> <span class='ocrx_word' id='word_1_25' title='bbox 294 418 364 457; x_wconf 82' lang='lat' dir='ltr'>lex</span> <span class='ocrx_word' id='word_1_26' title='bbox 393 429 531 456; x_wconf 89' lang='lat' dir='ltr'>mores</span> <span class='ocrx_word' id='word_1_27' title='bbox 559 416 738 468; x_wconf 89' lang='lat' dir='ltr'>dirigere</span> <span class='ocrx_word' id='word_1_28' title='bbox 768 417 918 469; x_wconf 87' lang='lat' dir='ltr'>nequit,</span> <span class='ocrx_word' id='word_1_29' title='bbox 947 416 1026 456; x_wconf 89' lang='lat' dir='ltr'>nisi</span> <span class='ocrx_word' id='word_1_30' title='bbox 1055 424 1258 468; x_wconf 85' lang='lat' dir='ltr'>quatenus</span> <span class='ocrx_word' id='word_1_31' title='bbox 1290 416 1474 469; x_wconf 87' lang='lat' dir='ltr'>singulis</span> <span class='ocrx_word' id='word_1_32' title='bbox 1497 415 1734 456; x_wconf 81' lang='lat' dir='ltr'>actionibus</span> 
     </span>
     <span class='ocr_line' id='line_1_5' title="bbox 158 479 1738 535; baseline -0.003 -13"><span class='ocrx_word' id='word_1_33' title='bbox 158 481 397 535; x_wconf 77' lang='lat' dir='ltr'>applicetur.</span> <span class='ocrx_word' id='word_1_34' title='bbox 429 481 475 520; x_wconf 91' lang='lat' dir='ltr'>Id</span> <span class='ocrx_word' id='word_1_35' title='bbox 504 487 641 521; x_wconf 91' lang='lat' dir='ltr'>autem</span> <span class='ocrx_word' id='word_1_36' title='bbox 670 482 716 520; x_wconf 89' lang='lat' dir='ltr'>fit</span> <span class='ocrx_word' id='word_1_37' title='bbox 744 494 821 532; x_wconf 90' lang='lat' dir='ltr'>ope</span> <span class='ocrx_word' id='word_1_38' title='bbox 842 479 1139 527; x_wconf 85' lang='lat' dir='ltr'>conscientiae,</span> <span class='ocrx_word' id='word_1_39' title='bbox 1160 493 1266 532; x_wconf 90' lang='lat' dir='ltr'>quae</span> <span class='ocrx_word' id='word_1_40' title='bbox 1287 481 1445 520; x_wconf 87' lang='lat' dir='ltr'>virtute</span> <span class='ocrx_word' id='word_1_41' title='bbox 1466 479 1571 533; x_wconf 89' lang='lat' dir='ltr'>legis</span> <span class='ocrx_word' id='word_1_42' title='bbox 1595 491 1738 531; x_wconf 89' lang='lat' dir='ltr'>opera-</span> 
     </span>
     <span class='ocr_line' id='line_1_6' title="bbox 157 543 1737 596; baseline -0.004 -9"><span class='ocrx_word' id='word_1_43' title='bbox 157 546 310 587; x_wconf 83' lang='lat' dir='ltr'>tionem</span> <span class='ocrx_word' id='word_1_44' title='bbox 331 548 580 586; x_wconf 81' lang='lat' dir='ltr'>mode&#39;ratur.</span> <span class='ocrx_word' id='word_1_45' title='bbox 602 545 741 592; x_wconf 81' lang='lat' dir='ltr'>Quare</span> <span class='ocrx_word' id='word_1_46' title='bbox 762 545 843 593; x_wconf 88' lang='lat' dir='ltr'>lex,</span> <span class='ocrx_word' id='word_1_47' title='bbox 866 545 906 584; x_wconf 92' lang='lat' dir='ltr'>in</span> <span class='ocrx_word' id='word_1_48' title='bbox 931 557 977 584; x_wconf 91' lang='lat' dir='ltr'>se</span> <span class='ocrx_word' id='word_1_49' title='bbox 998 543 1199 595; x_wconf 88' lang='lat' dir='ltr'>inspecta,</span> <span class='ocrx_word' id='word_1_50' title='bbox 1223 545 1373 596; x_wconf 85' lang='lat' dir='ltr'>regula</span> <span class='ocrx_word' id='word_1_51' title='bbox 1406 550 1470 584; x_wconf 90' lang='lat' dir='ltr'>est</span> <span class='ocrx_word' id='word_1_52' title='bbox 1501 545 1666 583; x_wconf 82' lang='lat' dir='ltr'>remota</span> <span class='ocrx_word' id='word_1_53' title='bbox 1696 548 1737 581; x_wconf 88' lang='lat' dir='ltr'>et</span> 
     </span>
     <span class='ocr_line' id='line_1_7' title="bbox 159 607 1739 662; baseline -0.003 -13"><span class='ocrx_word' id='word_1_54' title='bbox 159 615 203 650; x_wconf 91' lang='lat' dir='ltr'>ut</span> <span class='ocrx_word' id='word_1_55' title='bbox 222 610 281 649; x_wconf 89' lang='lat' dir='ltr'>ita</span> <span class='ocrx_word' id='word_1_56' title='bbox 300 609 448 657; x_wconf 89' lang='lat' dir='ltr'>dicam,</span> <span class='ocrx_word' id='word_1_57' title='bbox 471 609 512 648; x_wconf 91' lang='lat' dir='ltr'>in</span> <span class='ocrx_word' id='word_1_58' title='bbox 535 612 634 649; x_wconf 81' lang='lat' dir='ltr'>acta</span> <span class='ocrx_word' id='word_1_59' title='bbox 646 609 806 662; x_wconf 71' lang='lat' dir='ltr'>primo.</span> <span class='ocrx_word' id='word_1_60' title='bbox 831 607 1100 648; x_wconf 81' lang='lat' dir='ltr'>Conscientia</span> <span class='ocrx_word' id='word_1_61' title='bbox 1118 620 1230 654; x_wconf 90' lang='lat' dir='ltr'>vero,</span> <span class='ocrx_word' id='word_1_62' title='bbox 1252 621 1328 647; x_wconf 91' lang='lat' dir='ltr'>seu</span> <span class='ocrx_word' id='word_1_63' title='bbox 1342 610 1413 647; x_wconf 83' lang='lat' dir='ltr'>lex</span> <span class='ocrx_word' id='word_1_64' title='bbox 1430 607 1640 660; x_wconf 87' lang='lat' dir='ltr'>applicata</span> <span class='ocrx_word' id='word_1_65' title='bbox 1654 618 1739 645; x_wconf 90' lang='lat' dir='ltr'>mo-</span> 
     </span>
     <span class='ocr_line' id='line_1_8' title="bbox 160 669 1731 725; baseline -0.003 -12"><span class='ocrx_word' id='word_1_66' title='bbox 160 673 278 713; x_wconf 90' lang='lat' dir='ltr'>ribus</span> <span class='ocrx_word' id='word_1_67' title='bbox 299 672 536 724; x_wconf 82' lang='lat' dir='ltr'>dirigendis,</span> <span class='ocrx_word' id='word_1_68' title='bbox 557 673 702 724; x_wconf 87' lang='lat' dir='ltr'>regula</span> <span class='ocrx_word' id='word_1_69' title='bbox 722 672 1003 725; x_wconf 68' lang='lat' dir='ltr'>estproxima</span> <span class='ocrx_word' id='word_1_70' title='bbox 1025 678 1065 711; x_wconf 90' lang='lat' dir='ltr'>et</span> <span class='ocrx_word' id='word_1_71' title='bbox 1084 678 1128 711; x_wconf 91' lang='lat' dir='ltr'>ut</span> <span class='ocrx_word' id='word_1_72' title='bbox 1149 671 1297 719; x_wconf 90' lang='lat' dir='ltr'>dicam,</span> <span class='ocrx_word' id='word_1_73' title='bbox 1330 673 1371 712; x_wconf 93' lang='lat' dir='ltr'>in</span> <span class='ocrx_word' id='word_1_74' title='bbox 1405 675 1504 711; x_wconf 82' lang='lat' dir='ltr'>acta</span> <span class='ocrx_word' id='word_1_75' title='bbox 1535 669 1731 711; x_wconf 81' lang='lat' dir='ltr'>secando.</span> 
     </span>
     <span class='ocr_line' id='line_1_9' title="bbox 164 733 1738 788; baseline -0.003 -12"><span class='ocrx_word' id='word_1_76' title='bbox 164 737 352 776; x_wconf 88' lang='lat' dir='ltr'>Alterum</span> <span class='ocrx_word' id='word_1_77' title='bbox 374 742 447 783; x_wconf 89' lang='lat' dir='ltr'>est,</span> <span class='ocrx_word' id='word_1_78' title='bbox 478 735 780 776; x_wconf 85' lang='lat' dir='ltr'>conscientiam</span> <span class='ocrx_word' id='word_1_79' title='bbox 810 736 1128 776; x_wconf 83' lang='lat' dir='ltr'>ratiocinatione</span> <span class='ocrx_word' id='word_1_80' title='bbox 1157 749 1325 788; x_wconf 82' lang='lat' dir='ltr'>semper</span> <span class='ocrx_word' id='word_1_81' title='bbox 1355 736 1494 788; x_wconf 90' lang='lat' dir='ltr'>aliqua</span> <span class='ocrx_word' id='word_1_82' title='bbox 1523 733 1738 774; x_wconf 82' lang='lat' dir='ltr'>contineri.</span> 
     </span>
     <span class='ocr_line' id='line_1_10' title="bbox 169 792 1740 852; baseline -0.002 -12"><span class='ocrx_word' id='word_1_83' title='bbox 169 801 337 840; x_wconf 87' lang='lat' dir='ltr'>Revera</span> <span class='ocrx_word' id='word_1_84' title='bbox 357 799 467 838; x_wconf 91' lang='lat' dir='ltr'>enim</span> <span class='ocrx_word' id='word_1_85' title='bbox 488 799 636 851; x_wconf 85' lang='lat' dir='ltr'>triplex</span> <span class='ocrx_word' id='word_1_86' title='bbox 656 799 854 839; x_wconf 89' lang='lat' dir='ltr'>iudicium</span> <span class='ocrx_word' id='word_1_87' title='bbox 870 800 1016 851; x_wconf 85' lang='lat' dir='ltr'>poscit:</span> <span class='ocrx_word' id='word_1_88' title='bbox 1041 799 1184 852; x_wconf 87' lang='lat' dir='ltr'>primo,</span> <span class='ocrx_word' id='word_1_89' title='bbox 1206 805 1475 852; x_wconf 88' lang='lat' dir='ltr'>praeceptum</span> <span class='ocrx_word' id='word_1_90' title='bbox 1498 792 1663 850; x_wconf 78' lang='lat' dir='ltr'>aliquod</span> <span class='ocrx_word' id='word_1_91' title='bbox 1685 797 1740 837; x_wconf 91' lang='lat' dir='ltr'>le-</span> 
     </span>
     <span class='ocr_line' id='line_1_11' title="bbox 168 864 1740 919; baseline -0.001 -15"><span class='ocrx_word' id='word_1_92' title='bbox 168 865 233 918; x_wconf 88' lang='lat' dir='ltr'>gis</span> <span class='ocrx_word' id='word_1_93' title='bbox 253 865 362 917; x_wconf 93' lang='lat' dir='ltr'>quod</span> <span class='ocrx_word' id='word_1_94' title='bbox 382 878 551 905; x_wconf 88' lang='lat' dir='ltr'>munere</span> <span class='ocrx_word' id='word_1_95' title='bbox 583 866 766 906; x_wconf 76' lang='lat' dir='ltr'>maioris</span> <span class='ocrx_word' id='word_1_96' title='bbox 794 866 1025 919; x_wconf 81' lang='lat' dir='ltr'>syllogismi</span> <span class='ocrx_word' id='word_1_97' title='bbox 1056 866 1272 905; x_wconf 88' lang='lat' dir='ltr'>cuiusdam</span> <span class='ocrx_word' id='word_1_98' title='bbox 1302 865 1510 918; x_wconf 87' lang='lat' dir='ltr'>fungatur;</span> <span class='ocrx_word' id='word_1_99' title='bbox 1541 864 1740 910; x_wconf 80' lang='lat' dir='ltr'>secundo,</span> 
     </span>
     <span class='ocr_line' id='line_1_12' title="bbox 171 927 1742 983; baseline -0.001 -15"><span class='ocrx_word' id='word_1_100' title='bbox 171 935 310 968; x_wconf 87' lang='lat' dir='ltr'>actum</span> <span class='ocrx_word' id='word_1_101' title='bbox 333 929 511 981; x_wconf 86' lang='lat' dir='ltr'>aliquem</span> <span class='ocrx_word' id='word_1_102' title='bbox 533 931 712 981; x_wconf 91' lang='lat' dir='ltr'>positum</span> <span class='ocrx_word' id='word_1_103' title='bbox 734 931 798 970; x_wconf 83' lang='lat' dir='ltr'>vel</span> <span class='ocrx_word' id='word_1_104' title='bbox 821 931 1069 983; x_wconf 88' lang='lat' dir='ltr'>ponendum,</span> <span class='ocrx_word' id='word_1_105' title='bbox 1100 930 1210 982; x_wconf 91' lang='lat' dir='ltr'>quod</span> <span class='ocrx_word' id='word_1_106' title='bbox 1232 930 1366 969; x_wconf 79' lang='lat' dir='ltr'>vicem</span> <span class='ocrx_word' id='word_1_107' title='bbox 1395 935 1516 982; x_wconf 83' lang='lat' dir='ltr'>gerat</span> <span class='ocrx_word' id='word_1_108' title='bbox 1548 927 1742 975; x_wconf 58' lang='lat' dir='ltr'>minor-ia,</span> 
     </span>
     <span class='ocr_line' id='line_1_13' title="bbox 168 992 1743 1047; baseline -0.003 -13"><span class='ocrx_word' id='word_1_109' title='bbox 168 994 289 1034; x_wconf 86' lang='lat' dir='ltr'>tertio</span> <span class='ocrx_word' id='word_1_110' title='bbox 311 994 558 1034; x_wconf 86' lang='lat' dir='ltr'>sententiam</span> <span class='ocrx_word' id='word_1_111' title='bbox 582 995 631 1034; x_wconf 91' lang='lat' dir='ltr'>de</span> <span class='ocrx_word' id='word_1_112' title='bbox 652 995 740 1035; x_wconf 86' lang='lat' dir='ltr'>eius</span> <span class='ocrx_word' id='word_1_113' title='bbox 761 996 993 1035; x_wconf 86' lang='lat' dir='ltr'>moralitate</span> <span class='ocrx_word' id='word_1_114' title='bbox 1015 995 1231 1047; x_wconf 84' lang='lat' dir='ltr'>prolatam,</span> <span class='ocrx_word' id='word_1_115' title='bbox 1248 1007 1354 1046; x_wconf 92' lang='lat' dir='ltr'>quae</span> <span class='ocrx_word' id='word_1_116' title='bbox 1370 994 1422 1033; x_wconf 89' lang='lat' dir='ltr'>sit</span> <span class='ocrx_word' id='word_1_117' title='bbox 1442 992 1743 1045; x_wconf 74' lang='lat' dir='ltr'>consequentia</span> 
     </span>
     <span class='ocr_line' id='line_1_14' title="bbox 171 1053 1742 1111; baseline -0.002 -13"><span class='ocrx_word' id='word_1_118' title='bbox 171 1071 315 1098; x_wconf 90' lang='lat' dir='ltr'>earum</span> <span class='ocrx_word' id='word_1_119' title='bbox 337 1059 512 1097; x_wconf 89' lang='lat' dir='ltr'>duarum</span> <span class='ocrx_word' id='word_1_120' title='bbox 535 1059 872 1111; x_wconf 87' lang='lat' dir='ltr'>praemissarum.</span> <span class='ocrx_word' id='word_1_121' title='bbox 894 1060 1098 1111; x_wconf 84' lang='lat' dir='ltr'>Exemplo</span> <span class='ocrx_word' id='word_1_122' title='bbox 1119 1059 1172 1098; x_wconf 89' lang='lat' dir='ltr'>sit</span> <span class='ocrx_word' id='word_1_123' title='bbox 1192 1053 1354 1111; x_wconf 84' lang='lat' dir='ltr'>aliquis,</span> <span class='ocrx_word' id='word_1_124' title='bbox 1377 1059 1444 1111; x_wconf 91' lang='lat' dir='ltr'>qui</span> <span class='ocrx_word' id='word_1_125' title='bbox 1475 1058 1535 1098; x_wconf 90' lang='lat' dir='ltr'>sic</span> <span class='ocrx_word' id='word_1_126' title='bbox 1557 1056 1667 1109; x_wconf 89' lang='lat' dir='ltr'>apud</span> <span class='ocrx_word' id='word_1_127' title='bbox 1696 1069 1742 1096; x_wconf 89' lang='lat' dir='ltr'>se</span> 
     </span>
     <span class='ocr_line' id='line_1_15' title="bbox 168 1120 1744 1174; baseline -0.002 -13"><span class='ocrx_word' id='word_1_128' title='bbox 168 1121 452 1163; x_wconf 84' lang='lat' dir='ltr'>ratiocinetur:</span> <span class='ocrx_word' id='word_1_129' title='bbox 477 1123 732 1162; x_wconf 73' lang='lat' dir='ltr'>Proximam</span> <span class='ocrx_word' id='word_1_130' title='bbox 751 1123 919 1163; x_wconf 78' lang='lat' dir='ltr'>laedere</span> <span class='ocrx_word' id='word_1_131' title='bbox 935 1136 1019 1161; x_wconf 88' lang='lat' dir='ltr'>non</span> <span class='ocrx_word' id='word_1_132' title='bbox 1036 1124 1142 1171; x_wconf 80' lang='lat' dir='ltr'>ticet3</span> <span class='ocrx_word' id='word_1_133' title='bbox 1161 1123 1234 1162; x_wconf 77' lang='lat' dir='ltr'>sed</span> <span class='ocrx_word' id='word_1_134' title='bbox 1248 1124 1352 1162; x_wconf 81' lang='lat' dir='ltr'>haec</span> <span class='ocrx_word' id='word_1_135' title='bbox 1371 1122 1481 1161; x_wconf 85' lang='lat' dir='ltr'>actio</span> <span class='ocrx_word' id='word_1_136' title='bbox 1496 1120 1744 1174; x_wconf 73' lang='lat' dir='ltr'>proximum</span> 
     </span>
     <span class='ocr_line' id='line_1_16' title="bbox 171 1185 1744 1238; baseline -0.003 -12"><span class='ocrx_word' id='word_1_137' title='bbox 171 1187 319 1226; x_wconf 83' lang='lat' dir='ltr'>laedit:</span> <span class='ocrx_word' id='word_1_138' title='bbox 342 1199 443 1238; x_wconf 70' lang='lat' dir='ltr'>eryo</span> <span class='ocrx_word' id='word_1_139' title='bbox 466 1200 559 1226; x_wconf 83' lang='lat' dir='ltr'>eam</span> <span class='ocrx_word' id='word_1_140' title='bbox 567 1188 723 1238; x_wconf 75' lang='lat' dir='ltr'>facere</span> <span class='ocrx_word' id='word_1_141' title='bbox 743 1200 827 1226; x_wconf 86' lang='lat' dir='ltr'>non</span> <span class='ocrx_word' id='word_1_142' title='bbox 850 1187 955 1226; x_wconf 82' lang='lat' dir='ltr'>licet.</span> <span class='ocrx_word' id='word_1_143' title='bbox 978 1187 1096 1226; x_wconf 89' lang='lat' dir='ltr'>Haec</span> <span class='ocrx_word' id='word_1_144' title='bbox 1117 1186 1246 1226; x_wconf 86' lang='lat' dir='ltr'>illatio</span> <span class='ocrx_word' id='word_1_145' title='bbox 1279 1186 1493 1226; x_wconf 77' lang='lat' dir='ltr'>dictamen</span> <span class='ocrx_word' id='word_1_146' title='bbox 1524 1185 1744 1223; x_wconf 82' lang='lat' dir='ltr'>conscien-</span> 
     </span>
     <span class='ocr_line' id='line_1_17' title="bbox 171 1253 471 1292; baseline 0.003 -2"><span class='ocrx_word' id='word_1_147' title='bbox 171 1253 256 1292; x_wconf 84' lang='lat' dir='ltr'>tiae</span> <span class='ocrx_word' id='word_1_148' title='bbox 284 1260 471 1291; x_wconf 85' lang='lat' dir='ltr'>vocatur.</span> 
     </span>
    </p>

    <p class='ocr_par' dir='ltr' id='par_1_3' title="bbox 172 1313 1751 1696">
     <span class='ocr_line' id='line_1_18' title="bbox 228 1313 1746 1369; baseline -0.003 -13"><span class='ocrx_word' id='word_1_149' title='bbox 228 1319 318 1357; x_wconf 86' lang='lat'>111.</span> <span class='ocrx_word' id='word_1_150' title='bbox 339 1317 529 1358; x_wconf 84' lang='lat' dir='ltr'>Partitio.</span> <span class='ocrx_word' id='word_1_151' title='bbox 552 1316 833 1366; x_wconf 88' lang='lat' dir='ltr'>Conscientia;</span> <span class='ocrx_word' id='word_1_152' title='bbox 855 1324 899 1356; x_wconf 92' lang='lat' dir='ltr'>ut</span> <span class='ocrx_word' id='word_1_153' title='bbox 918 1330 971 1357; x_wconf 85' lang='lat' dir='ltr'>ex</span> <span class='ocrx_word' id='word_1_154' title='bbox 992 1317 1113 1357; x_wconf 88' lang='lat' dir='ltr'>dictis</span> <span class='ocrx_word' id='word_1_155' title='bbox 1134 1324 1320 1369; x_wconf 90' lang='lat' dir='ltr'>apparet,</span> <span class='ocrx_word' id='word_1_156' title='bbox 1352 1315 1516 1369; x_wconf 90' lang='lat' dir='ltr'>proprie</span> <span class='ocrx_word' id='word_1_157' title='bbox 1551 1313 1746 1366; x_wconf 84' lang='lat' dir='ltr'>exprimit</span> 
     </span>
     <span class='ocr_line' id='line_1_19' title="bbox 175 1380 1749 1435; baseline -0.002 -14"><span class='ocrx_word' id='word_1_158' title='bbox 175 1388 327 1422; x_wconf 87' lang='lat' dir='ltr'>actum.</span> <span class='ocrx_word' id='word_1_159' title='bbox 351 1382 551 1422; x_wconf 87' lang='lat' dir='ltr'>Consistit</span> <span class='ocrx_word' id='word_1_160' title='bbox 571 1381 680 1422; x_wconf 92' lang='lat' dir='ltr'>enim</span> <span class='ocrx_word' id='word_1_161' title='bbox 701 1382 743 1421; x_wconf 89' lang='lat' dir='ltr'>in</span> <span class='ocrx_word' id='word_1_162' title='bbox 764 1383 1042 1435; x_wconf 87' lang='lat' dir='ltr'>applicatione</span> <span class='ocrx_word' id='word_1_163' title='bbox 1058 1382 1355 1435; x_wconf 88' lang='lat' dir='ltr'>principiorum</span> <span class='ocrx_word' id='word_1_164' title='bbox 1372 1381 1592 1422; x_wconf 83' lang='lat' dir='ltr'>moralium</span> <span class='ocrx_word' id='word_1_165' title='bbox 1614 1380 1667 1419; x_wconf 89' lang='lat' dir='ltr'>ad</span> <span class='ocrx_word' id='word_1_166' title='bbox 1683 1391 1749 1432; x_wconf 86' lang='lat' dir='ltr'>pe-</span> 
     </span>
     <span class='ocr_line' id='line_1_20' title="bbox 172 1446 1749 1500; baseline -0.002 -13"><span class='ocrx_word' id='word_1_167' title='bbox 172 1447 371 1487; x_wconf 90' lang='lat' dir='ltr'>culiarem</span> <span class='ocrx_word' id='word_1_168' title='bbox 388 1449 609 1496; x_wconf 87' lang='lat' dir='ltr'>actionem;</span> <span class='ocrx_word' id='word_1_169' title='bbox 627 1448 849 1500; x_wconf 89' lang='lat' dir='ltr'>applicatio</span> <span class='ocrx_word' id='word_1_170' title='bbox 866 1454 1004 1488; x_wconf 88' lang='lat' dir='ltr'>autem</span> <span class='ocrx_word' id='word_1_171' title='bbox 1021 1448 1256 1488; x_wconf 88' lang='lat' dir='ltr'>huiusmodi</span> <span class='ocrx_word' id='word_1_172' title='bbox 1275 1449 1500 1489; x_wconf 88' lang='lat' dir='ltr'>dictamine</span> <span class='ocrx_word' id='word_1_173' title='bbox 1517 1446 1680 1494; x_wconf 76' lang='lat' dir='ltr'>mentis,</span> <span class='ocrx_word' id='word_1_174' title='bbox 1697 1458 1749 1484; x_wconf 90' lang='lat' dir='ltr'>ac</span> 
     </span>
     <span class='ocr_line' id='line_1_21' title="bbox 173 1509 1748 1563; baseline -0.002 -14"><span class='ocrx_word' id='word_1_175' title='bbox 173 1510 346 1563; x_wconf 89' lang='lat' dir='ltr'>proinde</span> <span class='ocrx_word' id='word_1_176' title='bbox 364 1519 472 1558; x_wconf 80' lang='lat' dir='ltr'>actu,</span> <span class='ocrx_word' id='word_1_177' title='bbox 493 1511 737 1550; x_wconf 82' lang='lat' dir='ltr'>continetur.</span> <span class='ocrx_word' id='word_1_178' title='bbox 760 1511 1038 1551; x_wconf 89' lang='lat' dir='ltr'>Nihilominus</span> <span class='ocrx_word' id='word_1_179' title='bbox 1066 1525 1219 1552; x_wconf 88' lang='lat' dir='ltr'>nomen</span> <span class='ocrx_word' id='word_1_180' title='bbox 1241 1512 1524 1552; x_wconf 89' lang='lat' dir='ltr'>conscientiae</span> <span class='ocrx_word' id='word_1_181' title='bbox 1547 1511 1652 1550; x_wconf 90' lang='lat' dir='ltr'>solet</span> <span class='ocrx_word' id='word_1_182' title='bbox 1680 1509 1748 1547; x_wconf 87' lang='lat' dir='ltr'>in-</span> 
     </span>
     <span class='ocr_line' id='line_1_22' title="bbox 175 1576 1750 1630; baseline -0.002 -14"><span class='ocrx_word' id='word_1_183' title='bbox 175 1578 334 1616; x_wconf 89' lang='lat' dir='ltr'>terdum</span> <span class='ocrx_word' id='word_1_184' title='bbox 358 1576 482 1615; x_wconf 85' lang='lat' dir='ltr'>etiam</span> <span class='ocrx_word' id='word_1_185' title='bbox 503 1577 626 1616; x_wconf 87' lang='lat' dir='ltr'>tribui</span> <span class='ocrx_word' id='word_1_186' title='bbox 644 1577 722 1629; x_wconf 91' lang='lat' dir='ltr'>ipsi</span> <span class='ocrx_word' id='word_1_187' title='bbox 743 1577 904 1618; x_wconf 89' lang='lat' dir='ltr'>habitui</span> <span class='ocrx_word' id='word_1_188' title='bbox 919 1579 1098 1617; x_wconf 87' lang='lat' dir='ltr'>naturali</span> <span class='ocrx_word' id='word_1_189' title='bbox 1114 1578 1276 1617; x_wconf 87' lang='lat' dir='ltr'>illorum</span> <span class='ocrx_word' id='word_1_190' title='bbox 1294 1577 1600 1630; x_wconf 83' lang='lat' dir='ltr'>principiorum,</span> <span class='ocrx_word' id='word_1_191' title='bbox 1623 1588 1648 1613; x_wconf 90' lang='lat' dir='ltr'>a</span> <span class='ocrx_word' id='word_1_192' title='bbox 1669 1587 1750 1626; x_wconf 90' lang='lat' dir='ltr'>quo</span> 
     </span>
     <span class='ocr_line' id='line_1_23' title="bbox 175 1641 1751 1696; baseline -0.004 -13"><span class='ocrx_word' id='word_1_193' title='bbox 175 1643 360 1696; x_wconf 85' lang='lat' dir='ltr'>procedit</span> <span class='ocrx_word' id='word_1_194' title='bbox 372 1649 580 1694; x_wconf 78' lang='lat' dir='ltr'>tamquam</span> <span class='ocrx_word' id='word_1_195' title='bbox 593 1655 618 1680; x_wconf 87' lang='lat' dir='ltr'>a</span> <span class='ocrx_word' id='word_1_196' title='bbox 629 1651 817 1691; x_wconf 87' lang='lat' dir='ltr'>causa‚et</span> <span class='ocrx_word' id='word_1_197' title='bbox 827 1643 893 1694; x_wconf 91' lang='lat' dir='ltr'>qui</span> <span class='ocrx_word' id='word_1_198' title='bbox 906 1643 1070 1695; x_wconf 90' lang='lat' dir='ltr'>proprio</span> <span class='ocrx_word' id='word_1_199' title='bbox 1079 1644 1245 1683; x_wconf 90' lang='lat' dir='ltr'>nomine</span> <span class='ocrx_word' id='word_1_200' title='bbox 1255 1644 1484 1696; x_wconf 85' lang='lat' dir='ltr'>appellatur</span> <span class='ocrx_word' id='word_1_201' title='bbox 1493 1641 1751 1694; x_wconf 71' lang='lat' dir='ltr'>synderesis.</span> 
     </span>
    </p>

    <p class='ocr_par' dir='ltr' id='par_1_4' title="bbox 175 1708 1755 1959">
     <span class='ocr_line' id='line_1_24' title="bbox 229 1708 1750 1762; baseline -0.002 -14"><span class='ocrx_word' id='word_1_202' title='bbox 229 1708 433 1756; x_wconf 81' lang='lat' dir='ltr'>Quoniam</span> <span class='ocrx_word' id='word_1_203' title='bbox 454 1721 553 1747; x_wconf 88' lang='lat' dir='ltr'>vero</span> <span class='ocrx_word' id='word_1_204' title='bbox 574 1708 775 1760; x_wconf 87' lang='lat' dir='ltr'>principia</span> <span class='ocrx_word' id='word_1_205' title='bbox 794 1708 865 1748; x_wconf 91' lang='lat' dir='ltr'>illa</span> <span class='ocrx_word' id='word_1_206' title='bbox 879 1709 1054 1748; x_wconf 89' lang='lat' dir='ltr'>moralia</span> <span class='ocrx_word' id='word_1_207' title='bbox 1069 1709 1267 1762; x_wconf 87' lang='lat' dir='ltr'>applicari</span> <span class='ocrx_word' id='word_1_208' title='bbox 1284 1716 1458 1761; x_wconf 87' lang='lat' dir='ltr'>possunt</span> <span class='ocrx_word' id='word_1_209' title='bbox 1486 1708 1609 1756; x_wconf 85' lang='lat' dir='ltr'>actui,</span> <span class='ocrx_word' id='word_1_210' title='bbox 1627 1719 1750 1759; x_wconf 90' lang='lat' dir='ltr'>quem</span> 
     </span>
     <span class='ocr_line' id='line_1_25' title="bbox 175 1773 1755 1823; baseline -0.001 -9"><span class='ocrx_word' id='word_1_211' title='bbox 175 1775 300 1814; x_wconf 92' lang='lat' dir='ltr'>homo</span> <span class='ocrx_word' id='word_1_212' title='bbox 320 1775 385 1813; x_wconf 88' lang='lat' dir='ltr'>vel</span> <span class='ocrx_word' id='word_1_213' title='bbox 406 1773 591 1813; x_wconf 84' lang='lat' dir='ltr'>facturus</span> <span class='ocrx_word' id='word_1_214' title='bbox 611 1781 674 1813; x_wconf 91' lang='lat' dir='ltr'>est</span> <span class='ocrx_word' id='word_1_215' title='bbox 696 1775 759 1814; x_wconf 88' lang='lat' dir='ltr'>vel</span> <span class='ocrx_word' id='word_1_216' title='bbox 779 1774 888 1823; x_wconf 84' lang='lat' dir='ltr'>fecit;</span> <span class='ocrx_word' id='word_1_217' title='bbox 910 1774 1007 1814; x_wconf 87' lang='lat' dir='ltr'>hinc</span> <span class='ocrx_word' id='word_1_218' title='bbox 1028 1774 1288 1815; x_wconf 88' lang='lat' dir='ltr'>conscientia</span> <span class='ocrx_word' id='word_1_219' title='bbox 1317 1775 1510 1815; x_wconf 88' lang='lat' dir='ltr'>dividitur</span> <span class='ocrx_word' id='word_1_220' title='bbox 1530 1776 1572 1813; x_wconf 90' lang='lat' dir='ltr'>in</span> <span class='ocrx_word' id='word_1_221' title='bbox 1594 1777 1755 1812; x_wconf 84' lang='lat' dir='ltr'>antece-</span> 
     </span>
     <span class='ocr_line' id='line_1_26' title="bbox 176 1839 1755 1892; baseline -0.003 -11"><span class='ocrx_word' id='word_1_222' title='bbox 176 1841 340 1880; x_wconf 81' lang='lat' dir='ltr'>dentem</span> <span class='ocrx_word' id='word_1_223' title='bbox 361 1846 401 1879; x_wconf 88' lang='lat' dir='ltr'>et</span> <span class='ocrx_word' id='word_1_224' title='bbox 421 1844 754 1892; x_wconf 73' lang='lat' dir='ltr'>consequentem.</span> <span class='ocrx_word' id='word_1_225' title='bbox 776 1840 1045 1880; x_wconf 86' lang='lat' dir='ltr'>Conscientia</span> <span class='ocrx_word' id='word_1_226' title='bbox 1061 1841 1310 1880; x_wconf 78' lang='lat' dir='ltr'>antecedens</span> <span class='ocrx_word' id='word_1_227' title='bbox 1328 1848 1391 1880; x_wconf 83' lang='lat' dir='ltr'>est</span> <span class='ocrx_word' id='word_1_228' title='bbox 1408 1841 1629 1887; x_wconf 84' lang='lat' dir='ltr'>dictamen,</span> <span class='ocrx_word' id='word_1_229' title='bbox 1646 1839 1755 1891; x_wconf 89' lang='lat' dir='ltr'>quod</span> 
     </span>
     <span class='ocr_line' id='line_1_27' title="bbox 176 1904 1754 1959; baseline -0.003 -13"><span class='ocrx_word' id='word_1_230' title='bbox 176 1906 345 1959; x_wconf 87' lang='lat' dir='ltr'>respicit</span> <span class='ocrx_word' id='word_1_231' title='bbox 365 1912 503 1945; x_wconf 89' lang='lat' dir='ltr'>actum</span> <span class='ocrx_word' id='word_1_232' title='bbox 525 1905 761 1957; x_wconf 86' lang='lat' dir='ltr'>ponendum</span> <span class='ocrx_word' id='word_1_233' title='bbox 783 1907 847 1945; x_wconf 73' lang='lat' dir='ltr'>vel</span> <span class='ocrx_word' id='word_1_234' title='bbox 868 1906 1152 1956; x_wconf 69' lang='lat' dir='ltr'>omittendum5</span> <span class='ocrx_word' id='word_1_235' title='bbox 1175 1920 1305 1959; x_wconf 90' lang='lat' dir='ltr'>eoque</span> <span class='ocrx_word' id='word_1_236' title='bbox 1322 1913 1515 1959; x_wconf 84' lang='lat' dir='ltr'>respectu</span> <span class='ocrx_word' id='word_1_237' title='bbox 1532 1918 1609 1945; x_wconf 90' lang='lat' dir='ltr'>nos</span> <span class='ocrx_word' id='word_1_238' title='bbox 1629 1904 1754 1943; x_wconf 79' lang='lat' dir='ltr'>insti-</span> 
     </span>
    </p>
   </div>
   <div class='ocr_carea' id='block_1_3' title="bbox 177 2010 1768 2854">
    <p class='ocr_par' dir='ltr' id='par_1_5' title="bbox 177 2010 1763 2531">
     <span class='ocr_line' id='line_1_28' title="bbox 177 2010 1757 2054; baseline -0.001 -10"><span class='ocrx_word' id='word_1_239' title='bbox 177 2013 330 2053; x_wconf 83' lang='lat' dir='ltr'>agenda‚</span> <span class='ocrx_word' id='word_1_240' title='bbox 353 2012 570 2045; x_wconf 87' lang='lat' dir='ltr'>conscientia</span> <span class='ocrx_word' id='word_1_241' title='bbox 592 2021 679 2044; x_wconf 86' lang='lat' dir='ltr'>vero</span> <span class='ocrx_word' id='word_1_242' title='bbox 703 2011 785 2044; x_wconf 82' lang='lat' dir='ltr'>dicit</span> <span class='ocrx_word' id='word_1_243' title='bbox 809 2012 984 2045; x_wconf 86' lang='lat' dir='ltr'>dictamen</span> <span class='ocrx_word' id='word_1_244' title='bbox 1006 2012 1205 2054; x_wconf 86' lang='lat' dir='ltr'>practicum</span> <span class='ocrx_word' id='word_1_245' title='bbox 1227 2013 1260 2046; x_wconf 89' lang='lat' dir='ltr'>in</span> <span class='ocrx_word' id='word_1_246' title='bbox 1282 2011 1502 2054; x_wconf 87' lang='lat' dir='ltr'>particulari;</span> <span class='ocrx_word' id='word_1_247' title='bbox 1519 2012 1611 2043; x_wconf 90' lang='lat' dir='ltr'>unde</span> <span class='ocrx_word' id='word_1_248' title='bbox 1635 2010 1757 2052; x_wconf 86' lang='lat' dir='ltr'>potius</span> 
     </span>
     <span class='ocr_line' id='line_1_29' title="bbox 179 2063 1757 2108; baseline -0.001 -11"><span class='ocrx_word' id='word_1_249' title='bbox 179 2068 236 2099; x_wconf 84' lang='lat' dir='ltr'>est</span> <span class='ocrx_word' id='word_1_250' title='bbox 260 2066 369 2099; x_wconf 88' lang='lat' dir='ltr'>veluti</span> <span class='ocrx_word' id='word_1_251' title='bbox 391 2065 585 2107; x_wconf 85' lang='lat' dir='ltr'>applicatio</span> <span class='ocrx_word' id='word_1_252' title='bbox 609 2065 701 2106; x_wconf 81' lang='lat' dir='ltr'>legis</span> <span class='ocrx_word' id='word_1_253' title='bbox 717 2066 762 2097; x_wconf 85' lang='lat' dir='ltr'>ad</span> <span class='ocrx_word' id='word_1_254' title='bbox 776 2066 993 2107; x_wconf 84' lang='lat' dir='ltr'>particulare</span> <span class='ocrx_word' id='word_1_255' title='bbox 1016 2075 1118 2108; x_wconf 89' lang='lat' dir='ltr'>opus.</span> <span class='ocrx_word' id='word_1_256' title='bbox 1136 2068 1190 2099; x_wconf 81' lang='lat' dir='ltr'>Ex</span> <span class='ocrx_word' id='word_1_257' title='bbox 1204 2077 1274 2107; x_wconf 86' lang='lat' dir='ltr'>quo</span> <span class='ocrx_word' id='word_1_258' title='bbox 1300 2067 1405 2099; x_wconf 90' lang='lat' dir='ltr'>etiam</span> <span class='ocrx_word' id='word_1_259' title='bbox 1427 2067 1466 2098; x_wconf 78' lang='lat' dir='ltr'>fit</span> <span class='ocrx_word' id='word_1_260' title='bbox 1482 2068 1522 2098; x_wconf 88' lang='lat' dir='ltr'>ut</span> <span class='ocrx_word' id='word_1_261' title='bbox 1537 2063 1757 2098; x_wconf 85' lang='lat' dir='ltr'>conscientia</span> 
     </span>
     <span class='ocr_line' id='line_1_30' title="bbox 178 2117 1759 2163; baseline -0.001 -12"><span class='ocrx_word' id='word_1_262' title='bbox 178 2117 287 2152; x_wconf 88' lang='lat' dir='ltr'>latius</span> <span class='ocrx_word' id='word_1_263' title='bbox 304 2123 439 2162; x_wconf 87' lang='lat' dir='ltr'>pateat,</span> <span class='ocrx_word' id='word_1_264' title='bbox 456 2130 563 2161; x_wconf 86' lang='lat' dir='ltr'>quam</span> <span class='ocrx_word' id='word_1_265' title='bbox 578 2120 639 2152; x_wconf 83' lang='lat' dir='ltr'>lex</span> <span class='ocrx_word' id='word_1_266' title='bbox 656 2120 842 2159; x_wconf 85' lang='lat' dir='ltr'>naturalis;</span> <span class='ocrx_word' id='word_1_267' title='bbox 869 2121 952 2161; x_wconf 83' lang='lat' dir='ltr'>quia</span> <span class='ocrx_word' id='word_1_268' title='bbox 974 2131 1042 2153; x_wconf 87' lang='lat' dir='ltr'>non</span> <span class='ocrx_word' id='word_1_269' title='bbox 1064 2124 1202 2153; x_wconf 89' lang='lat' dir='ltr'>tantum</span> <span class='ocrx_word' id='word_1_270' title='bbox 1225 2121 1383 2163; x_wconf 88' lang='lat' dir='ltr'>applicat</span> <span class='ocrx_word' id='word_1_271' title='bbox 1404 2121 1523 2161; x_wconf 77' lang='lat' dir='ltr'>legem</span> <span class='ocrx_word' id='word_1_272' title='bbox 1546 2119 1759 2157; x_wconf 85' lang='lat' dir='ltr'>naturalem,</span> 
     </span>
     <span class='ocr_line' id='line_1_31' title="bbox 181 2170 1761 2213; baseline -0.001 -9"><span class='ocrx_word' id='word_1_273' title='bbox 181 2173 248 2204; x_wconf 86' lang='lat' dir='ltr'>sed</span> <span class='ocrx_word' id='word_1_274' title='bbox 271 2173 377 2204; x_wconf 87' lang='lat' dir='ltr'>etiam</span> <span class='ocrx_word' id='word_1_275' title='bbox 402 2181 665 2213; x_wconf 87' lang='lat' dir='ltr'>quamcumque</span> <span class='ocrx_word' id='word_1_276' title='bbox 690 2171 806 2210; x_wconf 87' lang='lat' dir='ltr'>aliam,</span> <span class='ocrx_word' id='word_1_277' title='bbox 829 2172 902 2205; x_wconf 75' lang='lat' dir='ltr'>sive</span> <span class='ocrx_word' id='word_1_278' title='bbox 927 2172 1077 2205; x_wconf 87' lang='lat' dir='ltr'>divinam</span> <span class='ocrx_word' id='word_1_279' title='bbox 1101 2172 1175 2205; x_wconf 89' lang='lat' dir='ltr'>sive</span> <span class='ocrx_word' id='word_1_280' title='bbox 1198 2174 1397 2205; x_wconf 86' lang='lat' dir='ltr'>humanam.</span> <span class='ocrx_word' id='word_1_281' title='bbox 1414 2173 1525 2204; x_wconf 88' lang='lat' dir='ltr'>Immo</span> <span class='ocrx_word' id='word_1_282' title='bbox 1543 2170 1761 2203; x_wconf 83' lang='lat' dir='ltr'>conscientia</span> 
     </span>
     <span class='ocr_line' id='line_1_32' title="bbox 181 2223 1760 2265; baseline -0.001 -10"><span class='ocrx_word' id='word_1_283' title='bbox 181 2233 250 2260; x_wconf 88' lang='lat' dir='ltr'>non</span> <span class='ocrx_word' id='word_1_284' title='bbox 274 2224 391 2256; x_wconf 88' lang='lat' dir='ltr'>solum</span> <span class='ocrx_word' id='word_1_285' title='bbox 415 2223 596 2265; x_wconf 87' lang='lat' dir='ltr'>applicare</span> <span class='ocrx_word' id='word_1_286' title='bbox 620 2223 715 2256; x_wconf 83' lang='lat' dir='ltr'>solet</span> <span class='ocrx_word' id='word_1_287' title='bbox 738 2234 859 2257; x_wconf 86' lang='lat' dir='ltr'>veram</span> <span class='ocrx_word' id='word_1_288' title='bbox 882 2224 1011 2265; x_wconf 82' lang='lat' dir='ltr'>legem,</span> <span class='ocrx_word' id='word_1_289' title='bbox 1034 2225 1099 2257; x_wconf 86' lang='lat' dir='ltr'>sed</span> <span class='ocrx_word' id='word_1_290' title='bbox 1125 2225 1231 2257; x_wconf 86' lang='lat' dir='ltr'>etiam</span> <span class='ocrx_word' id='word_1_291' title='bbox 1255 2225 1524 2262; x_wconf 48' lang='lat' dir='ltr'>existimatam</span> <span class='ocrx_word' id='word_1_292' title='bbox 1553 2233 1624 2264; x_wconf 85' lang='lat' dir='ltr'>quo</span> <span class='ocrx_word' id='word_1_293' title='bbox 1648 2223 1760 2255; x_wconf 90' lang='lat' dir='ltr'>modo</span> 
     </span>
     <span class='ocr_line' id='line_1_33' title="bbox 182 2276 1760 2320; baseline 0 -12"><span class='ocrx_word' id='word_1_294' title='bbox 182 2277 359 2312; x_wconf 87' lang='lat' dir='ltr'>interdum</span> <span class='ocrx_word' id='word_1_295' title='bbox 383 2277 488 2309; x_wconf 84' lang='lat' dir='ltr'>datur</span> <span class='ocrx_word' id='word_1_296' title='bbox 511 2276 728 2309; x_wconf 87' lang='lat' dir='ltr'>conscientia</span> <span class='ocrx_word' id='word_1_297' title='bbox 751 2287 913 2315; x_wconf 85' lang='lat' dir='ltr'>erronea;</span> <span class='ocrx_word' id='word_1_298' title='bbox 936 2278 996 2311; x_wconf 78' lang='lat' dir='ltr'>lex</span> <span class='ocrx_word' id='word_1_299' title='bbox 1019 2282 1138 2311; x_wconf 83' lang='lat' dir='ltr'>autem</span> <span class='ocrx_word' id='word_1_300' title='bbox 1163 2289 1314 2312; x_wconf 87' lang='lat' dir='ltr'>erronea</span> <span class='ocrx_word' id='word_1_301' title='bbox 1337 2280 1414 2312; x_wconf 84' lang='lat' dir='ltr'>dari</span> <span class='ocrx_word' id='word_1_302' title='bbox 1430 2290 1498 2312; x_wconf 85' lang='lat' dir='ltr'>non</span> <span class='ocrx_word' id='word_1_303' title='bbox 1522 2281 1656 2320; x_wconf 89' lang='lat' dir='ltr'>potest:</span> <span class='ocrx_word' id='word_1_304' title='bbox 1680 2286 1760 2310; x_wconf 87' lang='lat' dir='ltr'>nam</span> 
     </span>
     <span class='ocr_line' id='line_1_34' title="bbox 185 2331 1762 2373; baseline 0.001 -10"><span class='ocrx_word' id='word_1_305' title='bbox 185 2340 227 2363; x_wconf 93' lang='lat' dir='ltr'>eo</span> <span class='ocrx_word' id='word_1_306' title='bbox 250 2332 333 2373; x_wconf 88' lang='lat' dir='ltr'>ipso</span> <span class='ocrx_word' id='word_1_307' title='bbox 356 2341 425 2364; x_wconf 92' lang='lat' dir='ltr'>non</span> <span class='ocrx_word' id='word_1_308' title='bbox 449 2331 514 2363; x_wconf 86' lang='lat' dir='ltr'>erit</span> <span class='ocrx_word' id='word_1_309' title='bbox 535 2332 597 2364; x_wconf 80' lang='lat' dir='ltr'>lex</span> <span class='ocrx_word' id='word_1_310' title='bbox 616 2342 623 2363; x_wconf 92' lang='lat'>:</span> <span class='ocrx_word' id='word_1_311' title='bbox 645 2333 744 2372; x_wconf 87' lang='lat' dir='ltr'>quod</span> <span class='ocrx_word' id='word_1_312' title='bbox 766 2332 919 2364; x_wconf 82' lang='lat' dir='ltr'>maxime</span> <span class='ocrx_word' id='word_1_313' title='bbox 942 2342 1066 2365; x_wconf 89' lang='lat' dir='ltr'>verum</span> <span class='ocrx_word' id='word_1_314' title='bbox 1092 2335 1149 2365; x_wconf 86' lang='lat' dir='ltr'>est</span> <span class='ocrx_word' id='word_1_315' title='bbox 1172 2333 1204 2365; x_wconf 92' lang='lat' dir='ltr'>in</span> <span class='ocrx_word' id='word_1_316' title='bbox 1226 2333 1307 2373; x_wconf 79' lang='lat' dir='ltr'>lege</span> <span class='ocrx_word' id='word_1_317' title='bbox 1330 2333 1507 2370; x_wconf 82' lang='lat' dir='ltr'>naturali,</span> <span class='ocrx_word' id='word_1_318' title='bbox 1531 2342 1623 2373; x_wconf 87' lang='lat' dir='ltr'>quae</span> <span class='ocrx_word' id='word_1_319' title='bbox 1647 2333 1762 2365; x_wconf 86' lang='lat' dir='ltr'>Deum</span> 
     </span>
     <span class='ocr_line' id='line_1_35' title="bbox 183 2384 1763 2427; baseline 0.001 -11"><span class='ocrx_word' id='word_1_320' title='bbox 183 2384 292 2416; x_wconf 87' lang='lat' dir='ltr'>habet</span> <span class='ocrx_word' id='word_1_321' title='bbox 315 2387 508 2416; x_wconf 87' lang='lat' dir='ltr'>auctorem.</span> <span class='ocrx_word' id='word_1_322' title='bbox 532 2385 692 2425; x_wconf 89' lang='lat' dir='ltr'>Denique</span> <span class='ocrx_word' id='word_1_323' title='bbox 714 2385 775 2417; x_wconf 77' lang='lat' dir='ltr'>lex</span> <span class='ocrx_word' id='word_1_324' title='bbox 798 2386 944 2427; x_wconf 88' lang='lat' dir='ltr'>proprie</span> <span class='ocrx_word' id='word_1_325' title='bbox 967 2386 1081 2418; x_wconf 88' lang='lat' dir='ltr'>fertur</span> <span class='ocrx_word' id='word_1_326' title='bbox 1104 2387 1147 2418; x_wconf 91' lang='lat' dir='ltr'>de</span> <span class='ocrx_word' id='word_1_327' title='bbox 1163 2386 1324 2427; x_wconf 76' lang='lat' dir='ltr'>agendis,</span> <span class='ocrx_word' id='word_1_328' title='bbox 1358 2386 1575 2418; x_wconf 86' lang='lat' dir='ltr'>conscientia</span> <span class='ocrx_word' id='word_1_329' title='bbox 1592 2389 1711 2418; x_wconf 88' lang='lat' dir='ltr'>autem</span> <span class='ocrx_word' id='word_1_330' title='bbox 1728 2396 1763 2418; x_wconf 86' lang='lat' dir='ltr'>e-</span> 
     </span>
     <span class='ocr_line' id='line_1_36' title="bbox 181 2436 1761 2478; baseline 0.001 -10"><span class='ocrx_word' id='word_1_331' title='bbox 181 2436 269 2468; x_wconf 87' lang='lat' dir='ltr'>tiam</span> <span class='ocrx_word' id='word_1_332' title='bbox 285 2439 452 2468; x_wconf 80' lang='lat' dir='ltr'>versatur</span> <span class='ocrx_word' id='word_1_333' title='bbox 474 2437 570 2468; x_wconf 78' lang='lat' dir='ltr'>circa</span> <span class='ocrx_word' id='word_1_334' title='bbox 585 2447 637 2474; x_wconf 84' lang='lat' dir='ltr'>ea,</span> <span class='ocrx_word' id='word_1_335' title='bbox 651 2446 742 2477; x_wconf 87' lang='lat' dir='ltr'>quae</span> <span class='ocrx_word' id='word_1_336' title='bbox 757 2437 825 2469; x_wconf 88' lang='lat' dir='ltr'>iarn</span> <span class='ocrx_word' id='word_1_337' title='bbox 841 2438 937 2470; x_wconf 82' lang='lat' dir='ltr'>facta</span> <span class='ocrx_word' id='word_1_338' title='bbox 951 2441 1045 2476; x_wconf 89' lang='lat' dir='ltr'>sunt;</span> <span class='ocrx_word' id='word_1_339' title='bbox 1063 2440 1098 2470; x_wconf 92' lang='lat' dir='ltr'>et</span> <span class='ocrx_word' id='word_1_340' title='bbox 1113 2437 1193 2470; x_wconf 87' lang='lat' dir='ltr'>ideo</span> <span class='ocrx_word' id='word_1_341' title='bbox 1209 2438 1255 2469; x_wconf 91' lang='lat' dir='ltr'>illi</span> <span class='ocrx_word' id='word_1_342' title='bbox 1271 2438 1438 2470; x_wconf 84' lang='lat' dir='ltr'>tribuitur</span> <span class='ocrx_word' id='word_1_343' title='bbox 1453 2447 1522 2470; x_wconf 90' lang='lat' dir='ltr'>non</span> <span class='ocrx_word' id='word_1_344' title='bbox 1539 2438 1657 2470; x_wconf 85' lang='lat' dir='ltr'>solum</span> <span class='ocrx_word' id='word_1_345' title='bbox 1673 2438 1761 2478; x_wconf 85' lang='lat' dir='ltr'>liga-</span> 
     </span>
     <span class='ocr_line' id='line_1_37' title="bbox 182 2488 1575 2531; baseline 0.001 -12"><span class='ocrx_word' id='word_1_346' title='bbox 182 2497 233 2526; x_wconf 91' lang='lat' dir='ltr'>re,</span> <span class='ocrx_word' id='word_1_347' title='bbox 257 2488 322 2519; x_wconf 89' lang='lat' dir='ltr'>sed</span> <span class='ocrx_word' id='word_1_348' title='bbox 347 2496 532 2524; x_wconf 86' lang='lat' dir='ltr'>accusare,</span> <span class='ocrx_word' id='word_1_349' title='bbox 557 2488 744 2520; x_wconf 83' lang='lat' dir='ltr'>testificari</span> <span class='ocrx_word' id='word_1_350' title='bbox 768 2491 802 2520; x_wconf 87' lang='lat' dir='ltr'>et</span> <span class='ocrx_word' id='word_1_351' title='bbox 826 2489 1028 2521; x_wconf 81' lang='lat' dir='ltr'>defendere.</span> <span class='ocrx_word' id='word_1_352' title='bbox 1052 2502 1068 2519; x_wconf 67' lang='grc' dir='ltr'>,υ</span> <span class='ocrx_word' id='word_1_353' title='bbox 1092 2489 1147 2522; x_wconf 81' lang='lat' dir='ltr'>De</span> <span class='ocrx_word' id='word_1_354' title='bbox 1171 2490 1322 2531; x_wconf 58' lang='lat' dir='ltr'>legibus,</span> <span class='ocrx_word' id='word_1_355' title='bbox 1342 2490 1399 2522; x_wconf 86' lang='lat' dir='ltr'>lib.</span> <span class='ocrx_word' id='word_1_356' title='bbox 1424 2491 1465 2528; x_wconf 91' lang='lat' dir='ltr'>II,</span> <span class='ocrx_word' id='word_1_357' title='bbox 1487 2500 1516 2522; x_wconf 87' lang='lat' dir='ltr'>c.</span> <span class='ocrx_word' id='word_1_358' title='bbox 1546 2492 1575 2521; x_wconf 85' lang='lat'>5.</span> 
     </span>
    </p>

    <p class='ocr_par' dir='ltr' id='par_1_6' title="bbox 183 2540 1768 2854">
     <span class='ocr_line' id='line_1_38' title="bbox 225 2540 1765 2585; baseline 0.001 -13"><span class='ocrx_word' id='word_1_359' title='bbox 225 2542 275 2582; x_wconf 90' lang='lat'>(1)</span> <span class='ocrx_word' id='word_1_360' title='bbox 300 2541 409 2573; x_wconf 84' lang='lat' dir='ltr'>Falso</span> <span class='ocrx_word' id='word_1_361' title='bbox 431 2540 539 2581; x_wconf 85' lang='lat' dir='ltr'>igitur</span> <span class='ocrx_word' id='word_1_362' title='bbox 562 2541 770 2574; x_wconf 85' lang='lat' dir='ltr'>Heineccius</span> <span class='ocrx_word' id='word_1_363' title='bbox 796 2543 866 2582; x_wconf 84' lang='lat' dir='ltr'>(De</span> <span class='ocrx_word' id='word_1_364' title='bbox 889 2543 970 2575; x_wconf 68' lang='lat' dir='ltr'>iare</span> <span class='ocrx_word' id='word_1_365' title='bbox 993 2547 1070 2575; x_wconf 85' lang='lat' dir='ltr'>nat.</span> <span class='ocrx_word' id='word_1_366' title='bbox 1095 2547 1129 2575; x_wconf 86' lang='lat' dir='ltr'>et</span> <span class='ocrx_word' id='word_1_367' title='bbox 1149 2547 1246 2584; x_wconf 69' lang='lat' dir='ltr'>yent.</span> <span class='ocrx_word' id='word_1_368' title='bbox 1266 2544 1287 2575; x_wconf 91' lang='lat' dir='ltr'>l.</span> <span class='ocrx_word' id='word_1_369' title='bbox 1305 2545 1329 2582; x_wconf 92' lang='lat' dir='ltr'>l,</span> <span class='ocrx_word' id='word_1_370' title='bbox 1344 2554 1371 2576; x_wconf 90' lang='lat' dir='ltr'>c.</span> <span class='ocrx_word' id='word_1_371' title='bbox 1386 2543 1520 2585; x_wconf 70' lang='lat'>2,§45)</span> <span class='ocrx_word' id='word_1_372' title='bbox 1540 2543 1765 2585; x_wconf 85' lang='lat' dir='ltr'>reprehendit</span> 
     </span>
     <span class='ocr_line' id='line_1_39' title="bbox 183 2595 1764 2640; baseline -0.001 -12"><span class='ocrx_word' id='word_1_373' title='bbox 183 2605 249 2628; x_wconf 90' lang='lat' dir='ltr'>eos</span> <span class='ocrx_word' id='word_1_374' title='bbox 276 2595 336 2636; x_wconf 89' lang='lat' dir='ltr'>qui</span> <span class='ocrx_word' id='word_1_375' title='bbox 358 2595 512 2636; x_wconf 59' lang='lat' dir='ltr'>regulae</span> <span class='ocrx_word' id='word_1_376' title='bbox 535 2605 662 2627; x_wconf 88' lang='lat' dir='ltr'>nomen</span> <span class='ocrx_word' id='word_1_377' title='bbox 691 2595 927 2628; x_wconf 87' lang='lat' dir='ltr'>conscientiae</span> <span class='ocrx_word' id='word_1_378' title='bbox 949 2596 1107 2628; x_wconf 86' lang='lat' dir='ltr'>tribuunt</span> <span class='ocrx_word' id='word_1_379' title='bbox 1122 2623 1130 2634; x_wconf 87' lang='lat'><em>,</em></span> <span class='ocrx_word' id='word_1_380' title='bbox 1158 2606 1264 2637; x_wconf 87' lang='lat' dir='ltr'>quarn</span> <span class='ocrx_word' id='word_1_381' title='bbox 1287 2597 1444 2639; x_wconf 65' lang='lat' dir='ltr'>regyalae</span> <span class='ocrx_word' id='word_1_382' title='bbox 1470 2597 1764 2640; x_wconf 70' lang='lat' dir='ltr'>applicationem</span> 
     </span>
     <span class='ocr_line' id='line_1_40' title="bbox 184 2650 1764 2692; baseline 0 -11"><span class='ocrx_word' id='word_1_383' title='bbox 184 2650 307 2691; x_wconf 89' lang='lat' dir='ltr'>potius</span> <span class='ocrx_word' id='word_1_384' title='bbox 333 2650 514 2682; x_wconf 81' lang='lat' dir='ltr'>contendit</span> <span class='ocrx_word' id='word_1_385' title='bbox 538 2659 621 2682; x_wconf 86' lang='lat' dir='ltr'>esse</span> <span class='ocrx_word' id='word_1_386' title='bbox 646 2650 839 2682; x_wconf 84' lang='lat' dir='ltr'>dicendam.</span> <span class='ocrx_word' id='word_1_387' title='bbox 864 2651 937 2683; x_wconf 86' lang='lat' dir='ltr'>Sed</span> <span class='ocrx_word' id='word_1_388' title='bbox 960 2651 992 2682; x_wconf 92' lang='lat' dir='ltr'>in</span> <span class='ocrx_word' id='word_1_389' title='bbox 1007 2651 1076 2683; x_wconf 83' lang='lat' dir='ltr'>hoc</span> <span class='ocrx_word' id='word_1_390' title='bbox 1100 2650 1129 2682; x_wconf 91' lang='lat' dir='ltr'>ei</span> <span class='ocrx_word' id='word_1_391' title='bbox 1152 2651 1275 2683; x_wconf 87' lang='lat' dir='ltr'>similis</span> <span class='ocrx_word' id='word_1_392' title='bbox 1300 2652 1443 2684; x_wconf 85' lang='lat' dir='ltr'>videtur</span> <span class='ocrx_word' id='word_1_393' title='bbox 1458 2678 1466 2691; x_wconf 92' lang='lat'>,</span> <span class='ocrx_word' id='word_1_394' title='bbox 1491 2651 1549 2692; x_wconf 87' lang='lat' dir='ltr'>qui</span> <span class='ocrx_word' id='word_1_395' title='bbox 1575 2652 1764 2692; x_wconf 87' lang='lat' dir='ltr'>sphaeram</span> 
     </span>
     <span class='ocr_line' id='line_1_41' title="bbox 186 2703 1768 2745; baseline 0 -11"><span class='ocrx_word' id='word_1_396' title='bbox 186 2703 367 2744; x_wconf 84' lang='lat' dir='ltr'>horologii</span> <span class='ocrx_word' id='word_1_397' title='bbox 383 2703 498 2735; x_wconf 86' lang='lat' dir='ltr'>metiri</span> <span class='ocrx_word' id='word_1_398' title='bbox 519 2704 630 2736; x_wconf 85' lang='lat' dir='ltr'>horas</span> <span class='ocrx_word' id='word_1_399' title='bbox 656 2703 773 2736; x_wconf 88' lang='lat' dir='ltr'>dicere</span> <span class='ocrx_word' id='word_1_400' title='bbox 796 2704 918 2742; x_wconf 88' lang='lat' dir='ltr'>nollet,</span> <span class='ocrx_word' id='word_1_401' title='bbox 940 2706 1137 2745; x_wconf 85' lang='lat' dir='ltr'>propterea</span> <span class='ocrx_word' id='word_1_402' title='bbox 1160 2706 1256 2745; x_wconf 86' lang='lat' dir='ltr'>quod</span> <span class='ocrx_word' id='word_1_403' title='bbox 1280 2705 1314 2737; x_wconf 89' lang='lat' dir='ltr'>id</span> <span class='ocrx_word' id='word_1_404' title='bbox 1337 2705 1444 2738; x_wconf 87' lang='lat' dir='ltr'>faciat</span> <span class='ocrx_word' id='word_1_405' title='bbox 1466 2707 1566 2737; x_wconf 86' lang='lat' dir='ltr'>motu</span> <span class='ocrx_word' id='word_1_406' title='bbox 1591 2705 1634 2736; x_wconf 86' lang='lat' dir='ltr'>ab</span> <span class='ocrx_word' id='word_1_407' title='bbox 1659 2704 1768 2736; x_wconf 88' lang='lat' dir='ltr'>elate-</span> 
     </span>
     <span class='ocr_line' id='line_1_42' title="bbox 188 2757 1764 2799; baseline 0 -11"><span class='ocrx_word' id='word_1_408' title='bbox 188 2757 241 2789; x_wconf 83' lang='lat' dir='ltr'>rio</span> <span class='ocrx_word' id='word_1_409' title='bbox 267 2757 381 2790; x_wconf 89' lang='lat' dir='ltr'>eidem</span> <span class='ocrx_word' id='word_1_410' title='bbox 403 2758 676 2790; x_wconf 85' lang='lat' dir='ltr'>communicato:</span> <span class='ocrx_word' id='word_1_411' title='bbox 693 2761 753 2790; x_wconf 86' lang='lat' dir='ltr'>aut</span> <span class='ocrx_word' id='word_1_412' title='bbox 770 2761 919 2798; x_wconf 77' lang='lat' dir='ltr'>negaret</span> <span class='ocrx_word' id='word_1_413' title='bbox 934 2767 1039 2790; x_wconf 85' lang='lat' dir='ltr'>nares</span> <span class='ocrx_word' id='word_1_414' title='bbox 1053 2758 1220 2797; x_wconf 83' lang='lat' dir='ltr'>olfacere,</span> <span class='ocrx_word' id='word_1_415' title='bbox 1244 2759 1327 2799; x_wconf 82' lang='lat' dir='ltr'>quia</span> <span class='ocrx_word' id='word_1_416' title='bbox 1344 2759 1378 2792; x_wconf 91' lang='lat' dir='ltr'>id</span> <span class='ocrx_word' id='word_1_417' title='bbox 1393 2759 1532 2791; x_wconf 88' lang='lat' dir='ltr'>nonnisi</span> <span class='ocrx_word' id='word_1_418' title='bbox 1547 2758 1682 2790; x_wconf 84' lang='lat' dir='ltr'>animae</span> <span class='ocrx_word' id='word_1_419' title='bbox 1698 2757 1764 2788; x_wconf 81' lang='lat' dir='ltr'>vir-</span> 
     </span>
     <span class='ocr_line' id='line_1_43' title="bbox 191 2811 1768 2854; baseline 0.001 -12"><span class='ocrx_word' id='word_1_420' title='bbox 191 2812 269 2842; x_wconf 83' lang='lat' dir='ltr'>tute</span> <span class='ocrx_word' id='word_1_421' title='bbox 291 2814 486 2852; x_wconf 84' lang='lat' dir='ltr'>praestent.</span> <span class='ocrx_word' id='word_1_422' title='bbox 510 2812 681 2843; x_wconf 87' lang='lat' dir='ltr'>Fatemur</span> <span class='ocrx_word' id='word_1_423' title='bbox 704 2811 958 2844; x_wconf 86' lang='lat' dir='ltr'>conscientiam</span> <span class='ocrx_word' id='word_1_424' title='bbox 982 2822 1065 2844; x_wconf 88' lang='lat' dir='ltr'>esse</span> <span class='ocrx_word' id='word_1_425' title='bbox 1088 2812 1180 2853; x_wconf 82' lang='lat' dir='ltr'>legis</span> <span class='ocrx_word' id='word_1_426' title='bbox 1205 2812 1481 2854; x_wconf 82' lang='lat' dir='ltr'>applicationem</span> <span class='ocrx_word' id='word_1_427' title='bbox 1496 2839 1503 2851; x_wconf 94' lang='lat'>,</span> <span class='ocrx_word' id='word_1_428' title='bbox 1525 2816 1632 2853; x_wconf 81' lang='lat' dir='ltr'>atque</span> <span class='ocrx_word' id='word_1_429' title='bbox 1657 2822 1701 2843; x_wconf 81' lang='lat' dir='ltr'>ex</span> <span class='ocrx_word' id='word_1_430' title='bbox 1725 2820 1768 2842; x_wconf 80' lang='lat' dir='ltr'>ea</span> 
     </span>
    </p>
   </div>
   <div class='ocr_carea' id='block_1_4' title="bbox 194 2862 1767 2955">
    <p class='ocr_par' dir='ltr' id='par_1_7' title="bbox 194 2862 1767 2955">
     <span class='ocr_line' id='line_1_44' title="bbox 194 2862 1767 2907; baseline 0.001 -13"><span class='ocrx_word' id='word_1_431' title='bbox 194 2862 264 2894; x_wconf 79' lang='lat' dir='ltr'>vim</span> <span class='ocrx_word' id='word_1_432' title='bbox 288 2872 427 2895; x_wconf 90' lang='lat' dir='ltr'>omnem</span> <span class='ocrx_word' id='word_1_433' title='bbox 449 2864 611 2896; x_wconf 84' lang='lat' dir='ltr'>mutuari:</span> <span class='ocrx_word' id='word_1_434' title='bbox 635 2867 671 2897; x_wconf 88' lang='lat' dir='ltr'>at</span> <span class='ocrx_word' id='word_1_435' title='bbox 693 2865 761 2897; x_wconf 89' lang='lat' dir='ltr'>hoc</span> <span class='ocrx_word' id='word_1_436' title='bbox 776 2864 856 2906; x_wconf 88' lang='lat' dir='ltr'>ipso</span> <span class='ocrx_word' id='word_1_437' title='bbox 873 2865 1000 2906; x_wconf 80' lang='lat' dir='ltr'>regula</span> <span class='ocrx_word' id='word_1_438' title='bbox 1014 2866 1187 2907; x_wconf 86' lang='lat' dir='ltr'>appellari</span> <span class='ocrx_word' id='word_1_439' title='bbox 1203 2869 1336 2907; x_wconf 86' lang='lat' dir='ltr'>potest,</span> <span class='ocrx_word' id='word_1_440' title='bbox 1354 2866 1528 2907; x_wconf 79' lang='lat' dir='ltr'>siqmdem</span> <span class='ocrx_word' id='word_1_441' title='bbox 1543 2875 1669 2898; x_wconf 81' lang='lat' dir='ltr'>revera</span> <span class='ocrx_word' id='word_1_442' title='bbox 1683 2873 1767 2905; x_wconf 85' lang='lat' dir='ltr'>ope-</span> 
     </span>
     <span class='ocr_line' id='line_1_45' title="bbox 195 2913 576 2955; baseline 0.005 -9"><span class='ocrx_word' id='word_1_443' title='bbox 195 2913 369 2947; x_wconf 81' lang='lat' dir='ltr'>rationem</span> <span class='ocrx_word' id='word_1_444' title='bbox 392 2915 576 2955; x_wconf 84' lang='lat' dir='ltr'>gubernat.</span> 
     </span>
    </p>
   </div>
  </div>
 </body>
</html>
