1970 3203
219 157 298 198 232
593 170 660 197 lus
688 169 890 197 NATURAE
907 179 927 186 -
948 170 1057 197 PARS
1086 170 1124 197 11.
1155 170 1221 198 ms
1252 171 1427 199 soeiALE

223 249 430 301 principio
453 248 506 288 ad
527 247 772 288 societatem
802 249 1065 289 adducuntur
1085 249 1286 291 instinctu
1315 250 1464 302 potius,
1482 265 1603 305 quam
1625 253 1801 302 ratione;

221 315 371 354 saltem
394 313 516 353 valde
542 313 763 353 confusam
793 314 1005 354 notionem
1035 314 1244 355 habentes
1265 315 1508 357 intentionis
1528 323 1719 367 naturae,
1750 332 1802 359 ac

226 377 401 430 proinde
420 376 651 417 mediorum
668 390 775 430 quae
794 377 896 430 ipsis
915 378 968 417 ad
989 377 1319 418 subveniendum
1335 378 1577 433 indigentiis
1598 387 1683 421 tum
1704 381 1805 435 phy-

224 441 328 481 sicis
350 446 436 480 tum
453 440 683 481 moralibus
703 441 745 480 in
766 442 977 482 consortio
999 442 1110 482 civili
1129 449 1445 495 praeparantur.
1462 445 1518 484 At
1533 445 1712 487 scientia
1727 459 1802 486 su-
1861 476 1864 479 ψ

221 505 495 558 perveniente
525 518 632 558 quae
660 505 934 546 reflexionem
978 505 1158 546 hominis
1187 513 1502 558 repraesentat,
1531 508 1625 549 idea
1654 509 1726 549 illa
1755 510 1802 549 fit

226 569 405 609 lucidior
426 570 755 624 distinctiorque;
776 579 900 624 atque
919 571 977 611 ita
997 571 1126 620 cives,
1143 584 1271 624 scopo
1293 585 1414 624 quem
1435 573 1617 614 societas
1638 580 1800 627 spectat

230 636 458 685 declarato,
473 636 833 689 adperfectionem
850 644 1180 678 consentaneam
1193 637 1507 690 adipiscendam
1518 640 1641 692 longe
1653 640 1801 680 melius

226 699 513 752 disponuntur.
533 701 653 747 Quod
669 714 762 740 cum
778 701 837 741 ita
853 702 918 751 sit,
939 701 1158 754 diligenter
1173 702 1405 741 curandum
1423 709 1486 743 est
1501 710 1545 743 ut
1560 716 1714 756 scopus
1730 704 1800 743 hic

224 764 302 804 rite
326 765 634 814 determinetur,
655 766 902 818 praesertim
926 780 1021 807 cum
1040 766 1330 807 rationalistae
1350 767 1432 807 hac
1454 768 1699 821 quaestione
1716 770 1803 809 val-

225 827 275 868 de
307 828 532 869 abutantur
552 829 606 868 ad
625 830 839 870 societatis
859 831 1045 870 ordinem
1068 830 1399 882 pervertendum.

274 893 338 931 43.
370 893 593 945 opiniones
621 895 779 934 variae.
812 894 891 941 Qui
919 893 984 933 ius
1014 900 1191 933 naturae
1225 900 1321 934 ante
1349 895 1556 936 Kantium
1585 901 1799 936 tractave-

217 964 343 1007 runt,
374 960 500 999 finem
531 960 747 1000 societatis
776 960 911 1000 civilis
942 961 1007 1000 vel
1035 960 1078 999 in
1109 961 1244 1000 salute
1274 960 1443 1013 publica
1462 993 1472 1010 ,
1502 963 1569 1001 vel
1599 961 1641 1000 in
1671 962 1801 1001 tutela

217 1023 382 1072 lurium,
416 1025 480 1063 vel
509 1024 552 1062 in
582 1024 809 1064 securitate
829 1024 993 1065 interna
1023 1032 1062 1065 et
1088 1030 1274 1074 externa,
1305 1025 1371 1065 vel
1399 1025 1441 1064 in
1470 1037 1700 1078 progressu
1732 1038 1803 1064 na-

225 1096 343 1130 turae
359 1091 584 1141 humanae,
606 1092 672 1132 vel
688 1092 731 1131 in
753 1092 874 1144 copia
894 1093 1098 1132 bonorum
1120 1097 1390 1132 externorum
1406 1092 1638 1144 generatim
1655 1105 1802 1145 posue-

222 1161 330 1194 runt.
353 1156 472 1202 Quae
493 1157 620 1197 effata
641 1169 769 1209 saepe
789 1162 860 1196 aut
879 1170 1032 1197 manca
1051 1162 1150 1196 sunt
1168 1162 1239 1196 aut
1269 1156 1480 1209 ambigua,
1503 1157 1651 1197 saltem
1672 1156 1796 1197 nimis

223 1228 433 1274 vagantur
463 1230 502 1263 et
536 1223 654 1263 falsis
683 1223 1093 1276 interpretationibus
1123 1237 1272 1263 ansam
1302 1223 1515 1276 praebent.
1547 1223 1794 1263 Emmanuel

215 1286 346 1335 Kant,
369 1287 558 1327 hodierni
580 1288 876 1328 Rationalismi
896 1294 1058 1336 auctor,
1076 1287 1138 1327 sic
1157 1288 1283 1327 finem
1302 1287 1467 1327 civilem
1488 1286 1712 1328 constituit:
1735 1288 1796 1325 In-

216 1350 343 1391 nixus
366 1352 568 1405 principio
590 1352 639 1392 de
662 1352 856 1393 absoluta
875 1352 1058 1392 hominis
1092 1351 1428 1404 independentia,
1451 1351 1683 1391 libertatem
1713 1351 1793 1391 ho-

217 1414 344 1454 minis
360 1428 386 1454 a
402 1416 565 1455 ratione
596 1416 839 1468 requisitam
870 1416 912 1455 in
933 1417 1014 1456 hoc
1036 1416 1228 1463 collocat,
1260 1415 1369 1468 quod
1399 1415 1592 1455 voluntas
1614 1428 1660 1455 se
1681 1428 1796 1456 mere

217 1490 243 1516 a
269 1478 421 1530 priori
447 1480 499 1519 ad
530 1480 790 1532 operandum
819 1480 1033 1528 inflectat,
1066 1479 1261 1518 nimirum
1291 1484 1460 1531 propter
1494 1479 1628 1519 solam
1658 1479 1795 1531 legem

215 1541 419 1591 rationis,
452 1543 624 1583 semotis
653 1543 804 1584 ceteris
833 1543 1179 1596 impressionibus
1208 1543 1430 1595 empiricis.
1461 1544 1550 1582 Iam
1582 1555 1682 1582 vero
1711 1546 1794 1583 hae

215 1606 532 1659 impressiones,
563 1623 669 1662 quae
696 1610 906 1650 removeri
935 1610 1098 1658 debent,
1129 1609 1305 1661 duplicis
1339 1609 1507 1661 generis
1546 1615 1654 1649 sunt:
1686 1609 1796 1649 aliae

215 1669 417 1722 internae,
448 1686 555 1725 quae
585 1673 637 1712 ab
667 1674 851 1726 appetitu
881 1679 920 1714 et
949 1673 1171 1713 affectibus
1200 1673 1329 1712 animi
1361 1672 1560 1721 oriuntur,
1590 1672 1698 1712 aliae
1728 1685 1797 1712 ex-

216 1741 362 1776 ternae
381 1768 389 1784 ,
418 1749 524 1788 quae
558 1750 584 1776 a
603 1738 645 1776 vi
674 1738 853 1790 quadam
882 1738 1069 1777 humana
1097 1738 1340 1789 procedunt,
1371 1737 1582 1776 actionem
1605 1743 1794 1776 nostram

217 1802 525 1854 praepediente.
559 1803 669 1843 Hinc
690 1804 879 1844 ordinem
900 1804 1102 1844 moralem
1125 1803 1342 1855 distinguit
1363 1803 1415 1842 ab
1437 1803 1580 1843 ordine
1601 1802 1789 1843 iuridico.

217 1867 328 1906 Nam
349 1867 467 1919 leges
497 1880 604 1919 quae
634 1874 821 1908 tutantur
851 1868 1084 1908 libertatem
1104 1867 1327 1916 internam,
1359 1874 1399 1908 et
1429 1867 1693 1908 coactionem
1712 1867 1794 1907 im-

213 1939 386 1984 portant
405 1933 458 1972 ab
479 1933 649 1974 homine
668 1934 713 1974 in
732 1935 916 1987 seipsum
939 1935 1236 1983 exercendam,
1258 1934 1466 1986 pertinent
1495 1935 1550 1974 ad
1576 1934 1790 1984 moralem;

216 2009 323 2047 quae
341 2010 441 2036 vero
457 1997 688 2049 respiciunt
703 1998 938 2039 libertatem
956 2006 1175 2038 externam
1194 2004 1235 2037 et
1250 1998 1513 2038 coactionem
1530 1998 1706 2037 aliorum
1727 1998 1794 2037 iu-

223 2060 332 2110 bent,
362 2075 416 2101 ne
446 2062 499 2102 ab
528 2064 695 2115 agendo
725 2077 804 2104 nos
832 2064 1071 2117 impediant,
1101 2063 1167 2103 ius
1196 2064 1464 2105 constituunt.

271 2129 328 2168 At
350 2129 545 2181 quoniam
566 2130 737 2171 libertas
758 2138 937 2171 externa
952 2144 1025 2184 per
1045 2144 1091 2171 se
1112 2130 1239 2170 limite
1256 2137 1383 2179 caret,
1405 2136 1446 2170 et
1466 2130 1613 2183 cuique
1634 2131 1791 2171 homini

215 2196 426 2247 competit,
437 2202 477 2235 et
493 2196 608 2236 circa
622 2197 732 2236 idem
754 2197 962 2238 obiectum
978 2203 1183 2245 versatur,
1202 2209 1350 2249 nempe
1367 2197 1565 2235 mundum
1577 2197 1795 2249 adspecta-

216 2261 353 2310 bilem;
365 2262 636 2314 consequitur
654 2262 754 2302 hinc
775 2270 820 2302 ut
835 2271 1003 2303 mutuus
1023 2264 1131 2302 inter
1147 2275 1295 2302 omnes
1312 2263 1532 2302 conflictus
1553 2269 1791 2313 enascatur,

214 2338 336 2377 quem
357 2326 464 2365 ratio
486 2326 569 2379 pati
592 2339 676 2366 non
696 2332 846 2379 potest.
865 2328 1004 2374 Quare
1025 2332 1293 2378 praeceptum
1316 2326 1368 2365 ab
1391 2339 1441 2366 ea
1461 2327 1695 2379 imponitur:
1719 2327 1793 2367 Sic

215 2391 562 2443 restrinyendam
578 2404 666 2431 esse
684 2392 921 2432 libertatem
944 2392 1162 2444 cuiusque,
1182 2395 1228 2430 ut
1246 2391 1376 2431 simul
1393 2392 1643 2431 coeaesz'stere
1655 2391 1797 2444 possit

215 2466 311 2492 cum
342 2454 534 2494 libertate
551 2455 753 2495 aliorum.
775 2457 868 2495 Hoc
891 2462 1162 2508 praeceptum
1176 2455 1448 2508 principium
1473 2456 1793 2495 coeoeszlstentz'ae

214 2520 417 2572 appellat,
440 2533 493 2560 ex
524 2534 655 2574 eoque
676 2522 856 2562 derivari
875 2522 933 2561 ait
953 2527 1094 2562 cetera
1109 2554 1118 2570 ,
1142 2526 1340 2574 quotquot
1363 2527 1541 2570 exstant,
1562 2526 1787 2573 praecepta

214 2586 403 2635 iuridica,
422 2587 511 2627 sive
533 2588 761 2640 respiciant
790 2587 1101 2628 matrimonium
1131 2587 1221 2628 sive
1252 2587 1490 2636 dominium,
1521 2587 1610 2626 sive
1630 2586 1788 2638 quasli-

213 2652 282 2692 bet
310 2652 415 2692 alias
449 2653 664 2692 hominum
695 2653 932 2694 relationes.
964 2653 1073 2692 Hinc
1114 2653 1265 2693 Status
1298 2666 1374 2692 seu
1402 2652 1571 2705 politica
1610 2652 1794 2692 societas

215 2718 418 2772 exsurgit,
435 2723 645 2770 tamquam
660 2721 933 2772 postulatum
963 2719 1086 2758 huius
1102 2718 1316 2771 principii
1332 2719 1663 2758 coexsistentiae.
1687 2719 1793 2758 Cum

215 2781 326 2822 enim
361 2781 540 2821 futurum
575 2782 722 2824 fuisset
741 2815 750 2831 ,
785 2789 829 2823 ut
867 2783 1059 2823 homines
1101 2782 1302 2821 individui
1339 2788 1506 2835 propter
1548 2782 1788 2823 sensibilem

217 2855 423 2896 naturam,
455 2861 560 2900 quae
582 2848 731 2888 rationi
762 2849 1023 2896 contradicit,
1055 2848 1111 2886 illi
1141 2847 1344 2899 principio
1368 2848 1535 2888 difficile
1565 2848 1788 2888 admodum
