1970 3203
786 217 1067 244 INTRODUCTIO
1633 201 1711 240 335

192 297 256 336 Ex
285 294 354 334 his
378 292 447 332 via
476 292 672 332 sternitur
702 291 755 331 ad
775 291 898 331 huius
928 296 1132 331 tractatus
1162 291 1422 344 partitionem
1444 289 1718 330 innuendam·

136 364 242 402 Nam
271 361 396 399 homo
426 357 661 398 individuus
691 358 906 411 dupliciter
935 358 988 396 ad
1017 358 1122 397 alios
1152 357 1296 397 referri
1325 362 1472 410 potest.
1503 356 1705 403 Primum,-

134 431 339 479 quatenus
360 437 487 462 manu
503 423 633 462 solius
655 428 829 462 naturae
848 436 943 461 cum
965 421 1015 461 iis
1031 422 1240 474 alligatur,
1257 427 1381 474 atque
1410 422 1502 461 ideo
1533 421 1574 459 in
1593 427 1705 460 statu

132 491 255 531 etiam
286 488 475 539 solivago
506 486 651 526 officiis
681 486 862 526 iustitiae
893 492 963 525 aut
989 486 1292 525 beneficentiae
1322 485 1606 537 adstringitur;
1639 485 1706 525 de-

134 553 241 600 inde,
272 558 490 603 quatenus,
521 549 717 589 societate
739 549 850 588 civili
872 549 1113 596 constituta,
1147 550 1377 589 membrum
1398 550 1586 589 eiusdem
1604 561 1705 588 cor-

138 618 248 671 poris
279 616 434 669 politici
466 629 548 655 una
568 629 663 654 cum
684 615 776 654 aliis
806 615 995 654 efficitur.
1029 615 1244 654 Consimili
1260 615 1344 656 fere
1375 622 1496 667 pacto
1516 615 1707 653 diversae

137 680 400 733 respublicae
430 686 500 719 aut
537 679 729 719 nationes
760 679 964 730 duplicem
995 678 1376 718 considerationem
1406 677 1707 730 praeseferunt.

141 746 326 787 Primum
366 746 475 786 enim
505 744 686 797 spectari
716 751 889 796 possunt
926 745 968 783 in
998 750 1109 783 statu
1143 757 1255 784 mere
1286 745 1454 791 nativo,
1500 750 1708 796 quatenus

140 823 330 852 seorsum
360 824 455 850 cum
485 817 627 850 mutua
646 809 967 861 independentia
997 816 1276 857 enascuntur;
1312 808 1471 855 deinde,
1503 814 1712 860 quatenus

137 876 192 916 ad
220 875 462 915 societatem
493 887 620 914 unam
648 873 1011 914 internationalem
1050 873 1253 913 stabiliter
1292 872 1597 912 efformandam
1632 872 1716 911 im-

137 941 257 993 pulsu
287 946 459 979 naturae
488 939 724 978 incitantur.
756 940 807 978 Et
827 939 1023 992 quoniam
1053 939 1255 979 eiusmodi
1286 938 1508 990 propensio
1530 938 1581 976 ab
1604 937 1709 989 ipsis

142 1006 319 1059 positive
349 1005 599 1056 complenda
629 1012 717 1053 est,
748 1012 791 1044 ut
812 1006 1005 1044 effectum
1036 1005 1252 1054 sortiatur;
1285 1004 1415 1045 oritur·
1443 1004 1542 1043 hinc
1572 1009 1617 1042 ut
1647 1016 1718 1054 po-

140 1069 287 1109 sitivae
317 1068 530 1108 societatis
559 1068 892 1108 internationalis
921 1068 1187 1116 constitutio,
1218 1081 1469 1120 quamquam
1499 1066 1709 1106 naturalis

144 1134 329 1182 dicatur,
361 1140 581 1185 propterea
610 1132 718 1184 quod
747 1132 880 1171 ordini
901 1138 940 1171 et
961 1132 1228 1184 propensioni
1256 1137 1434 1171 naturae
1463 1129 1707 1182 respondet3

142 1205 282 1238 tamen
311 1198 444 1251 quoad
474 1197 789 1238 exsecutionem
819 1211 844 1236 a
874 1197 1085 1236 voluntate
1116 1204 1238 1250 atque
1268 1211 1294 1236 a
1322 1196 1598 1236 conventione
1629 1196 1713 1234 hu-

141 1279 268 1305 mana
299 1265 540 1316 dependeat:
570 1264 774 1316 siquidem
803 1277 854 1304 ex
885 1264 1128 1316 aequalibus
1157 1271 1196 1303 et
1227 1268 1368 1302 mutuo
1389 1261 1712 1313 independenti-

140 1330 216 1369 bus
238 1329 423 1381 partibus
454 1327 653 1379 exsurgit.
686 1328 731 1366 Id
760 1341 835 1366 suo
859 1327 949 1366 loco
980 1326 1295 1379 explicabimus:
1326 1333 1368 1365 at
1389 1326 1472 1364 iam
1504 1338 1614 1364 nunc
1637 1324 1706 1362 in-

143 1409 269 1436 nuere
300 1395 516 1442 voluimus,
546 1394 598 1433 ad
619 1393 818 1433 materiae
850 1393 1111 1445 partitionem
1134 1391 1456 1445 proponendam.
1481 1391 1714 1442 Postquam

143 1459 255 1500 enim
285 1459 325 1498 in
357 1464 467 1498 statu
495 1464 663 1497 mutuae
693 1456 1039 1509 independentiae
1068 1456 1294 1495 relationes
1329 1455 1574 1507 populorum
1613 1461 1721 1493 tem-

143 1539 243 1578 pore
276 1532 360 1564 tum
391 1524 507 1576 pacis
536 1530 622 1563 tum
643 1523 737 1563 belli
768 1522 1134 1574 perpenderimus;
1167 1523 1216 1561 de
1246 1521 1426 1574 positiva
1455 1520 1528 1559 illa
1558 1533 1719 1560 conso-

144 1588 325 1628 ciatione
368 1587 552 1639 gentium
580 1587 623 1626 in
654 1599 805 1638 corpus
835 1599 960 1625 unum
999 1585 1321 1625 inter-nationale
1351 1585 1551 1624 dicemus.
1596 1585 1716 1631 Quae

145 1652 308 1705 quidem
340 1652 480 1692 omnia
509 1653 638 1692 tribus
669 1652 876 1692 distinctis
907 1651 1113 1703 capitibus
1143 1664 1456 1703 persequemur.

642 1852 890 1904 CAPUT
929 1851 1234 1904 PRIMUM

437 2009 490 2034 DE
521 2008 712 2034 GENTIUM
742 2009 1047 2036 RELATIONIBUS
1076 2011 1116 2035 IN
1147 2010 1281 2036 STATU
1311 2009 1440 2035 PACIS.

207 2114 243 2151 1.
274 2112 376 2160 Quid
404 2116 543 2153 status
572 2113 701 2164 pacis.
733 2114 827 2152 Pax
856 2113 1049 2152 definitur
1078 2127 1103 2152 a
1134 2114 1173 2152 S.
1194 2113 1459 2165 Augustino:
1498 2113 1729 2165 Tranquil-

155 2176 253 2216 litas
276 2177 455 2217 ordinis.
488 2180 607 2217 Tunc
628 2178 752 2230 igitur
781 2178 973 2218 nationes
1002 2178 1107 2218 inter
1128 2192 1173 2218 se
1202 2178 1246 2217 in
1266 2184 1377 2218 statu
1406 2179 1521 2231 pacis
1552 2191 1646 2218 esse
1669 2179 1727 2218 di-

152 2247 313 2291 cuntur,
344 2256 441 2282 cum
462 2244 600 2284 stabili
628 2244 763 2296 quiete
785 2257 831 2283 se
861 2250 1002 2284 mutuo
1023 2245 1080 2284 ita
1100 2245 1340 2296 respiciunt,
1371 2245 1723 2297 quemadmodum

151 2308 251 2346 ordo
282 2308 477 2360 requirit,
516 2322 567 2348 ac
597 2310 770 2361 proinde
800 2310 905 2349 ultro
935 2309 1120 2362 citroque
1148 2310 1288 2350 officia
1329 2311 1401 2350 illa
1430 2311 1507 2350 sibi
1543 2311 1725 2351 invicem

150 2376 379 2422 praestant,
410 2385 517 2423 quae
546 2373 615 2412 lex
644 2374 847 2413 naturalis
877 2375 1136 2426 praescribit.

201 2437 236 2474 2.
265 2437 438 2477 Partitio
470 2438 644 2489 capitis.
676 2440 737 2479 De
759 2440 1030 2480 relationibus
1051 2441 1177 2493 igitur
1207 2441 1366 2489 dicturi,
1389 2455 1495 2494 quae
1515 2448 1664 2494 gentes
1685 2443 1729 2482 in

149 2501 230 2540 hoc
251 2507 360 2541 statu
381 2502 496 2554 pacis
517 2504 717 2552 afficiunt,
748 2512 924 2557 quatuor
943 2506 1290 2558 investigabimus
1308 2520 1316 2547 :
1347 2514 1490 2547 mutua
1511 2508 1730 2548 nationum

150 2566 289 2606 officia
309 2568 552 2619 generatim3
575 2575 768 2608 naturam
787 2571 1040 2619 commercii,
1064 2585 1142 2623 quo
1165 2571 1242 2611 sibi
1258 2571 1439 2611 invicem
1456 2572 1722 2623 opitulantur;

152 2629 448 2681 obligationem
469 2632 693 2681 foederum,
725 2633 873 2686 quibus
893 2648 1005 2675 nova
1025 2648 1154 2675 onera
1183 2636 1261 2675 sibi
1283 2636 1468 2676 vicissim
1490 2637 1726 2689 imponunt;

152 2694 221 2734 Ius
238 2695 461 2748 legationis
473 2697 524 2736 ad
536 2710 683 2749 pacem
700 2698 894 2738 alendam
912 2712 961 2738 ac
974 2698 1237 2739 dissidiorum
1255 2700 1442 2752 pericula
1457 2700 1729 2741 removenda.
