1970 3203
211 238 348 264 CAPUT
374 237 412 263 11.
443 236 496 263 DE
525 236 786 269 OPERATIONE
807 237 985 263 HUMANA
1004 234 1143 261 PROUT
1163 234 1409 262 ORDINATUR
1429 234 1468 260 IN
1489 233 1615 260 FINEM
1643 221 1694 260 61.

128 315 230 355 citer
258 316 407 355 furtum
442 316 514 355 sed
543 315 822 367 sacrilegium.
858 316 969 367 Ergo
1008 315 1156 355 falsum
1187 321 1274 363 est,
1305 314 1487 366 speciem
1531 326 1695 366 semper

128 381 271 421 haberi
301 395 354 421 ex
384 381 544 421 obiecto
574 381 615 420 in
643 387 742 422 actu
772 381 931 420 morali.
1570 378 1573 379 ⁷

181 446 230 484 R.
259 445 369 484 Dist.
400 448 486 484 ant.
527 445 784 496 Quandoque
822 444 1161 484 circumstantiae
1200 444 1476 485 determinant
1511 443 1697 496 speciem

111 504 247 548 ‘actus
263 508 446 556 moralis,
463 509 627 560 quando
644 513 860 548 transeunt
876 508 917 547 in
934 507 1212 547 conditionem
1230 508 1393 555 obiecti,
1410 521 1511 547 conc
1525 522 1541 554 ,·
1558 520 1694 559 quan-

128 571 179 610 do
207 579 379 612 manent
408 586 546 613 merae
576 573 928 622 circumstantiae,
960 587 1077 626 nego.

180 639 359 679 Evenire
387 645 524 691 potest
543 644 588 678 ut
607 639 958 688 circumstantiae,
975 647 1142 692 propter
1162 640 1413 691 peculiarem
1446 639 1696 679 convenien-

128 701 228 741 tiam
244 703 309 742 vel
326 702 647 754 discrepantiam
664 704 716 743 ab
733 704 876 743 ordine
896 703 1081 750 rationis,
1100 704 1273 743 induant
1294 712 1333 743 et
1354 704 1470 755 ipsae
1487 705 1693 744 rationem

131 768 292 816 obiecti,
323 775 362 808 et
390 783 557 817 novam,
587 771 726 823 specie
756 771 977 817 diversam,
1007 770 1217 811 adducant
1237 771 1464 810 bonitatem
1485 773 1549 810 vel
1571 769 1694 809 mali-

131 832 244 874 tiam.
264 833 332 873 Sic
354 839 417 873 est
437 834 485 874 de
506 836 695 887 exemplo
716 835 907 886 superius
923 835 1061 883 allato;
1083 834 1192 886 quod
1207 847 1290 873 nou
1307 835 1441 873 solum
1464 841 1527 874 est
1545 834 1697 874 furtum

131 905 298 951 propter
325 900 513 952 rapinam
543 901 602 941 rei
631 901 794 941 alienae
812 934 820 949 ,
860 900 933 940 sed
972 901 1095 940 etiam
1126 900 1394 953 sacrilegium
1425 907 1591 953 propter
1620 899 1701 940 loci

132 963 411 1011 sanctitatem,
439 977 546 1016 quae
569 964 757 1004 violatur.
781 965 861 1004 Sed
882 964 1046 1016 quando
1067 970 1236 1004 manent
1257 977 1398 1003 merae
1419 964 1698 1004 circumstan-

77 1039 85 1049 ·
132 1028 227 1077 tiae,
257 1036 300 1069 ut
326 1030 361 1070 si
390 1030 482 1082 quis
511 1030 668 1070 furetur
695 1044 869 1083 parvam
899 1037 969 1069 aut
1010 1043 1209 1081 magnam
1239 1029 1322 1069 vim
1351 1030 1553 1082 pecuniae
1574 1063 1583 1078 ‚
1616 1043 1700 1069 non

133 1102 295 1137 mutant
323 1096 507 1149 speciem
535 1101 655 1137 actus
684 1096 865 1144 moralis,
889 1096 962 1136 sed
983 1102 1141 1135 tantum
1158 1095 1246 1135 eius
1267 1096 1516 1147 gravitatem
1547 1095 1699 1149 ampli-

133 1162 262 1200 ficant
290 1167 361 1200 aut
389 1160 590 1209 minuunt,
619 1168 692 1202 aut
720 1161 844 1200 etiam
879 1160 1192 1200 accidentaliter
1221 1160 1426 1200 afficiunt.

190 1225 318 1264 Obiic.
350 1225 423 1265 III.
455 1225 560 1264 Cum
589 1225 795 1265 obiectum
834 1231 897 1264 est
939 1224 1206 1272 indifferens,
1238 1224 1388 1277 poterit
1417 1224 1508 1276 quis
1539 1221 1703 1275 operari

135 1295 301 1340 propter
328 1288 462 1340 ipsum
484 1288 702 1336 obiectum,
720 1289 815 1341 quin
830 1288 942 1328 aliud
958 1288 1155 1328 intendat.
1177 1290 1224 1327 In
1241 1302 1289 1329 eo
1307 1302 1410 1329 casu
1440 1288 1562 1336 actio,
1580 1286 1704 1326 etiam

133 1360 331 1394 'concrete
361 1360 561 1406 spectata,
591 1355 668 1395 erit
694 1355 947 1396 indifferens.

189 1422 239 1461 R.
267 1420 389 1473 Negyo
419 1421 677 1461 antecedens.

194 1486 298 1525 Cum
319 1485 564 1538 principium
595 1497 762 1528 actuum
785 1488 1064 1528 humanorum
1084 1488 1137 1527 sit
1155 1488 1273 1537 ratio,
1295 1496 1334 1528 et
1353 1488 1458 1528 ratio
1481 1487 1709 1527 deliberata

78 1547 80 1549 ’
138 1555 317 1600 nequeat
333 1562 417 1588 non
434 1550 706 1601 praestituere
724 1550 802 1591 sibi
822 1551 864 1590 in
881 1551 1090 1603 operando
1106 1552 1283 1604 aliquem
1300 1554 1437 1600 finem3
1455 1551 1709 1603 impossibile

142 1621 206 1655 est
227 1621 270 1654 ut
290 1620 410 1654 actus
430 1615 638 1655 humanus
655 1616 875 1656 deliberate
892 1618 964 1656 fiat
984 1617 1037 1656 ab
1057 1618 1238 1665 homine,
1259 1626 1425 1670 propter
1441 1618 1574 1670 ipsum
1592 1617 1708 1656 obie—

141 1686 252 1721 ctum
282 1680 536 1728 indifferens,
567 1681 676 1733 quod
704 1682 785 1727 hoc
814 1683 916 1735 ipso,
948 1683 1055 1734 quod
1085 1690 1147 1723 est
1175 1683 1437 1731 indifferens,
1468 1696 1552 1722 non
1582 1683 1707 1723 habet

140 1744 344 1784 rationem
373 1745 470 1784 finis
500 1745 573 1784 sed
603 1746 737 1785 medii.
770 1747 1007 1794 Praeterea,
1029 1747 1283 1798 impossibile
1304 1754 1365 1787 est
1387 1754 1429 1786 ut
1457 1753 1588 1795 actus,
1618 1760 1712 1787 con-

141 1816 252 1850 crete
280 1810 504 1862 inspectus,
534 1818 680 1852 careat
709 1812 1037 1853 circumstantiis
1067 1813 1275 1865 temporis,
1296 1813 1390 1860 loci,
1422 1812 1544 1860 modi,
1562 1826 1703 1865 oppor-

140 1875 328 1915 tunitatis
357 1881 398 1915 et
426 1875 632 1924 similium,
663 1890 770 1929 quae
799 1884 839 1917 et
867 1877 983 1929 ipsae
1012 1879 1253 1930 plerumque
1273 1879 1452 1917 afferunt
1482 1878 1707 1917 bonitatem

141 1940 208 1980 vel
235 1939 447 1988 malitiam,
478 1946 682 1992 quatenus
713 1955 925 1982 consonae
955 1942 1038 1982 sint
1068 1943 1132 1982 vel
1163 1943 1357 1982 dissonae
1398 1942 1563 1982 rationi.
1595 1942 1707 1981 Con-

141 2004 303 2055 tingere
335 2010 476 2043 tamen
505 2012 642 2056 potest
670 2011 714 2045 ut
741 2007 831 2059 quis
861 2013 1053 2058 operetur
1082 2007 1172 2046 sine
1210 2007 1505 2047 deliberatione
1545 2011 1584 2046 et
1613 2018 1709 2044 cum

142 2076 282 2109 mente
298 2070 380 2110 alio
401 2079 593 2120 avocata,
616 2077 656 2112 et
671 2073 732 2112 sic
748 2079 888 2112 actum
903 2073 1205 2113 indifferentem
1225 2080 1432 2113 exerceat.
1452 2074 1570 2111 Tunc
1593 2078 1713 2110 actus

143 2136 210 2176 ille
239 2150 321 2177 non
344 2139 419 2177 erit
440 2140 665 2186 humanas,
687 2138 761 2177 sed
783 2139 979 2186 hominis,
1001 2143 1044 2177 ut
1066 2138 1145 2178 dici
1166 2140 1296 2187 solet3
1322 2153 1372 2179 ac
1394 2138 1565 2191 proinde
1586 2150 1711 2176 casus

146 2201 223 2242 erit
253 2209 372 2242 extra
402 2208 661 2254 praesentem
692 2203 991 2256 quaestionem.
1022 2202 1101 2242 Hic
1131 2203 1240 2242 enim
1280 2203 1443 2255 agimus
1474 2202 1523 2241 de
1552 2200 1714 2240 actibus

146 2265 355 2313 humanis,
385 2277 460 2305 seu
489 2279 542 2305 ex
572 2266 868 2306 deliberatione
898 2266 1272 2318 proficiscentibus.

781 2402 1026 2442 ARTICULUS
1055 2403 1104 2440 V.

439 2526 505 2565 De
537 2527 862 2580 z'mpatabilitate
892 2531 1108 2570 actionum
1138 2533 1439 2572 humanas-arn.

202 2659 265 2697 55.
297 2659 398 2707 Quid
417 2660 733 2712 imputabilitas.
751 2662 1051 2716 Imputabilitas
1068 2663 1223 2703 actioni
1240 2664 1436 2716 competit
1454 2676 1504 2703 ex
1528 2676 1589 2710 eo,
1611 2662 1719 2714 quod

151 2723 203 2762 ad
235 2737 420 2773 causam,
450 2725 558 2765 unde
587 2728 783 2778 procedit,
813 2728 1030 2769 referatur.
1063 2730 1202 2776 Quare
1231 2729 1393 2769 definiri
1423 2733 1580 2781 potest:
1602 2728 1718 2766 Pro-

144 2788 325 2839 prietas,
356 2790 400 2828 vi
425 2791 547 2831 caius
575 2794 686 2833 actio
717 2794 990 2835 attractionis
1007 2795 1179 2835 omissio
1199 2795 1348 2848 ayenti
1375 2794 1592 2842 tribuitur,
1618 2798 1714 2833 tam-

157 2865 286 2904 qaam
316 2869 412 2895 vero
443 2859 614 2898 auctori
641 2861 683 2897 et
707 2872 874 2900 causae.
895 2861 953 2900 Ut
974 2865 1097 2910 patet,
1118 2865 1204 2899 tota
1220 2866 1374 2913 quanta
1397 2865 1460 2898 est
1491 2859 1533 2898 in
1553 2856 1716 2909 agentis

157 2917 347 2959 libertate
375 2920 579 2960 fundatur.
609 2923 791 2975 Agentia
834 2914 942 2963 eriim
984 2924 1226 2963 necessaria
1268 2924 1475 2963 habentur
1513 2921 1647 2973 potius
1676 2928 1719 2959 ut
