1970 3203
243 249 378 275 CAPUT
406 249 445 275 11.
476 247 528 274 DE
559 247 826 274 OPERATIONE
848 248 1025 274 HUMANA
1046 246 1184 274 PROUT
1206 247 1450 274 ORDINATUR
1468 248 1507 273 ῐΝ
1524 248 1651 274 FINEM
1678 235 1728 274 63

158 338 286 364 causa
306 323 494 372 actionis,
511 337 635 375 quam
654 323 773 372 facit;
797 337 850 363 ex
870 325 960 377 ipso
982 324 1092 364 enim
1114 324 1263 376 pendet
1283 324 1392 377 quod
1412 324 1482 363 illa
1502 324 1555 365 sit
1578 325 1726 376 potius,

154 403 276 442 quam
306 403 390 429 non
419 389 483 429 sit.
514 389 625 440 Ergo
654 396 774 429 actus
805 389 985 437 homini,
1016 389 1143 429 libere
1173 389 1339 442 agenti,
1370 390 1458 430 iure
1488 390 1723 442 imputatur.

151 454 218 494 Ad
246 468 332 494 rem
364 455 403 494 S.
436 454 642 494 Thomas:
675 469 695 493 «
729 456 848 493 Tunc
878 461 997 493 actus
1026 454 1249 505 imputatur
1272 456 1434 507 agenti,
1466 457 1630 508 quando
1660 463 1724 496 est

149 521 192 558 in
213 526 416 572 potestate
438 520 579 573 ipsius;
600 519 657 560 ita
677 520 784 572 quod
805 520 958 560 habeat
981 520 1205 558 dominium
1236 520 1453 564 suiactus.
1474 522 1567 561 Hoc
1584 528 1721 562 autem

150 588 212 624 est
241 583 284 622 in
313 584 506 624 omnibus
536 583 698 624 actibus
729 583 979 629 voluntatis;
1002 583 1098 635 quia
1128 596 1200 635 per
1222 584 1476 623 voluntatem
1498 585 1622 624 homo
1645 585 1721 624 do-

153 645 325 685 minium
356 646 419 685 sui
449 652 568 686 actus
598 646 723 686 habet
756 647 829 698 (1).
863 661 882 683 »

203 712 388 764 Idipsum
418 717 529 764 patet
558 725 584 750 a
612 711 745 763 signo.
778 713 897 759 Nam,
931 725 1024 751 cum
1055 711 1147 763 quis
1177 723 1229 750 ne
1260 711 1369 750 actio
1399 713 1477 764 ipsi
1498 713 1721 765 imputetur

150 790 301 817 cavere
331 777 499 826 nititurg
530 790 614 816 non
643 777 769 816 aliam
800 777 1115 816 excusationem
1145 777 1277 824 affert,
1307 777 1387 816 nisi
1418 779 1525 830 quod
1556 779 1658 819 liber
1677 779 1719 818 in

152 853 202 880 ea
231 840 435 892 patranda
455 853 539 879 non
564 839 697 887 fuerit,
718 840 806 880 sive
828 846 993 893 propter
1022 840 1301 891 ignorantiam
1328 841 1416 880 sive
1447 848 1613 893 propter
1643 843 1722 881 im-

152 905 391 957 potentiam.
412 906 475 944 Ex
505 917 584 957 quo
614 905 806 957 implicite
837 905 987 945 fatetur
1016 901 1104 945 iure
1132 912 1272 944 actum
1292 905 1370 958 ipsi
1392 906 1596 958 imputari,
1629 921 1724 947 cum

156 984 207 1010 ex
239 971 326 1011 eius
358 971 585 1011 deliberata
616 972 827 1011 voluntate
858 971 1055 1024 procedit.

206 1035 268 1075 58.
299 1037 552 1074 Pffoposmo
584 1034 639 1074 3³.
671 1035 737 1074 Ex
767 1036 1046 1087 imputatione
1076 1039 1196 1075 actas
1227 1036 1318 1075 iure
1351 1038 1446 1076 laus
1468 1040 1546 1076 αιιί
1560 1038 1720 1091 vitupe-

155 1100 269 1139 rium
298 1100 487 1152 emergit.

206 1164 332 1204 Proh.
364 1165 468 1204 Cum
498 1164 607 1205 actio
638 1177 721 1205 non
752 1173 986 1217 utcumque,
1018 1165 1212 1220 nimirum
1242 1166 1414 1218 physice
1444 1173 1605 1208 tantum
1634 1182 1723 1221 spe-

151 1237 277 1280 ctata,
308 1231 380 1271 sed
409 1237 452 1270 ut
481 1231 634 1270 affecta
662 1231 912 1278 moralitate,
942 1244 1017 1270 seu
1047 1239 1089 1270 ut
1109 1232 1287 1271 honesta
1308 1238 1372 1272 est
1391 1233 1455 1272 vel
1477 1234 1619 1286 turpis,
1644 1234 1726 1273 im-

151 1299 328 1345 putatum
350 1293 419 1346 qui
437 1306 529 1333 eam
550 1293 660 1342 facit,
692 1307 790 1333 vere
821 1295 1111 1334 consideratur
1132 1302 1343 1348 tamquam
1363 1303 1510 1336 auctor
1531 1298 1722 1350 propriae

151 1359 415 1411 perfectionis
444 1359 509 1398 vel
539 1359 816 1411 turpitudinis,
847 1360 888 1398 in
909 1373 1064 1412 genere
1090 1374 1265 1401 morum.
1289 1362 1398 1401 Hinc
1427 1362 1554 1402 oritur
1575 1370 1618 1403 ut
1641 1364 1726 1404 exi-

152 1425 389 1465 stimatione
418 1425 484 1464 vel
512 1425 813 1476 vituperatione
835 1429 888 1465 sit
915 1426 1077 1477 dignus.
1099 1427 1299 1478 Apposite
1321 1429 1360 1467 S.
1390 1429 1586 1470 Thomas:
1613 1445 1632 1467 «
1656 1432 1720 1470 Ex

153 1492 232 1532 hoc
264 1491 414 1530 dicitur
442 1496 562 1530 actus
591 1490 820 1542 culpabilis,
852 1492 915 1531 vel
936 1491 1165 1540 laudabilis,
1189 1493 1296 1544 quod
1321 1489 1721 1547 imputatur'agenti.

155 1555 266 1594 Nihil
297 1554 407 1594 enim
438 1560 500 1593 est
528 1553 639 1592 aliud
658 1554 819 1593 laudari
842 1555 905 1593 vel
929 1555 1099 1605 culpari,
1121 1568 1243 1607 quam
1270 1555 1460 1607 imputari
1481 1557 1606 1596 alicui
1628 1572 1719 1598 ma-

152 1619 284 1658 litiam
314 1619 380 1657 vel
408 1617 634 1657 bonitatem
666 1617 729 1656 sui
759 1624 877 1657 actus
909 1619 983 1668 (⁶2).
1011 1633 1030 1655 >›

206 1685 268 1724 59.
301 1685 557 1722 Pssoposmo
587 1683 644 1720 4²².
676 1681 772 1720 Etsi
808 1681 1116 1734 immutabilitas
1150 1695 1244 1721 cum
1275 1684 1520 1723 moralitate
1561 1698 1726 1737 semper

153 1747 472 1799 coniungatur,
503 1745 553 1784 ab
585 1745 661 1784 illa
694 1748 835 1784 tamen
864 1745 1075 1797 distinqui
1104 1745 1228 1785 debet.

205 1813 328 1852 Prob.
360 1810 636 1863 Coniungitur
666 1810 842 1862 quidem,
865 1811 961 1863 quia
981 1811 1093 1849 nulla
1114 1811 1223 1851 actio
1244 1813 1407 1864 proprie
1437 1813 1607 1853 moralis
1628 1826 1722 1854 esse

151 1884 298 1930 potest,
328 1877 408 1917 nisi
437 1877 489 1916 sit
518 1876 643 1916 etiam
674 1876 817 1915 libera.
849 1877 922 1915 Est
943 1876 1051 1915 enim
1074 1876 1244 1916 libertas
1265 1878 1513 1918 elementum
1534 1879 1645 1928 illud,
1668 1893 1722 1919 ex

149 1955 229 1993 quo
259 1941 387 1981 oritur
408 1946 458 1980 'ut
488 1940 588 1980 ordo
618 1939 791 1979 rationis
821 1940 1075 1979 voluntatem
1105 1940 1274 1979 afficere
1305 1946 1344 1980 et
1372 1941 1414 1980 in
1444 1942 1605 1982 actibus
1623 1975 1632 1990 ,
1655 1943 1723 1994 qui

149 2005 201 2043 ab
221 2004 388 2043 homine
406 2004 520 2052 fiunt,
537 2003 678 2042 inesse
708 2003 850 2054 possit.
873 2003 1067 2042 Similiter
1088 2003 1197 2042 actio
1219 2004 1333 2044 nulla
1355 2005 1485 2045 libera
1505 2006 1547 2044 in
1567 2006 1721 2046 indivi-

151 2067 229 2106 duo
250 2067 449 2119 exsurgit,
472 2066 569 2119 quin
590 2066 729 2119 aliqua
749 2066 983 2106 moralitate
1002 2066 1241 2107 instruatur.
1267 2069 1322 2107 Ut
1344 2068 1454 2107 enim
1476 2082 1602 2114 supra
1623 2069 1719 2117 dixi,

150 2132 257 2172 actio
287 2133 329 2171 in
359 2133 582 2180 individuo,
614 2145 720 2184 quae
739 2132 982 2171 indifferens
1003 2131 1067 2178 sit,
1090 2144 1173 2171 non
1205 2132 1335 2173 datur.
1360 2135 1573 2174 Moralitas
1593 2135 1718 2188 igitur

151 2204 191 2237 et
219 2198 515 2250 imputabilitas
544 2197 586 2235 in
603 2197 769 2237 actione
790 2197 975 2236 humana
996 2210 1160 2247 semper
1181 2199 1487 2239 consociantur.
1511 2201 1717 2241 Confundi

150 2274 248 2300 vero
277 2275 360 2300 non
390 2261 568 2309 debent;
599 2261 695 2313 quia
724 2259 946 2312 utriusque
964 2260 1089 2308 noti0‚
1130 2268 1173 2300 ut.
1193 2274 1245 2301 ex
1266 2262 1385 2302 dictis
1405 2270 1529 2315 patet,
1551 2264 1717 2304 diversa

152 2331 226 2365 est.
258 2326 390 2376 Immo
420 2325 543 2364 etiam
573 2324 818 2377 quandoque
846 2330 982 2376 potest
1011 2324 1133 2363 alicui
1153 2324 1347 2376 imputari
1377 2326 1498 2374 actio,
1520 2327 1616 2379 quin
1637 2341 1717 2367 mo-

149 2391 294 2430 ralitas
323 2391 569 2442 imputetur;
599 2389 635 2429 si
665 2389 769 2429 forte
798 2389 833 2428 is
863 2389 967 2428 liber
995 2389 1037 2428 in
1067 2403 1116 2429 ea
1138 2391 1350 2430 exerenda
1378 2391 1511 2440 fuerit,
1532 2393 1606 2432 sed
1627 2393 1714 2433 eius

148 2456 347 2495 malitiam
367 2462 534 2508 propter
553 2455 833 2507 ignorantiam
855 2467 937 2494 non
958 2455 1193 2495 adverterit.
1220 2457 1448 2496 Praeterea
1469 2464 1604 2510 potest
1622 2460 1713 2511 quis

145 2519 401 2571 investigare
430 2519 606 2570 primum
635 2532 690 2558 an
720 2518 828 2557 actio
858 2518 1100 2570 imputanda
1121 2519 1173 2559 sit
1193 2520 1347 2571 agenti,
1370 2528 1409 2561 et
1442 2522 1637 2576 deinceps
1657 2524 1714 2562 in-

146 2584 307 2636 quirere
337 2592 474 2624 utrum
504 2584 683 2622 honesta
711 2583 763 2622 sit
792 2583 856 2622 vel
886 2583 1028 2635 turpis.
1060 2585 1179 2631 Quod
1207 2592 1319 2625 certe
1346 2587 1435 2627 fieri
1456 2589 1654 2641 nequiret,
1676 2589 1711 2629 si

149 2647 366 2687 moralitas
395 2661 488 2687 oum
518 2647 831 2699 imputabilitate
861 2653 1182 2688 converteretur.

190 2777 239 2817 (1)
266 2777 421 2810 Summa
441 2777 488 2810 tlt.
514 2779 554 2810 1.·
578 2779 632 2823 23⁸³
669 2787 698 2818 q.
724 2778 820 2815 XXI,
844 2788 870 2809 a.
895 2778 922 2809 2.

188 2832 239 2871 (2)
264 2831 403 2865 Ibidem.
