1970 3203
206 215 257 255 78
889 230 1106 258 ETHICA

208 307 382 347 sibilitas
400 308 517 348 iuxta
538 314 698 360 partem
719 313 807 348 tum
825 306 1195 360 concupiscibilem
1213 311 1299 346 tum
1314 304 1578 347 irascibilem.
1602 306 1791 353 Quatuor

204 371 329 423 igitur
351 379 568 425 emergunt
592 372 765 412 virtutes
786 371 1021 423 primitivae
1038 377 1077 411 et
1097 369 1311 422 capitales,
1329 369 1783 423 videlicetprudentia,

203 436 382 485 iustitia,
409 436 692 489 temperantia
714 435 1000 487 etfortitudo,
1023 435 1075 474 ad
1098 447 1201 486 quas
1223 439 1390 473 ceterae
1411 433 1582 474 virtutes
1602 435 1786 473 morales

197 501 239 540 in
269 514 344 540 suo
376 514 563 553 quaeque
593 501 738 540 ordine
773 500 1042 540 reducuntur.

252 566 367 604 Idem
402 565 617 613 evincitur,
648 566 684 605 si
713 579 766 605 ex
802 564 994 604 subiecto
1017 562 1398 602 considerationem
1419 561 1711 602 transferimus
1733 562 1788 602 ad

198 632 419 672 obiectum.
444 633 551 672 Nam
581 632 735 672 bonum
769 631 972 678 rationis,
1005 630 1122 670 circa
1152 630 1261 682 quod
1291 629 1421 670 virtus
1452 636 1654 679 versatur,
1686 643 1785 682 spe-

199 696 304 736 ctari
333 703 468 749 potest
498 698 563 738 vel
594 704 790 750 respectu
822 696 956 748 ipsius
986 694 1155 743 ordinis,
1177 694 1246 746 qui
1267 707 1292 733 a
1313 695 1473 733 ratione
1494 693 1690 746 procedit,
1713 695 1779 733 vel

199 772 394 818 respectu
425 765 627 805 materiae
648 797 657 813 ,
689 765 756 804 cui
789 764 891 803 ordo
925 763 994 803 ille
1023 761 1258 814 imponitur,
1289 766 1329 800 et
1358 774 1464 813 quae
1499 760 1690 801 consistit
1721 761 1787 800 vel

199 830 242 869 in
273 830 599 883 operationibus,
632 842 700 868 res
739 827 969 869 exteriores
999 826 1318 878 respicientibus
1339 827 1569 866 secundum
1592 839 1782 865 commu—

199 893 455 934 nicationem
475 894 687 933 humanae
709 892 830 940 vitae,
853 893 921 931 vel
942 892 984 930 in
1007 890 1274 943 passionibus
1295 891 1590 943 temperandis,
1611 903 1663 930 ne
1685 890 1783 942 fuga

205 958 304 997 mali
323 964 395 998 aut
426 957 618 1009 cupidine
636 956 732 996 boni
750 956 959 996 dictamen
988 955 1162 995 rationis
1190 956 1429 1008 impediant.
1450 970 1469 994 «
1487 957 1695 995 Numerus
1716 956 1786 995 ali-

204 1037 393 1076 quorum,
411 1022 471 1062 sic
491 1022 600 1061 &Th
609 1035 739 1070 omaS,
751 1020 885 1073 accipi
902 1026 1038 1073 potest
1049 1021 1113 1059 vel
1131 1020 1360 1060 secundum
1374 1020 1578 1072 principia
1593 1019 1784 1060 formalia

199 1104 272 1130 aut
294 1089 525 1130 secundum
545 1088 746 1137 subiecta3
765 1096 806 1129 et
833 1096 1009 1139 utroque
1039 1088 1158 1127 modo
1175 1087 1446 1128 inveniuntur
1461 1094 1638 1140 quatuor
1657 1087 1785 1127 cardi-

199 1155 317 1193 nales
348 1153 535 1193 virtutes.
555 1152 814 1204 Principium
832 1152 943 1192 enim
960 1152 1133 1192 formale
1149 1152 1324 1200 virtutis,
1347 1153 1397 1192 de
1413 1166 1493 1205 qua
1516 1166 1627 1191 nunc
1644 1151 1779 1204 loqui-

201 1231 308 1267 mur,
339 1224 404 1258 est
434 1216 608 1256 rationis
626 1217 792 1267 bonum,
811 1218 921 1270 quod
942 1218 1106 1270 quidem
1124 1218 1340 1270 dupliciter
1355 1224 1490 1271 potest
1511 1217 1779 1258 considerari.

197 1283 293 1322 Uno
317 1282 442 1321 modo
466 1281 695 1321 secundum
720 1283 828 1333 quod
845 1282 887 1320 in
917 1283 1010 1335 ipsa
1035 1283 1371 1322 consideratione
1387 1283 1562 1322 rationis
1578 1281 1780 1330 consistit,

197 1355 237 1386 et
266 1348 327 1386 sic
358 1346 435 1385 erit
453 1359 536 1385 una
566 1345 699 1385 virtus
720 1346 977 1399 principalis,
999 1361 1106 1399 quae
1127 1347 1274 1386 dicitur
1289 1347 1518 1399 prudentia.
1541 1346 1635 1385 Alio
1657 1345 1780 1385 modo

196 1412 429 1450 secundum
451 1409 560 1462 quod
591 1409 706 1449 circa
736 1411 889 1463 aliquid
909 1412 1076 1463 ponitur
1105 1411 1280 1451 rationis
1296 1412 1410 1459 ordo,
1428 1418 1468 1451 et
1483 1412 1565 1451 hoc
1581 1412 1647 1451 vel
1664 1410 1778 1450 circa

196 1474 476 1527 operationes,
501 1481 539 1513 et
555 1475 616 1513 sic
637 1481 699 1513 est
718 1475 888 1524 iustitia,
907 1477 971 1515 vel
992 1476 1106 1516 circa
1126 1476 1360 1528 passiones,
1377 1484 1417 1517 et
1439 1476 1500 1517 sic
1520 1488 1696 1515 necesse
1717 1483 1780 1514 est

199 1553 294 1580 esse
316 1539 421 1578 duas
452 1538 636 1578 virtutes.
661 1539 860 1579 Ordinem
881 1540 990 1580 enim
1012 1540 1186 1580 rationis
1206 1554 1383 1581 necesse
1404 1549 1466 1581 est
1488 1552 1644 1592 ponere
1665 1537 1783 1578 circa

195 1606 431 1657 passiones,
454 1604 724 1644 considerata
744 1607 1023 1658 repugnantia
1042 1606 1228 1658 ipsarum
1258 1608 1312 1646 ad
1332 1608 1549 1655 rationem,
1570 1620 1676 1659 quae
1697 1606 1778 1658 qui-

196 1671 288 1709 dem
306 1675 443 1721 potest
464 1681 557 1707 esse
575 1668 802 1720 dupliciter.
827 1671 917 1709 Uno
935 1671 1070 1718 modo,
1091 1671 1320 1710 secundum
1341 1672 1449 1719 quod
1466 1671 1609 1723 passio
1630 1671 1778 1722 impel-

193 1734 239 1773 lit
259 1735 313 1773 ad
334 1732 499 1786 aliquod
521 1733 775 1772 contrarium
798 1735 961 1784 rationi,
985 1742 1025 1775 et
1045 1735 1105 1775 sic
1126 1749 1302 1776 necesse
1327 1744 1390 1776 est
1410 1738 1519 1788 quod
1540 1736 1682 1788 passio
1705 1749 1776 1775 re-

191 1798 409 1851 primatur,
440 1804 480 1836 et
509 1797 561 1836 ab
592 1796 674 1837 hoc
706 1798 998 1838 denominatur
1027 1800 1317 1852 temperantia.
1347 1801 1442 1840 Alio
1463 1801 1599 1849 modo,
1620 1813 1777 1839 secun-

192 1862 288 1900 dum
321 1861 430 1914 quod
460 1860 601 1913 passio
642 1862 820 1903 retrahit
849 1863 901 1902 ab
933 1876 981 1902 eo
1003 1896 1012 1912 ,
1042 1864 1152 1916 quod
1181 1865 1289 1904 ratio
1325 1865 1480 1913 dictat,
1511 1865 1619 1905 sicut
1655 1864 1777 1904 timor

189 1928 473 1980 periculorum
502 1927 569 1966 vel
597 1926 798 1977 laborum,
830 1938 869 1968 et
899 1929 959 1969 sic
990 1943 1166 1970 necesse
1197 1938 1261 1970 est
1290 1932 1400 1983 quod
1435 1932 1560 1971 homo
1590 1932 1777 1970 firmetur

189 1993 232 2031 in
263 2005 311 2031 eo
343 1991 451 2043 quod
482 1997 543 2031 est
572 1991 745 2031 rationis
775 2006 827 2032 ne
857 1994 1042 2042 recedat,
1075 2000 1115 2033 et
1144 1995 1195 2034 ab
1225 1995 1306 2034 hoc
1338 1994 1629 2035 denominatur
1656 1994 1775 2034 forti-

191 2057 302 2096 tudo.
327 2057 378 2095 Et
399 2056 588 2095 similiter
610 2056 841 2095 secundum
863 2057 1062 2106 subiecta,
1084 2058 1194 2098 idem
1214 2072 1414 2098 numerus
1434 2057 1655 2098 invenitur.
1670 2058 1776 2104 Qua-

191 2123 366 2175 druplex
383 2122 493 2161 enim
512 2122 721 2161 invenitur
741 2123 972 2163 subiectum
995 2123 1119 2163 huius
1141 2124 1318 2174 virtutis,
1337 2125 1386 2165 de
1407 2138 1489 2177 qua
1509 2138 1618 2164 nunc
1640 2123 1775 2176 loqui-

189 2200 293 2234 mur,
325 2185 484 2224 scilicet
514 2186 716 2226 rationale
746 2199 819 2239 per
849 2188 1076 2228 essentiam
1096 2221 1106 2237 ,
1137 2190 1245 2241 quod
1274 2189 1493 2241 prudentia
1521 2188 1697 2241 perficit,
1730 2194 1770 2228 et

190 2252 396 2292 rationale
417 2265 491 2304 per
511 2252 886 2304 participationem,
910 2255 1020 2307 quod
1041 2255 1234 2294 dividitur
1252 2255 1295 2294 in
1323 2256 1415 2305 tria,
1436 2256 1543 2295 idest
1569 2256 1611 2295 iu
1635 2256 1774 2296 volun-

190 2325 331 2366 tatem,
362 2332 468 2371 quae
500 2328 562 2358 est
592 2319 825 2358 subiectum
856 2321 1049 2369 iustitiae,
1080 2328 1119 2361 et
1149 2322 1542 2374 concupiscibilem,
1572 2337 1679 2376 quae
1710 2328 1774 2364 est

189 2382 423 2422 subiectum
453 2383 768 2435 temperantiae,
799 2390 839 2423 et
867 2383 1132 2435 irascibilem,
1164 2399 1270 2438 quae
1300 2393 1363 2426 est
1392 2386 1624 2426 subiectum
1661 2387 1770 2428 sorti-

189 2448 343 2488 tudinis
375 2450 448 2500 (1).
482 2465 501 2487 »

241 2515 302 2554 82.
336 2516 437 2563 Quid
466 2516 701 2566 prudentia.
735 2517 963 2556 Prudentia
992 2518 1153 2558 definiri
1176 2520 1293 2559 solet:
1314 2519 1448 2559 Recta
1484 2519 1596 2559 ιάίίο
1632 2520 1771 2572 agibi-

189 2581 307 2629 liam,
330 2595 405 2621 seu
427 2582 594 2622 habitus
616 2583 854 2636 applicandi
875 2584 1079 2637 principia
1099 2599 1260 2625 morum
1282 2585 1539 2625 universalia
1558 2585 1611 2624 ad
1631 2599 1762 2638 pecu-

183 2647 311 2687 liares
328 2650 623 2689 conclusiones
645 2650 929 2702 operabilium.
953 2651 1054 2691 Eius
1075 2657 1196 2691 actus
1217 2657 1314 2692 sunt
1334 2651 1561 2700 consiliari,
1583 2652 1772 2692 iudicare

186 2720 226 2752 et
248 2713 488 2765 praecipere
512 2715 560 2754 de
581 2715 659 2762 his,
692 2729 798 2767 quae
820 2717 975 2756 ducunt
995 2718 1048 2756 ad
1071 2717 1251 2757 debitum
1272 2718 1411 2757 finem.
1435 2718 1574 2764 Quare
1596 2718 1774 2769 pertinet

191 2778 244 2816 ad
276 2778 478 2818 rationem
502 2780 731 2831 practicam
754 2788 794 2821 et
814 2795 886 2833 per
902 2795 948 2821 se
966 2790 1030 2823 est
1046 2782 1178 2822 virtus
1194 2782 1498 2831 intellectualis,
1513 2796 1606 2822 cum
1628 2783 1770 2824 sedem

236 2934 287 2974 (1)
313 2932 468 2966 Summa
493 2934 539 2966 tlt.
566 2936 604 2966 1.“
632 2936 687 2967 2³⁸*
704 2944 734 2976 q.
761 2936 849 2973 LXI,
873 2947 901 2968 a.
926 2937 952 2968 2.
