1970 3203
331 233 467 261 CAPUT
495 234 519 258 1.
549 232 602 258 DE
631 231 822 258 GENTlUM
851 230 1154 257 RELArioNlssus
1183 232 1224 257 IN
1254 232 1391 259 STATU
1421 231 1538 258 PAC1s
1637 219 1713 258 345

154 311 221 364 qui
259 323 420 349 summa
449 313 651 360 potestate
681 308 917 360 potiuntur,
962 312 1001 347 et
1029 307 1153 347 totius
1180 308 1394 348 societatis
1431 309 1717 360 gubernaculo

153 376 350 416 assident.
381 375 457 420 Qui
488 379 633 413 contra
660 374 731 413 tali
761 373 1053 426 praerogativa
1080 379 1250 422 carent,
1276 387 1358 414 non
1390 374 1521 422 aliter,
1554 373 1634 413 nisi
1666 386 1719 413 ex

152 443 350 482 mandato
380 454 599 493 supremae
629 439 858 492 potestatis,
880 438 1022 479 foedus
1044 453 1137 478 cum
1158 439 1251 479 aliis
1278 441 1470 492 gentibus
1500 440 1605 479 inire
1626 452 1722 492 pos-

151 512 259 546 sunt.
277 505 394 552 Quod
410 504 444 544 si
461 504 620 543 iniussu
636 504 816 555 supremi
832 503 1073 555 imperantis
1090 510 1338 544 conventum
1364 505 1530 556 aliquod
1547 504 1718 552 faciant,

152 571 194 609 id
223 569 400 609 foederis
429 569 510 607 vim
532 580 614 607 non
637 568 775 614 habet,
793 567 872 606 nisi
888 567 1123 606 ratihabitio
1145 581 1333 608 summae
1354 568 1571 620 potestatis
1591 581 1717 607 acce-

153 636 234 682 dat,
252 635 326 674 sed
357 640 516 674 tantum
534 633 801 686 sponsionem
823 632 1045 686 quamdam
1066 632 1247 672 costituit
1278 635 1351 684 (1).
1370 633 1556 686 Denique
1578 633 1719 673 distin-

152 700 318 752 guenda
348 705 445 739 sunt
464 699 643 747 foedera,
667 712 786 750 quae,
806 705 848 738 ut
869 697 965 745 dixi,
988 703 1227 737 contractus
1248 704 1343 737 sunt
1364 698 1528 749 publici,
1544 698 1715 737 nomine

153 763 278 803 totius
294 764 508 804 societatis
524 770 563 803 et
580 770 745 814 propter
761 762 849 802 eius
865 762 1083 802 utilitatem
1101 760 1199 808 initi,
1213 774 1238 799 a
1254 761 1513 812 pactionibus
1530 761 1714 813 privatis,

151 840 257 879 quae
286 827 389 867 forte
417 829 519 866 fiant
547 841 573 866 a
600 826 830 866 rectoribus
850 826 1107 877 populorum,
1124 825 1269 876 privati
1288 825 1552 864 emolumenti
1573 824 1714 876 gratia

152 897 191 930 et
217 891 383 930 nomine
413 891 628 929 dumtaxat
662 890 837 942 proprio.
870 891 1000 928 Immo
1029 888 1099 927 illa
1127 888 1230 940 ipsa,
1251 901 1356 939 quae
1386 887 1552 927 nomine
1582 887 1710 927 socie-

151 955 248 994 tatis
278 955 318 993 in
340 961 504 1006 pactum
534 955 802 1001 deducuntur,
822 953 856 992 si
877 952 1135 992 transeuntia
1155 951 1248 998 sint,
1270 955 1390 1002 atque
1409 956 1548 990 actum
1569 964 1715 1001 quem-

152 1019 246 1058 dam
262 1019 514 1072 peculiarem
532 1020 767 1071 respiciant,
785 1019 874 1058 sine
891 1019 1083 1058 diuturna
1099 1017 1200 1057 satis
1218 1016 1411 1068 temporis
1428 1017 1712 1065 successione3

150 1099 234 1125 non
263 1085 428 1125 foedera
457 1086 730 1137 appellantur,
761 1098 866 1136 quae
897 1085 1155 1124 durationem
1177 1096 1341 1135 semper
1375 1082 1556 1135 aliquam
1577 1082 1715 1122 inclu-

151 1155 264 1201 dunt,
285 1154 357 1193 sed
379 1152 563 1205 generali
583 1152 872 1192 conventionis
901 1157 972 1190 aut
991 1151 1196 1203 pactionis
1225 1150 1392 1190 nomine
1422 1150 1709 1201 designantur.

205 1220 267 1257 14.
297 1219 426 1269 Leqes
456 1217 702 1258 servandae.
735 1217 839 1256 Cum
871 1215 1038 1255 foedera
1067 1220 1314 1253 contractus
1357 1213 1526 1265 quidam
1569 1225 1717 1252 revera

157 1281 252 1329 sint,
282 1294 386 1333 quos
415 1294 498 1320 non
527 1292 730 1332 personae
760 1278 999 1318 individuae
1030 1277 1103 1317 sed
1132 1290 1310 1329 corpora
1340 1276 1508 1328 politica
1537 1276 1643 1314 inter
1671 1288 1718 1315 se

154 1344 435 1396 paciscuntur;
465 1343 622 1396 regulis
650 1342 796 1382 iisdem
828 1342 1018 1389 subsunt,
1048 1354 1153 1393 quae
1175 1354 1247 1393 pro
1267 1339 1554 1382 contractibus
1583 1352 1714 1391 gene-

159 1410 278 1448 ratim
310 1424 335 1449 a
363 1416 513 1449 natura
542 1410 758 1448 dictantur.
782 1410 845 1448 De
866 1408 932 1448 his
951 1408 992 1446 in
1015 1409 1108 1447 Iure
1129 1406 1372 1446 individuali
1393 1413 1591 1458 quantum
1614 1406 1716 1445 satis

160 1481 249 1514 erat
278 1475 562 1523 disseruimus3
594 1480 789 1521 attamen,
821 1473 1021 1513 claritatis
1049 1472 1196 1524 gratia,
1227 1471 1382 1523 aliquid
1410 1471 1478 1510 hic
1500 1470 1718 1522 speciatim

155 1538 230 1586 rei,
261 1539 310 1578 de
340 1552 420 1591 qua
449 1538 626 1591 agimus,
656 1537 868 1589 applicare
898 1542 1172 1589 opportunum
1204 1535 1290 1575 erit.

210 1602 421 1653 Principio
441 1602 564 1653 igitur
585 1601 802 1653 diligenter
822 1601 1055 1641 cavendum
1077 1606 1138 1639 est
1158 1613 1210 1639 ne
1231 1599 1450 1646 obiectum,
1469 1599 1582 1638 circa
1605 1600 1714 1652 quod

151 1667 298 1707 foedus
328 1669 678 1718 versatur‚*turpe
707 1667 760 1706 sit
787 1675 858 1707 aut
885 1666 1094 1714 iniustum;
1125 1665 1197 1704 sed
1228 1665 1396 1704 omnino
1427 1665 1647 1717 requiritur
1671 1671 1713 1704 ut

150 1744 195 1770 re
225 1731 402 1770 honesta
432 1737 471 1770 et
499 1730 611 1770 licita
658 1730 930 1770 contineatur.
972 1731 1114 1781 Neque
1154 1729 1194 1767 id
1223 1729 1265 1767 in
1296 1729 1512 1768 materiam
1553 1735 1714 1768 tantum

151 1803 391 1837 contractus
421 1797 555 1845 cadit;
585 1797 658 1836 sed
687 1797 730 1835 in
759 1797 882 1836 finem
915 1796 1063 1843 etiam,
1095 1795 1147 1834 ad
1185 1808 1306 1847 quem
1345 1808 1418 1847 per
1448 1808 1493 1834 se
1524 1801 1715 1847 spectat,

149 1869 271 1915 atque
300 1863 341 1902 in
371 1862 720 1911 circumstantias,
750 1876 855 1915 quae
884 1863 1010 1900 finem
1040 1870 1113 1901 aut
1142 1874 1228 1899 rem
1250 1861 1549 1912 praestandam
1579 1861 1715 1900 comi-

149 1936 298 1968 tantur.
330 1929 372 1968 Si
402 1928 510 1968 enim
541 1941 645 1980 quae
667 1941 720 1968 ex
740 1929 820 1967 hoc
843 1928 977 1980 capite
998 1927 1181 1966 moribus
1203 1933 1490 1966 consentanea
1511 1940 1592 1966 non
1616 1927 1712 1974 sint,

148 1993 264 2032 irrita
294 1992 449 2031 faciunt
469 1992 727 2044 singulorum
757 2000 892 2044 pacta;
922 1990 1080 2030 fortiori
1110 1990 1198 2029 iure
1229 1990 1310 2028 vim
1348 1990 1572 2030 detrahunt
1609 2003 1716 2029 con-

149 2056 284 2095 ventis
300 2055 559 2103 societatum,
582 2069 755 2107 quarum
776 2055 963 2095 actiones
983 2054 1229 2093 moratiores
1249 2067 1342 2093 esse
1369 2053 1520 2094 debent
1543 2059 1714 2105 propter

152 2122 350 2161 maiorem
369 2121 611 2173 dignitatem
626 2134 832 2173 personae
848 2120 1018 2160 moralis
1034 2127 1074 2160 et
1090 2120 1352 2167 collectivae,
1376 2133 1481 2171 quae
1504 2119 1716 2159 iunctione

149 2187 329 2239 plurium
349 2188 576 2226 humanam
593 2193 786 2226 naturam
810 2186 988 2226 nobilius
1008 2191 1337 2238 repraesentant.
1356 2186 1466 2225 Hinc
1484 2186 1597 2224 nulla
1618 2191 1716 2224 sunt

149 2251 329 2300 foedera,
360 2265 477 2303 quae,
508 2251 687 2303 exempli
718 2264 860 2298 causa,
881 2251 934 2289 ad
954 2249 1137 2302 iniquum
1170 2249 1319 2288 bellum
1336 2249 1565 2300 gerendum
1596 2249 1712 2297 fiant,

149 2322 219 2354 aut
235 2328 340 2367 quae
355 2315 397 2353 in
413 2320 567 2354 certam
585 2314 797 2354 societatis
813 2314 1019 2361 iniuriam,
1037 2314 1101 2353 vel
1118 2313 1158 2352 in
1176 2313 1389 2365 religionis
1402 2312 1710 2360 detrimentum,

146 2379 212 2418 vel
247 2377 410 2416 ruinam
443 2377 687 2430 populorum
723 2378 966 2417 redundant.
998 2378 1100 2417 Cum
1140 2377 1249 2416 enim
1287 2378 1393 2416 haec
1421 2376 1502 2428 legi
1533 2382 1708 2415 naturae

145 2444 428 2491 adversentur,
457 2444 614 2482 nullam
643 2457 696 2484 ex
726 2457 776 2484 ea
806 2444 888 2482 vim
920 2443 1131 2495 obligandi
1159 2443 1200 2481 in
1223 2456 1268 2483 se
1298 2442 1488 2482 derivare
1522 2449 1710 2494 possunt;

148 2509 342 2561 obligatio
372 2515 510 2548 autem
539 2510 652 2548 nulla
682 2509 926 2561 concipitur,
956 2509 1036 2548 nisi
1058 2523 1084 2547 a
1103 2515 1252 2547 natura
1271 2508 1431 2548 ratione
1452 2508 1594 2560 aliqua
1613 2521 1714 2547 ena-

188 2650 238 2689 (1)
262 2650 475 2692 Sponsionis
499 2650 733 2683 differentiam
757 2661 779 2682 a
803 2650 951 2682 foedere
974 2650 1028 2682 his
1052 2649 1170 2682 verbis
1185 2649 1346 2682 declarat
1363 2648 1519 2682 Grotius:
1534 2659 1550 2677 «
1567 2649 1619 2679 De
1637 2648 1712 2679 foe-

150 2703 273 2735 derum
297 2705 331 2734 et
355 2702 589 2743 sponsionum
612 2702 811 2734 discrimine
825 2701 913 2734 adiri
926 2704 1048 2743 potest
1059 2702 1177 2734 Livius
1190 2701 1245 2733 lib.
1262 2701 1321 2739 lX,
1334 2701 1392 2733 ubi
1405 2703 1502 2733 recte
1520 2709 1586 2732 nos
1600 2700 1707 2731 docet

149 2754 298 2786 foedera
319 2763 402 2786 esse
427 2763 518 2794 quae
540 2754 624 2786 fiant
645 2754 747 2786 iussu
771 2763 932 2785 summae
955 2753 1161 2794 potestatis,
1183 2756 1218 2785 et
1240 2753 1273 2785 in
1296 2753 1424 2794 quibus
1447 2752 1524 2793 ipse
1547 2751 1704 2792 populus

145 2807 218 2840 irae
242 2808 376 2840 divinae
399 2808 645 2848 obstringitur,
669 2809 700 2840 si
721 2808 836 2840 minus
860 2810 976 2840 stetur
1000 2807 1130 2839 dictis..
1159 2807 1316 2849 Sponsio
1347 2810 1465 2839 autern
1492 2808 1558 2842 est,
1582 2804 1642 2836 ubi
1664 2805 1708 2842 hi,

149 2860 207 2901 qui
230 2871 251 2893 a
272 2864 455 2902 potestate
481 2872 621 2895 summa
642 2863 849 2894 mandatum
872 2864 948 2894 eius
970 2862 1022 2894 rei
1049 2872 1118 2894 non
1147 2862 1298 2900 habent,
1331 2861 1463 2901 aliquid
1496 2859 1709 2901 promittunt

149 2916 246 2954 quod
268 2915 363 2948 illam
384 2916 528 2958 proprie
550 2916 674 2957 tangit.
698 2929 714 2947 »
740 2917 793 2949 De
819 2914 899 2950 ius-e
923 2916 1008 2949 belli
1030 2919 1064 2948 et
1081 2916 1203 2959 poncia,
1226 2917 1247 2948 l.
1270 2916 1310 2954 11,
1334 2927 1361 2948 c.
1387 2916 1441 2946 lV.
