<?xml version="1.0" encoding="UTF-8"?>
<!DOCTYPE html PUBLIC "-//W3C//DTD XHTML 1.0 Transitional//EN"
    "http://www.w3.org/TR/xhtml1/DTD/xhtml1-transitional.dtd">
<html xmlns="http://www.w3.org/1999/xhtml" xml:lang="en" lang="en">
 <head>
  <title>
</title>
<meta http-equiv="Content-Type" content="text/html;charset=utf-8" />
  <meta name='ocr-system' content='tesseract 3.04.00' />
  <meta name='ocr-capabilities' content='ocr_page ocr_carea ocr_par ocr_line ocrx_word'/>
</head>
<body>
  <div class='ocr_page' id='page_1' title='image "./institutioneseth00libe_0312.png"; bbox 0 0 1970 3203; ppageno 0'>
   <div class='ocr_carea' id='block_1_1' title="bbox 211 215 1418 257">
    <p class='ocr_par' dir='ltr' id='par_1_1' title="bbox 211 215 1418 257">
     <span class='ocr_line' id='line_1_1' title="bbox 211 215 1418 257; baseline -0.002 -5"><span class='ocrx_word' id='word_1_1' title='bbox 211 215 290 257; x_wconf 82' lang='lat'>308</span> <span class='ocrx_word' id='word_1_2' title='bbox 588 225 654 252; x_wconf 71' lang='grc' dir='ltr'>ωε</span> <span class='ocrx_word' id='word_1_3' title='bbox 684 223 886 250; x_wconf 79' lang='lat' dir='ltr'><strong>NATURAE</strong></span> <span class='ocrx_word' id='word_1_4' title='bbox 908 223 1054 250; x_wconf 82' lang='lat' dir='ltr'>-PARS</span> <span class='ocrx_word' id='word_1_5' title='bbox 1083 224 1120 249; x_wconf 89' lang='lat'>11.</span> <span class='ocrx_word' id='word_1_6' title='bbox 1151 223 1218 250; x_wconf 80' lang='lat' dir='ltr'>ms</span> <span class='ocrx_word' id='word_1_7' title='bbox 1247 223 1418 250; x_wconf 74' lang='lat' dir='ltr'>sociALss</span> 
     </span>
    </p>
   </div>
   <div class='ocr_carea' id='block_1_2' title="bbox 212 300 1803 2640">
    <p class='ocr_par' dir='ltr' id='par_1_2' title="bbox 212 300 1803 1980">
     <span class='ocr_line' id='line_1_2' title="bbox 216 300 1793 360; baseline -0.004 -13"><span class='ocrx_word' id='word_1_8' title='bbox 216 312 322 360; x_wconf 82' lang='lat' dir='ltr'>eget.</span> <span class='ocrx_word' id='word_1_9' title='bbox 355 305 520 357; x_wconf 81' lang='lat' dir='ltr'>Religio</span> <span class='ocrx_word' id='word_1_10' title='bbox 552 304 676 351; x_wconf 89' lang='lat' dir='ltr'>enim,</span> <span class='ocrx_word' id='word_1_11' title='bbox 707 301 871 343; x_wconf 88' lang='lat' dir='ltr'>etiamsi</span> <span class='ocrx_word' id='word_1_12' title='bbox 899 301 1019 341; x_wconf 86' lang='lat' dir='ltr'>intra·</span> <span class='ocrx_word' id='word_1_13' title='bbox 1038 300 1238 341; x_wconf 89' lang='lat' dir='ltr'>terminos</span> <span class='ocrx_word' id='word_1_14' title='bbox 1266 307 1443 342; x_wconf 88' lang='lat' dir='ltr'>naturae</span> <span class='ocrx_word' id='word_1_15' title='bbox 1464 307 1686 354; x_wconf 77' lang='lat' dir='ltr'>spectetur,</span> <span class='ocrx_word' id='word_1_16' title='bbox 1706 315 1793 342; x_wconf 87' lang='lat' dir='ltr'>non</span> 
     </span>
     <span class='ocr_line' id='line_1_3' title="bbox 213 366 1795 420; baseline -0.003 -8"><span class='ocrx_word' id='word_1_17' title='bbox 213 380 381 420; x_wconf 84' lang='lat' dir='ltr'>terram,</span> <span class='ocrx_word' id='word_1_18' title='bbox 412 371 487 411; x_wconf 89' lang='lat' dir='ltr'>sed</span> <span class='ocrx_word' id='word_1_19' title='bbox 518 370 682 410; x_wconf 88' lang='lat' dir='ltr'>caelum</span> <span class='ocrx_word' id='word_1_20' title='bbox 713 367 896 420; x_wconf 79' lang='lat' dir='ltr'>respicit,</span> <span class='ocrx_word' id='word_1_21' title='bbox 917 380 996 407; x_wconf 88' lang='lat' dir='ltr'>nec</span> <span class='ocrx_word' id='word_1_22' title='bbox 1017 368 1111 407; x_wconf 88' lang='lat' dir='ltr'>aliis</span> <span class='ocrx_word' id='word_1_23' title='bbox 1131 366 1404 407; x_wconf 75' lang='lat' dir='ltr'>relationibus</span> <span class='ocrx_word' id='word_1_24' title='bbox 1438 369 1675 420; x_wconf 78' lang='lat' dir='ltr'>respondet,</span> <span class='ocrx_word' id='word_1_25' title='bbox 1712 368 1795 409; x_wconf 89' lang='lat' dir='ltr'>nisi</span> 
     </span>
     <span class='ocr_line' id='line_1_4' title="bbox 213 431 1791 488; baseline -0.003 -12"><span class='ocrx_word' id='word_1_26' title='bbox 213 437 265 476; x_wconf 87' lang='lat' dir='ltr'>iis</span> <span class='ocrx_word' id='word_1_27' title='bbox 294 448 401 488; x_wconf 87' lang='lat' dir='ltr'>quae</span> <span class='ocrx_word' id='word_1_28' title='bbox 431 434 643 475; x_wconf 90' lang='lat' dir='ltr'>hominem</span> <span class='ocrx_word' id='word_1_29' title='bbox 675 445 770 472; x_wconf 89' lang='lat' dir='ltr'>cum</span> <span class='ocrx_word' id='word_1_30' title='bbox 801 434 890 472; x_wconf 91' lang='lat' dir='ltr'>Deo</span> <span class='ocrx_word' id='word_1_31' title='bbox 921 431 1174 472; x_wconf 89' lang='lat' dir='ltr'>devinciunt.</span> <span class='ocrx_word' id='word_1_32' title='bbox 1215 431 1262 470; x_wconf 91' lang='lat' dir='ltr'>Id</span> <span class='ocrx_word' id='word_1_33' title='bbox 1297 443 1398 470; x_wconf 86' lang='lat' dir='ltr'>vero</span> <span class='ocrx_word' id='word_1_34' title='bbox 1435 432 1618 472; x_wconf 80' lang='lat' dir='ltr'>maxime</span> <span class='ocrx_word' id='word_1_35' title='bbox 1652 433 1791 472; x_wconf 93' lang='lat' dir='ltr'>locum</span> 
     </span>
     <span class='ocr_line' id='line_1_5' title="bbox 212 495 1798 550; baseline -0.004 -10"><span class='ocrx_word' id='word_1_36' title='bbox 212 500 341 540; x_wconf 89' lang='lat' dir='ltr'>habet</span> <span class='ocrx_word' id='word_1_37' title='bbox 370 503 567 550; x_wconf 87' lang='lat' dir='ltr'>respectu</span> <span class='ocrx_word' id='word_1_38' title='bbox 599 495 832 544; x_wconf 72' lang='lat' dir='ltr'>Ecclesiae,</span> <span class='ocrx_word' id='word_1_39' title='bbox 861 495 903 535; x_wconf 91' lang='lat' dir='ltr'>in</span> <span class='ocrx_word' id='word_1_40' title='bbox 933 509 1015 548; x_wconf 84' lang='lat' dir='ltr'>qua</span> <span class='ocrx_word' id='word_1_41' title='bbox 1044 495 1145 534; x_wconf 87' lang='lat' dir='ltr'>ordo</span> <span class='ocrx_word' id='word_1_42' title='bbox 1175 500 1216 535; x_wconf 90' lang='lat' dir='ltr'>et</span> <span class='ocrx_word' id='word_1_43' title='bbox 1254 495 1502 534; x_wconf 89' lang='lat' dir='ltr'>oeconomia</span> <span class='ocrx_word' id='word_1_44' title='bbox 1538 501 1798 547; x_wconf 85' lang='lat' dir='ltr'>supernatu-</span> 
     </span>
     <span class='ocr_line' id='line_1_6' title="bbox 216 558 1796 612; baseline -0.004 -8"><span class='ocrx_word' id='word_1_45' title='bbox 216 564 321 604; x_wconf 91' lang='lat' dir='ltr'>ralis</span> <span class='ocrx_word' id='word_1_46' title='bbox 351 562 521 602; x_wconf 89' lang='lat' dir='ltr'>omnino</span> <span class='ocrx_word' id='word_1_47' title='bbox 553 566 626 601; x_wconf 89' lang='lat' dir='ltr'>est.</span> <span class='ocrx_word' id='word_1_48' title='bbox 662 562 727 600; x_wconf 79' lang='lat' dir='ltr'>Ex</span> <span class='ocrx_word' id='word_1_49' title='bbox 755 573 836 612; x_wconf 93' lang='lat' dir='ltr'>quo</span> <span class='ocrx_word' id='word_1_50' title='bbox 866 561 912 599; x_wconf 64' lang='lat' dir='ltr'>fit</span> <span class='ocrx_word' id='word_1_51' title='bbox 942 565 985 599; x_wconf 87' lang='lat' dir='ltr'>ut</span> <span class='ocrx_word' id='word_1_52' title='bbox 1014 571 1166 598; x_wconf 90' lang='lat' dir='ltr'>munus</span> <span class='ocrx_word' id='word_1_53' title='bbox 1196 558 1287 598; x_wconf 90' lang='lat' dir='ltr'>eius</span> <span class='ocrx_word' id='word_1_54' title='bbox 1327 558 1491 610; x_wconf 78' lang='lat' dir='ltr'>proprie</span> <span class='ocrx_word' id='word_1_55' title='bbox 1529 566 1725 599; x_wconf 87' lang='lat' dir='ltr'>cernatur</span> <span class='ocrx_word' id='word_1_56' title='bbox 1754 559 1796 598; x_wconf 92' lang='lat' dir='ltr'>in</span> 
     </span>
     <span class='ocr_line' id='line_1_7' title="bbox 216 623 1796 679; baseline -0.004 -8"><span class='ocrx_word' id='word_1_57' title='bbox 216 630 473 671; x_wconf 78' lang='lat' dir='ltr'>revelatione</span> <span class='ocrx_word' id='word_1_58' title='bbox 505 627 646 667; x_wconf 88' lang='lat' dir='ltr'>divina</span> <span class='ocrx_word' id='word_1_59' title='bbox 674 626 948 679; x_wconf 81' lang='lat' dir='ltr'>proponenda</span> <span class='ocrx_word' id='word_1_60' title='bbox 974 630 1014 664; x_wconf 90' lang='lat' dir='ltr'>et</span> <span class='ocrx_word' id='word_1_61' title='bbox 1043 623 1316 677; x_wconf 84' lang='lat' dir='ltr'>explicanda,</span> <span class='ocrx_word' id='word_1_62' title='bbox 1353 624 1396 662; x_wconf 92' lang='lat' dir='ltr'>in</span> <span class='ocrx_word' id='word_1_63' title='bbox 1431 623 1796 665; x_wconf 79' lang='lat' dir='ltr'>administratione</span> 
     </span>
     <span class='ocr_line' id='line_1_8' title="bbox 216 688 1796 750; baseline -0.003 -15"><span class='ocrx_word' id='word_1_64' title='bbox 216 695 379 750; x_wconf 87' lang='lat' dir='ltr'>gratiae</span> <span class='ocrx_word' id='word_1_65' title='bbox 409 706 489 746; x_wconf 90' lang='lat' dir='ltr'>ope</span> <span class='ocrx_word' id='word_1_66' title='bbox 518 698 909 739; x_wconf 86' lang='lat' dir='ltr'>sacramentorum,</span> <span class='ocrx_word' id='word_1_67' title='bbox 941 697 981 731; x_wconf 85' lang='lat' dir='ltr'>et</span> <span class='ocrx_word' id='word_1_68' title='bbox 1011 688 1152 729; x_wconf 89' lang='lat' dir='ltr'>divino</span> <span class='ocrx_word' id='word_1_69' title='bbox 1183 689 1316 738; x_wconf 86' lang='lat' dir='ltr'>cultu,</span> <span class='ocrx_word' id='word_1_70' title='bbox 1353 689 1406 728; x_wconf 89' lang='lat' dir='ltr'>ad</span> <span class='ocrx_word' id='word_1_71' title='bbox 1446 689 1520 728; x_wconf 93' lang='lat' dir='ltr'>Dei</span> <span class='ocrx_word' id='word_1_72' title='bbox 1551 690 1728 742; x_wconf 75' lang='lat' dir='ltr'>gloriam</span> <span class='ocrx_word' id='word_1_73' title='bbox 1756 695 1796 730; x_wconf 88' lang='lat' dir='ltr'>et</span> 
     </span>
     <span class='ocr_line' id='line_1_9' title="bbox 215 753 1790 813; baseline -0.005 -13"><span class='ocrx_word' id='word_1_74' title='bbox 215 758 578 813; x_wconf 78' lang='lat' dir='ltr'>supernaturalem</span> <span class='ocrx_word' id='word_1_75' title='bbox 609 757 787 796; x_wconf 90' lang='lat' dir='ltr'>salutem</span> <span class='ocrx_word' id='word_1_76' title='bbox 817 755 1053 794; x_wconf 89' lang='lat' dir='ltr'>animarum</span> <span class='ocrx_word' id='word_1_77' title='bbox 1081 753 1419 806; x_wconf 85' lang='lat' dir='ltr'>procurandam;</span> <span class='ocrx_word' id='word_1_78' title='bbox 1449 765 1529 792; x_wconf 89' lang='lat' dir='ltr'>nec</span> <span class='ocrx_word' id='word_1_79' title='bbox 1559 753 1678 793; x_wconf 86' lang='lat' dir='ltr'>aliter</span> <span class='ocrx_word' id='word_1_80' title='bbox 1718 766 1790 800; x_wconf 89' lang='lat' dir='ltr'>ea,</span> 
     </span>
     <span class='ocr_line' id='line_1_10' title="bbox 214 810 1791 880; baseline -0.006 -14"><span class='ocrx_word' id='word_1_81' title='bbox 214 840 321 880; x_wconf 86' lang='lat' dir='ltr'>quae</span> <span class='ocrx_word' id='word_1_82' title='bbox 351 838 465 865; x_wconf 90' lang='lat' dir='ltr'>mere</span> <span class='ocrx_word' id='word_1_83' title='bbox 494 825 682 863; x_wconf 91' lang='lat' dir='ltr'>humana</span> <span class='ocrx_word' id='word_1_84' title='bbox 713 827 822 870; x_wconf 91' lang='lat' dir='ltr'>sunt,</span> <span class='ocrx_word' id='word_1_85' title='bbox 853 810 1032 873; x_wconf 82' lang='lat' dir='ltr'>attingit,</span> <span class='ocrx_word' id='word_1_86' title='bbox 1061 819 1144 859; x_wconf 88' lang='lat' dir='ltr'>nisi</span> <span class='ocrx_word' id='word_1_87' title='bbox 1173 825 1380 872; x_wconf 89' lang='lat' dir='ltr'>quatenus</span> <span class='ocrx_word' id='word_1_88' title='bbox 1401 819 1500 858; x_wconf 88' lang='lat' dir='ltr'>huic</span> <span class='ocrx_word' id='word_1_89' title='bbox 1521 818 1684 858; x_wconf 88' lang='lat' dir='ltr'>muneri</span> <span class='ocrx_word' id='word_1_90' title='bbox 1713 832 1791 858; x_wconf 88' lang='lat' dir='ltr'>ne—</span> 
     </span>
     <span class='ocr_line' id='line_1_11' title="bbox 216 884 1794 937; baseline -0.006 -6"><span class='ocrx_word' id='word_1_91' title='bbox 216 890 406 931; x_wconf 88' lang='lat' dir='ltr'>cessaria</span> <span class='ocrx_word' id='word_1_92' title='bbox 434 894 530 927; x_wconf 90' lang='lat' dir='ltr'>sunt</span> <span class='ocrx_word' id='word_1_93' title='bbox 560 893 631 926; x_wconf 88' lang='lat' dir='ltr'>aut</span> <span class='ocrx_word' id='word_1_94' title='bbox 660 886 809 925; x_wconf 86' lang='lat' dir='ltr'>saltem</span> <span class='ocrx_word' id='word_1_95' title='bbox 840 890 1086 937; x_wconf 88' lang='lat' dir='ltr'>opportuna.</span> <span class='ocrx_word' id='word_1_96' title='bbox 1119 884 1243 923; x_wconf 90' lang='lat' dir='ltr'>Unde</span> <span class='ocrx_word' id='word_1_97' title='bbox 1274 884 1502 936; x_wconf 84' lang='lat' dir='ltr'>Apostolus</span> <span class='ocrx_word' id='word_1_98' title='bbox 1541 889 1682 935; x_wconf 87' lang='lat' dir='ltr'>partes</span> <span class='ocrx_word' id='word_1_99' title='bbox 1714 884 1794 922; x_wconf 88' lang='lat' dir='ltr'>Sa—</span> 
     </span>
     <span class='ocr_line' id='line_1_12' title="bbox 218 950 1796 1004; baseline -0.006 -7"><span class='ocrx_word' id='word_1_100' title='bbox 218 956 392 998; x_wconf 86' lang='lat' dir='ltr'>cerdotii</span> <span class='ocrx_word' id='word_1_101' title='bbox 423 955 610 995; x_wconf 79' lang='lat' dir='ltr'>declarat</span> <span class='ocrx_word' id='word_1_102' title='bbox 639 952 705 992; x_wconf 91' lang='lat' dir='ltr'>his</span> <span class='ocrx_word' id='word_1_103' title='bbox 734 951 896 991; x_wconf 79' lang='lat' dir='ltr'>verbis:</span> <span class='ocrx_word' id='word_1_104' title='bbox 921 950 1282 1004; x_wconf 77' lang='lat' dir='ltr'>Omnispontiseoe</span> <span class='ocrx_word' id='word_1_105' title='bbox 1301 964 1351 990; x_wconf 74' lang='lat' dir='ltr'>ex</span> <span class='ocrx_word' id='word_1_106' title='bbox 1372 950 1614 990; x_wconf 84' lang='lat' dir='ltr'>hominibus</span> <span class='ocrx_word' id='word_1_107' title='bbox 1636 963 1796 990; x_wconf 74' lang='lat' dir='ltr'>assum-</span> 
     </span>
     <span class='ocr_line' id='line_1_13' title="bbox 216 1017 1795 1077; baseline -0.006 -14"><span class='ocrx_word' id='word_1_108' title='bbox 216 1027 328 1077; x_wconf 82' lang='lat' dir='ltr'>ptus,</span> <span class='ocrx_word' id='word_1_109' title='bbox 352 1034 439 1075; x_wconf 81' lang='lat' dir='ltr'>pro</span> <span class='ocrx_word' id='word_1_110' title='bbox 470 1018 712 1059; x_wconf 80' lang='lat' dir='ltr'>hominibus</span> <span class='ocrx_word' id='word_1_111' title='bbox 741 1017 1020 1057; x_wconf 68' lang='lat' dir='ltr'>constituitur</span> <span class='ocrx_word' id='word_1_112' title='bbox 1051 1017 1095 1056; x_wconf 85' lang='lat' dir='ltr'>in</span> <span class='ocrx_word' id='word_1_113' title='bbox 1126 1017 1191 1065; x_wconf 90' lang='lat' dir='ltr'>iis,</span> <span class='ocrx_word' id='word_1_114' title='bbox 1223 1030 1334 1070; x_wconf 79' lang='lat' dir='ltr'>quae</span> <span class='ocrx_word' id='word_1_115' title='bbox 1362 1020 1466 1057; x_wconf 88' lang='lat' dir='ltr'>sunt</span> <span class='ocrx_word' id='word_1_116' title='bbox 1484 1017 1542 1056; x_wconf 78' lang='lat' dir='ltr'>acl</span> <span class='ocrx_word' id='word_1_117' title='bbox 1560 1017 1701 1056; x_wconf 82' lang='lat' dir='ltr'>Deum</span> <span class='ocrx_word' id='word_1_118' title='bbox 1723 1017 1795 1067; x_wconf 71' lang='lat'>(1),</span> 
     </span>
     <span class='ocr_line' id='line_1_14' title="bbox 220 1083 1799 1137; baseline -0.004 -9"><span class='ocrx_word' id='word_1_119' title='bbox 220 1091 328 1129; x_wconf 90' lang='lat' dir='ltr'>Tum</span> <span class='ocrx_word' id='word_1_120' title='bbox 346 1100 494 1127; x_wconf 84' lang='lat' dir='ltr'>sacros</span> <span class='ocrx_word' id='word_1_121' title='bbox 515 1085 743 1133; x_wconf 86' lang='lat' dir='ltr'>ministros,</span> <span class='ocrx_word' id='word_1_122' title='bbox 765 1084 833 1137; x_wconf 85' lang='lat' dir='ltr'>qui</span> <span class='ocrx_word' id='word_1_123' title='bbox 856 1083 1075 1123; x_wconf 85' lang='lat' dir='ltr'>Ecclesiae</span> <span class='ocrx_word' id='word_1_124' title='bbox 1096 1083 1286 1123; x_wconf 89' lang='lat' dir='ltr'>militiam</span> <span class='ocrx_word' id='word_1_125' title='bbox 1309 1083 1578 1131; x_wconf 88' lang='lat' dir='ltr'>constituunt,</span> <span class='ocrx_word' id='word_1_126' title='bbox 1601 1083 1799 1123; x_wconf 83' lang='lat' dir='ltr'>admonet</span> 
     </span>
     <span class='ocr_line' id='line_1_15' title="bbox 216 1148 1798 1203; baseline -0.006 -8"><span class='ocrx_word' id='word_1_127' title='bbox 216 1168 269 1195; x_wconf 89' lang='lat' dir='ltr'>ne</span> <span class='ocrx_word' id='word_1_128' title='bbox 298 1153 424 1193; x_wconf 85' lang='lat' dir='ltr'>rebus</span> <span class='ocrx_word' id='word_1_129' title='bbox 454 1150 722 1203; x_wconf 88' lang='lat' dir='ltr'>temporariis</span> <span class='ocrx_word' id='word_1_130' title='bbox 751 1163 797 1189; x_wconf 89' lang='lat' dir='ltr'>se</span> <span class='ocrx_word' id='word_1_131' title='bbox 827 1149 1105 1188; x_wconf 87' lang='lat' dir='ltr'>immisceant:</span> <span class='ocrx_word' id='word_1_132' title='bbox 1135 1149 1272 1188; x_wconf 82' lang='lat' dir='ltr'>Nemo</span> <span class='ocrx_word' id='word_1_133' title='bbox 1302 1149 1498 1189; x_wconf 81' lang='lat' dir='ltr'>militans</span> <span class='ocrx_word' id='word_1_134' title='bbox 1526 1149 1634 1196; x_wconf 86' lang='lat' dir='ltr'>Deo,</span> <span class='ocrx_word' id='word_1_135' title='bbox 1653 1148 1798 1201; x_wconf 78' lang='lat' dir='ltr'>impli-</span> 
     </span>
     <span class='ocr_line' id='line_1_16' title="bbox 217 1214 1800 1271; baseline -0.005 -10"><span class='ocrx_word' id='word_1_136' title='bbox 217 1223 286 1261; x_wconf 81' lang='lat' dir='ltr'>cat</span> <span class='ocrx_word' id='word_1_137' title='bbox 313 1233 357 1260; x_wconf 85' lang='lat' dir='ltr'>se</span> <span class='ocrx_word' id='word_1_138' title='bbox 387 1217 569 1271; x_wconf 70' lang='lat' dir='ltr'>neyotiis</span> <span class='ocrx_word' id='word_1_139' title='bbox 598 1216 896 1257; x_wconf 81' lang='lat' dir='ltr'>saecularibus</span> <span class='ocrx_word' id='word_1_140' title='bbox 928 1217 988 1266; x_wconf 73' lang='lat'>(2)</span> <span class='ocrx_word' id='word_1_141' title='bbox 1012 1214 1185 1261; x_wconf 83' lang='lat' dir='ltr'>Quoties</span> <span class='ocrx_word' id='word_1_142' title='bbox 1208 1228 1308 1255; x_wconf 83' lang='lat' dir='ltr'>vero</span> <span class='ocrx_word' id='word_1_143' title='bbox 1331 1215 1381 1255; x_wconf 89' lang='lat' dir='ltr'>de</span> <span class='ocrx_word' id='word_1_144' title='bbox 1401 1214 1523 1255; x_wconf 81' lang='lat' dir='ltr'>bonis</span> <span class='ocrx_word' id='word_1_145' title='bbox 1543 1215 1667 1255; x_wconf 87' lang='lat' dir='ltr'>huius</span> <span class='ocrx_word' id='word_1_146' title='bbox 1689 1215 1800 1254; x_wconf 76' lang='lat' dir='ltr'>vitae</span> 
     </span>
     <span class='ocr_line' id='line_1_17' title="bbox 215 1279 1800 1333; baseline -0.004 -9"><span class='ocrx_word' id='word_1_147' title='bbox 215 1283 396 1331; x_wconf 85' lang='lat' dir='ltr'>disserit,</span> <span class='ocrx_word' id='word_1_148' title='bbox 426 1282 530 1322; x_wconf 91' lang='lat' dir='ltr'>nihil</span> <span class='ocrx_word' id='word_1_149' title='bbox 559 1279 817 1333; x_wconf 86' lang='lat' dir='ltr'>frequentius</span> <span class='ocrx_word' id='word_1_150' title='bbox 846 1280 1041 1319; x_wconf 84' lang='lat' dir='ltr'>fidelibus</span> <span class='ocrx_word' id='word_1_151' title='bbox 1060 1279 1258 1327; x_wconf 88' lang='lat' dir='ltr'>inculcat,</span> <span class='ocrx_word' id='word_1_152' title='bbox 1280 1292 1405 1330; x_wconf 88' lang='lat' dir='ltr'>quam</span> <span class='ocrx_word' id='word_1_153' title='bbox 1426 1285 1470 1319; x_wconf 92' lang='lat' dir='ltr'>ut</span> <span class='ocrx_word' id='word_1_154' title='bbox 1491 1279 1588 1318; x_wconf 91' lang='lat' dir='ltr'>inde</span> <span class='ocrx_word' id='word_1_155' title='bbox 1614 1279 1800 1318; x_wconf 88' lang='lat' dir='ltr'>animum</span> 
     </span>
     <span class='ocr_line' id='line_1_18' title="bbox 215 1343 1796 1399; baseline -0.003 -10"><span class='ocrx_word' id='word_1_156' title='bbox 215 1348 490 1395; x_wconf 88' lang='lat' dir='ltr'>abstrahant,</span> <span class='ocrx_word' id='word_1_157' title='bbox 520 1352 645 1399; x_wconf 89' lang='lat' dir='ltr'>atque</span> <span class='ocrx_word' id='word_1_158' title='bbox 675 1344 835 1384; x_wconf 86' lang='lat' dir='ltr'>altioris</span> <span class='ocrx_word' id='word_1_159' title='bbox 864 1343 962 1383; x_wconf 86' lang='lat' dir='ltr'>boni</span> <span class='ocrx_word' id='word_1_160' title='bbox 993 1343 1076 1383; x_wconf 89' lang='lat' dir='ltr'>sint</span> <span class='ocrx_word' id='word_1_161' title='bbox 1105 1356 1334 1383; x_wconf 87' lang='lat' dir='ltr'>memores:</span> <span class='ocrx_word' id='word_1_162' title='bbox 1382 1343 1470 1388; x_wconf 75' lang='lat' dir='ltr'>Qui</span> <span class='ocrx_word' id='word_1_163' title='bbox 1500 1346 1684 1382; x_wconf 78' lang='lat' dir='ltr'>utuntur</span> <span class='ocrx_word' id='word_1_164' title='bbox 1714 1346 1796 1384; x_wconf 80' lang='lat' dir='ltr'>hoc</span> 
     </span>
     <span class='ocr_line' id='line_1_19' title="bbox 217 1407 1797 1462; baseline -0.004 -9"><span class='ocrx_word' id='word_1_165' title='bbox 217 1413 388 1460; x_wconf 80' lang='lat' dir='ltr'>mundo,</span> <span class='ocrx_word' id='word_1_166' title='bbox 423 1414 644 1462; x_wconf 73' lang='lat' dir='ltr'>tamquam</span> <span class='ocrx_word' id='word_1_167' title='bbox 676 1421 760 1448; x_wconf 83' lang='lat' dir='ltr'>non</span> <span class='ocrx_word' id='word_1_168' title='bbox 792 1410 973 1447; x_wconf 75' lang='lat' dir='ltr'>utuntur</span> <span class='ocrx_word' id='word_1_169' title='bbox 1004 1408 1077 1459; x_wconf 83' lang='lat'>(3);</span> <span class='ocrx_word' id='word_1_170' title='bbox 1107 1407 1210 1446; x_wconf 85' lang='lat' dir='ltr'>Non</span> <span class='ocrx_word' id='word_1_171' title='bbox 1241 1407 1440 1447; x_wconf 75' lang='lat' dir='ltr'>habemus</span> <span class='ocrx_word' id='word_1_172' title='bbox 1460 1409 1527 1447; x_wconf 80' lang='lat' dir='ltr'>hic</span> <span class='ocrx_word' id='word_1_173' title='bbox 1557 1412 1797 1447; x_wconf 79' lang='lat' dir='ltr'>manentem</span> 
     </span>
     <span class='ocr_line' id='line_1_20' title="bbox 217 1472 1799 1527; baseline -0.003 -10"><span class='ocrx_word' id='word_1_174' title='bbox 217 1477 443 1524; x_wconf 77' lang='lat' dir='ltr'>civitatem,</span> <span class='ocrx_word' id='word_1_175' title='bbox 475 1474 548 1515; x_wconf 82' lang='lat' dir='ltr'>sed</span> <span class='ocrx_word' id='word_1_176' title='bbox 564 1476 774 1527; x_wconf 78' lang='lat' dir='ltr'>futuram</span> <span class='ocrx_word' id='word_1_177' title='bbox 807 1472 1072 1525; x_wconf 76' lang='lat' dir='ltr'>inquirimus</span> <span class='ocrx_word' id='word_1_178' title='bbox 1102 1474 1190 1524; x_wconf 81' lang='lat'><strong>(4);</strong></span> <span class='ocrx_word' id='word_1_179' title='bbox 1221 1472 1498 1525; x_wconf 67' lang='lat' dir='ltr'>Abneyantes</span> <span class='ocrx_word' id='word_1_180' title='bbox 1538 1473 1799 1526; x_wconf 79' lang='lat' dir='ltr'>impietatem</span> 
     </span>
     <span class='ocr_line' id='line_1_21' title="bbox 217 1538 1799 1592; baseline -0.004 -7"><span class='ocrx_word' id='word_1_181' title='bbox 217 1548 258 1585; x_wconf 85' lang='lat' dir='ltr'>et</span> <span class='ocrx_word' id='word_1_182' title='bbox 283 1544 533 1584; x_wconf 75' lang='lat' dir='ltr'>saecularia</span> <span class='ocrx_word' id='word_1_183' title='bbox 576 1540 820 1586; x_wconf 78' lang='lat' dir='ltr'>desideria,</span> <span class='ocrx_word' id='word_1_184' title='bbox 865 1538 1004 1578; x_wconf 80' lang='lat' dir='ltr'>sobrie</span> <span class='ocrx_word' id='word_1_185' title='bbox 1035 1541 1074 1578; x_wconf 81' lang='lat' dir='ltr'>et</span> <span class='ocrx_word' id='word_1_186' title='bbox 1105 1539 1211 1578; x_wconf 83' lang='lat' dir='ltr'>iuste</span> <span class='ocrx_word' id='word_1_187' title='bbox 1241 1542 1282 1578; x_wconf 82' lang='lat' dir='ltr'>et</span> <span class='ocrx_word' id='word_1_188' title='bbox 1299 1539 1375 1592; x_wconf 80' lang='lat' dir='ltr'>pie</span> <span class='ocrx_word' id='word_1_189' title='bbox 1415 1539 1607 1580; x_wconf 75' lang='lat' dir='ltr'>vivamus</span> <span class='ocrx_word' id='word_1_190' title='bbox 1649 1540 1692 1579; x_wconf 79' lang='lat' dir='ltr'>in</span> <span class='ocrx_word' id='word_1_191' title='bbox 1722 1542 1799 1579; x_wconf 81' lang='lat' dir='ltr'>hoc</span> 
     </span>
     <span class='ocr_line' id='line_1_22' title="bbox 214 1603 1803 1659; baseline -0.003 -10"><span class='ocrx_word' id='word_1_192' title='bbox 214 1609 387 1649; x_wconf 77' lang='lat' dir='ltr'>saeculo</span> <span class='ocrx_word' id='word_1_193' title='bbox 409 1640 418 1657; x_wconf 90' lang='lat'>‚</span> <span class='ocrx_word' id='word_1_194' title='bbox 460 1608 725 1659; x_wconf 64' lang='lat' dir='ltr'>expectantes</span> <span class='ocrx_word' id='word_1_195' title='bbox 762 1604 927 1643; x_wconf 76' lang='lat' dir='ltr'>beatam</span> <span class='ocrx_word' id='word_1_196' title='bbox 964 1616 1076 1656; x_wconf 78' lang='lat' dir='ltr'>spem</span> <span class='ocrx_word' id='word_1_197' title='bbox 1116 1606 1163 1642; x_wconf 81' lang='lat' dir='ltr'>at</span> <span class='ocrx_word' id='word_1_198' title='bbox 1189 1603 1416 1643; x_wconf 80' lang='lat' dir='ltr'>adventum</span> <span class='ocrx_word' id='word_1_199' title='bbox 1448 1605 1620 1657; x_wconf 69' lang='lat' dir='ltr'>yloriae</span> <span class='ocrx_word' id='word_1_200' title='bbox 1650 1604 1803 1657; x_wconf 60' lang='lat' dir='ltr'>magni</span> 
     </span>
     <span class='ocr_line' id='line_1_23' title="bbox 215 1667 1798 1724; baseline -0.004 -11"><span class='ocrx_word' id='word_1_201' title='bbox 215 1675 302 1714; x_wconf 85' lang='lat' dir='ltr'>Dei</span> <span class='ocrx_word' id='word_1_202' title='bbox 331 1674 403 1724; x_wconf 73' lang='lat'>(5).</span> <span class='ocrx_word' id='word_1_203' title='bbox 427 1672 491 1710; x_wconf 91' lang='lat' dir='ltr'>En</span> <span class='ocrx_word' id='word_1_204' title='bbox 520 1683 689 1722; x_wconf 86' lang='lat' dir='ltr'>scopus,</span> <span class='ocrx_word' id='word_1_205' title='bbox 711 1667 778 1707; x_wconf 87' lang='lat' dir='ltr'>cui</span> <span class='ocrx_word' id='word_1_206' title='bbox 799 1667 956 1717; x_wconf 88' lang='lat' dir='ltr'>fideles,</span> <span class='ocrx_word' id='word_1_207' title='bbox 977 1673 1100 1720; x_wconf 89' lang='lat' dir='ltr'>prout</span> <span class='ocrx_word' id='word_1_208' title='bbox 1123 1668 1230 1707; x_wconf 86' lang='lat' dir='ltr'>tales</span> <span class='ocrx_word' id='word_1_209' title='bbox 1251 1674 1358 1716; x_wconf 88' lang='lat' dir='ltr'>sunt,</span> <span class='ocrx_word' id='word_1_210' title='bbox 1381 1669 1612 1717; x_wconf 86' lang='lat' dir='ltr'>intendunt;</span> <span class='ocrx_word' id='word_1_211' title='bbox 1635 1682 1686 1708; x_wconf 90' lang='lat' dir='ltr'>en</span> <span class='ocrx_word' id='word_1_212' title='bbox 1708 1669 1798 1720; x_wconf 90' lang='lat' dir='ltr'>spi-</span> 
     </span>
     <span class='ocr_line' id='line_1_24' title="bbox 215 1732 1800 1785; baseline -0.003 -6"><span class='ocrx_word' id='word_1_213' title='bbox 215 1739 321 1779; x_wconf 86' lang='lat' dir='ltr'>ritus</span> <span class='ocrx_word' id='word_1_214' title='bbox 351 1735 583 1784; x_wconf 86' lang='lat' dir='ltr'>Ecclesiae;</span> <span class='ocrx_word' id='word_1_215' title='bbox 616 1747 668 1774; x_wconf 90' lang='lat' dir='ltr'>en</span> <span class='ocrx_word' id='word_1_216' title='bbox 699 1733 901 1780; x_wconf 79' lang='lat' dir='ltr'>doctrina,</span> <span class='ocrx_word' id='word_1_217' title='bbox 921 1746 1045 1785; x_wconf 86' lang='lat' dir='ltr'>quam</span> <span class='ocrx_word' id='word_1_218' title='bbox 1066 1732 1186 1772; x_wconf 88' lang='lat' dir='ltr'>nobis</span> <span class='ocrx_word' id='word_1_219' title='bbox 1209 1733 1467 1773; x_wconf 88' lang='lat' dir='ltr'>tradiderunt</span> <span class='ocrx_word' id='word_1_220' title='bbox 1487 1734 1690 1785; x_wconf 84' lang='lat' dir='ltr'>Apostoli.</span> <span class='ocrx_word' id='word_1_221' title='bbox 1716 1734 1800 1781; x_wconf 83' lang='lat' dir='ltr'>Qui</span> 
     </span>
     <span class='ocr_line' id='line_1_25' title="bbox 219 1799 1802 1851; baseline -0.003 -6"><span class='ocrx_word' id='word_1_222' title='bbox 219 1818 322 1845; x_wconf 82' lang='lat' dir='ltr'>vero</span> <span class='ocrx_word' id='word_1_223' title='bbox 352 1801 607 1843; x_wconf 85' lang='lat' dir='ltr'>contrarium</span> <span class='ocrx_word' id='word_1_224' title='bbox 638 1799 864 1847; x_wconf 86' lang='lat' dir='ltr'>inculcant,</span> <span class='ocrx_word' id='word_1_225' title='bbox 886 1799 1131 1851; x_wconf 81' lang='lat' dir='ltr'>religionem</span> <span class='ocrx_word' id='word_1_226' title='bbox 1153 1812 1207 1838; x_wconf 85' lang='lat' dir='ltr'>ex</span> <span class='ocrx_word' id='word_1_227' title='bbox 1229 1799 1371 1838; x_wconf 88' lang='lat' dir='ltr'>divina</span> <span class='ocrx_word' id='word_1_228' title='bbox 1389 1799 1433 1838; x_wconf 88' lang='lat' dir='ltr'>in</span> <span class='ocrx_word' id='word_1_229' title='bbox 1452 1801 1682 1840; x_wconf 88' lang='lat' dir='ltr'>humanam</span> <span class='ocrx_word' id='word_1_230' title='bbox 1705 1814 1802 1840; x_wconf 88' lang='lat' dir='ltr'>con-</span> 
     </span>
     <span class='ocr_line' id='line_1_26' title="bbox 221 1864 1798 1918; baseline -0.003 -7"><span class='ocrx_word' id='word_1_231' title='bbox 221 1876 401 1918; x_wconf 77' lang='lat' dir='ltr'>vertunt,</span> <span class='ocrx_word' id='word_1_232' title='bbox 434 1876 476 1909; x_wconf 91' lang='lat' dir='ltr'>et</span> <span class='ocrx_word' id='word_1_233' title='bbox 503 1869 631 1908; x_wconf 86' lang='lat' dir='ltr'>finem</span> <span class='ocrx_word' id='word_1_234' title='bbox 653 1865 874 1906; x_wconf 89' lang='lat' dir='ltr'>Ecclesiae</span> <span class='ocrx_word' id='word_1_235' title='bbox 905 1879 999 1904; x_wconf 91' lang='lat' dir='ltr'>cum</span> <span class='ocrx_word' id='word_1_236' title='bbox 1021 1865 1105 1904; x_wconf 88' lang='lat' dir='ltr'>fine</span> <span class='ocrx_word' id='word_1_237' title='bbox 1127 1864 1262 1904; x_wconf 87' lang='lat' dir='ltr'>civilis</span> <span class='ocrx_word' id='word_1_238' title='bbox 1291 1865 1507 1905; x_wconf 89' lang='lat' dir='ltr'>societatis</span> <span class='ocrx_word' id='word_1_239' title='bbox 1526 1867 1798 1917; x_wconf 88' lang='lat' dir='ltr'>confundunt;</span> 
     </span>
     <span class='ocr_line' id='line_1_27' title="bbox 218 1929 1659 1980; baseline -0.004 -5"><span class='ocrx_word' id='word_1_240' title='bbox 218 1935 312 1975; x_wconf 91' lang='lat' dir='ltr'>aliis</span> <span class='ocrx_word' id='word_1_241' title='bbox 340 1933 495 1980; x_wconf 65' lang='lat' dir='ltr'>verbis,</span> <span class='ocrx_word' id='word_1_242' title='bbox 526 1930 803 1972; x_wconf 88' lang='lat' dir='ltr'>naturalismo</span> <span class='ocrx_word' id='word_1_243' title='bbox 836 1929 1061 1969; x_wconf 87' lang='lat' dir='ltr'>Gentilium</span> <span class='ocrx_word' id='word_1_244' title='bbox 1090 1929 1368 1968; x_wconf 87' lang='lat' dir='ltr'>restaurando</span> <span class='ocrx_word' id='word_1_245' title='bbox 1398 1930 1659 1970; x_wconf 84' lang='lat' dir='ltr'>adlaborant.</span> 
     </span>
    </p>

    <p class='ocr_par' dir='ltr' id='par_1_3' title="bbox 216 1994 1800 2640">
     <span class='ocr_line' id='line_1_28' title="bbox 271 1994 1794 2049; baseline -0.002 -9"><span class='ocrx_word' id='word_1_246' title='bbox 271 2001 315 2041; x_wconf 80' lang='lat' dir='ltr'>Si</span> <span class='ocrx_word' id='word_1_247' title='bbox 345 2013 447 2039; x_wconf 84' lang='lat' dir='ltr'>vera</span> <span class='ocrx_word' id='word_1_248' title='bbox 467 1998 646 2038; x_wconf 83' lang='lat' dir='ltr'>felicitas</span> <span class='ocrx_word' id='word_1_249' title='bbox 677 1996 981 2044; x_wconf 82' lang='lat' dir='ltr'>consideretur,</span> <span class='ocrx_word' id='word_1_250' title='bbox 1011 1995 1093 2034; x_wconf 91' lang='lat' dir='ltr'>hoc</span> <span class='ocrx_word' id='word_1_251' title='bbox 1123 1994 1214 2047; x_wconf 88' lang='lat' dir='ltr'>ipso</span> <span class='ocrx_word' id='word_1_252' title='bbox 1244 1995 1354 2047; x_wconf 90' lang='lat' dir='ltr'>quod</span> <span class='ocrx_word' id='word_1_253' title='bbox 1383 1996 1615 2036; x_wconf 85' lang='lat' dir='ltr'>christiana</span> <span class='ocrx_word' id='word_1_254' title='bbox 1645 1997 1794 2049; x_wconf 87' lang='lat' dir='ltr'>religio</span> 
     </span>
     <span class='ocr_line' id='line_1_29' title="bbox 216 2061 1799 2119; baseline -0.004 -10"><span class='ocrx_word' id='word_1_255' title='bbox 216 2070 399 2110; x_wconf 83' lang='lat' dir='ltr'>suturam</span> <span class='ocrx_word' id='word_1_256' title='bbox 412 2070 622 2119; x_wconf 85' lang='lat' dir='ltr'>procurat,</span> <span class='ocrx_word' id='word_1_257' title='bbox 637 2068 901 2116; x_wconf 87' lang='lat' dir='ltr'>praesentem</span> <span class='ocrx_word' id='word_1_258' title='bbox 916 2062 1041 2102; x_wconf 90' lang='lat' dir='ltr'>etiam</span> <span class='ocrx_word' id='word_1_259' title='bbox 1054 2061 1200 2114; x_wconf 90' lang='lat' dir='ltr'>gignit.</span> <span class='ocrx_word' id='word_1_260' title='bbox 1213 2061 1313 2100; x_wconf 90' lang='lat' dir='ltr'>Vita</span> <span class='ocrx_word' id='word_1_261' title='bbox 1333 2062 1442 2101; x_wconf 90' lang='lat' dir='ltr'>enim</span> <span class='ocrx_word' id='word_1_262' title='bbox 1459 2076 1663 2115; x_wconf 87' lang='lat' dir='ltr'>praesens</span> <span class='ocrx_word' id='word_1_263' title='bbox 1685 2063 1799 2103; x_wconf 89' lang='lat' dir='ltr'>aliud</span> 
     </span>
     <span class='ocr_line' id='line_1_30' title="bbox 219 2126 1799 2180; baseline -0.004 -6"><span class='ocrx_word' id='word_1_264' title='bbox 219 2147 369 2174; x_wconf 80' lang='lat' dir='ltr'>revera</span> <span class='ocrx_word' id='word_1_265' title='bbox 389 2145 474 2171; x_wconf 89' lang='lat' dir='ltr'>non</span> <span class='ocrx_word' id='word_1_266' title='bbox 495 2136 571 2179; x_wconf 87' lang='lat' dir='ltr'>est,</span> <span class='ocrx_word' id='word_1_267' title='bbox 590 2128 670 2168; x_wconf 87' lang='lat' dir='ltr'>nisi</span> <span class='ocrx_word' id='word_1_268' title='bbox 688 2128 851 2167; x_wconf 83' lang='lat' dir='ltr'>suturae</span> <span class='ocrx_word' id='word_1_269' title='bbox 870 2127 1111 2167; x_wconf 86' lang='lat' dir='ltr'>tirocinium</span> <span class='ocrx_word' id='word_1_270' title='bbox 1133 2132 1173 2166; x_wconf 90' lang='lat' dir='ltr'>et</span> <span class='ocrx_word' id='word_1_271' title='bbox 1194 2126 1321 2166; x_wconf 89' lang='lat' dir='ltr'>veluti</span> <span class='ocrx_word' id='word_1_272' title='bbox 1342 2127 1619 2179; x_wconf 83' lang='lat' dir='ltr'>praeparati03</span> <span class='ocrx_word' id='word_1_273' title='bbox 1642 2141 1693 2167; x_wconf 91' lang='lat' dir='ltr'>ac</span> <span class='ocrx_word' id='word_1_274' title='bbox 1711 2142 1799 2180; x_wconf 91' lang='lat' dir='ltr'>pro-</span> 
     </span>
     <span class='ocr_line' id='line_1_31' title="bbox 220 2190 1800 2245; baseline -0.003 -7"><span class='ocrx_word' id='word_1_275' title='bbox 220 2199 317 2238; x_wconf 91' lang='lat' dir='ltr'>inde</span> <span class='ocrx_word' id='word_1_276' title='bbox 338 2197 428 2237; x_wconf 89' lang='lat' dir='ltr'>eius</span> <span class='ocrx_word' id='word_1_277' title='bbox 448 2207 551 2234; x_wconf 84' lang='lat' dir='ltr'>vera</span> <span class='ocrx_word' id='word_1_278' title='bbox 566 2192 768 2245; x_wconf 85' lang='lat' dir='ltr'>perfectio</span> <span class='ocrx_word' id='word_1_279' title='bbox 785 2191 954 2231; x_wconf 90' lang='lat' dir='ltr'>nonnisi</span> <span class='ocrx_word' id='word_1_280' title='bbox 971 2204 1024 2231; x_wconf 76' lang='lat' dir='ltr'>ex</span> <span class='ocrx_word' id='word_1_281' title='bbox 1041 2190 1303 2230; x_wconf 87' lang='lat' dir='ltr'>ordinatione</span> <span class='ocrx_word' id='word_1_282' title='bbox 1315 2191 1368 2230; x_wconf 93' lang='lat' dir='ltr'>ad</span> <span class='ocrx_word' id='word_1_283' title='bbox 1382 2191 1497 2230; x_wconf 86' lang='lat' dir='ltr'>illam</span> <span class='ocrx_word' id='word_1_284' title='bbox 1514 2191 1740 2232; x_wconf 87' lang='lat' dir='ltr'>iudicanda</span> <span class='ocrx_word' id='word_1_285' title='bbox 1759 2200 1800 2233; x_wconf 88' lang='lat' dir='ltr'>et</span> 
     </span>
     <span class='ocr_line' id='line_1_32' title="bbox 220 2254 1799 2310; baseline -0.003 -9"><span class='ocrx_word' id='word_1_286' title='bbox 220 2260 432 2301; x_wconf 86' lang='lat' dir='ltr'>metienda</span> <span class='ocrx_word' id='word_1_287' title='bbox 447 2263 522 2298; x_wconf 89' lang='lat' dir='ltr'>est.</span> <span class='ocrx_word' id='word_1_288' title='bbox 543 2257 663 2304; x_wconf 80' lang='lat' dir='ltr'>Quod</span> <span class='ocrx_word' id='word_1_289' title='bbox 679 2269 782 2296; x_wconf 92' lang='lat' dir='ltr'>sane</span> <span class='ocrx_word' id='word_1_290' title='bbox 798 2269 882 2296; x_wconf 88' lang='lat' dir='ltr'>non</span> <span class='ocrx_word' id='word_1_291' title='bbox 902 2261 1063 2296; x_wconf 85' lang='lat' dir='ltr'>tantum</span> <span class='ocrx_word' id='word_1_292' title='bbox 1081 2254 1132 2294; x_wconf 92' lang='lat' dir='ltr'>de</span> <span class='ocrx_word' id='word_1_293' title='bbox 1148 2255 1385 2295; x_wconf 89' lang='lat' dir='ltr'>hominibus</span> <span class='ocrx_word' id='word_1_294' title='bbox 1402 2268 1593 2296; x_wconf 86' lang='lat' dir='ltr'>seorsum</span> <span class='ocrx_word' id='word_1_295' title='bbox 1614 2257 1799 2310; x_wconf 88' lang='lat' dir='ltr'>acceptis</span> 
     </span>
     <span class='ocr_line' id='line_1_33' title="bbox 220 2321 1798 2374; baseline -0.003 -7"><span class='ocrx_word' id='word_1_296' title='bbox 220 2328 301 2367; x_wconf 89' lang='lat' dir='ltr'>dici</span> <span class='ocrx_word' id='word_1_297' title='bbox 324 2326 456 2374; x_wconf 85' lang='lat' dir='ltr'>debet,</span> <span class='ocrx_word' id='word_1_298' title='bbox 480 2325 554 2364; x_wconf 89' lang='lat' dir='ltr'>sed</span> <span class='ocrx_word' id='word_1_299' title='bbox 575 2324 624 2363; x_wconf 91' lang='lat' dir='ltr'>de</span> <span class='ocrx_word' id='word_1_300' title='bbox 645 2323 908 2362; x_wconf 88' lang='lat' dir='ltr'>multitudine</span> <span class='ocrx_word' id='word_1_301' title='bbox 928 2322 1020 2374; x_wconf 91' lang='lat' dir='ltr'>ipsa</span> <span class='ocrx_word' id='word_1_302' title='bbox 1049 2321 1264 2361; x_wconf 89' lang='lat' dir='ltr'>hominum</span> <span class='ocrx_word' id='word_1_303' title='bbox 1294 2321 1535 2362; x_wconf 89' lang='lat' dir='ltr'>societatem</span> <span class='ocrx_word' id='word_1_304' title='bbox 1568 2324 1798 2363; x_wconf 85' lang='lat' dir='ltr'>efforman-</span> 
     </span>
     <span class='ocr_line' id='line_1_34' title="bbox 219 2388 1800 2445; baseline -0.002 -12"><span class='ocrx_word' id='word_1_305' title='bbox 219 2394 333 2442; x_wconf 84' lang='lat' dir='ltr'>tium;</span> <span class='ocrx_word' id='word_1_306' title='bbox 355 2391 424 2445; x_wconf 89' lang='lat' dir='ltr'>qui</span> <span class='ocrx_word' id='word_1_307' title='bbox 445 2396 560 2431; x_wconf 89' lang='lat' dir='ltr'>certe</span> <span class='ocrx_word' id='word_1_308' title='bbox 581 2389 801 2430; x_wconf 86' lang='lat' dir='ltr'>societatis</span> <span class='ocrx_word' id='word_1_309' title='bbox 822 2388 1019 2441; x_wconf 87' lang='lat' dir='ltr'>ingressu</span> <span class='ocrx_word' id='word_1_310' title='bbox 1044 2393 1237 2428; x_wconf 90' lang='lat' dir='ltr'>naturam</span> <span class='ocrx_word' id='word_1_311' title='bbox 1268 2389 1497 2429; x_wconf 86' lang='lat' dir='ltr'>humanam</span> <span class='ocrx_word' id='word_1_312' title='bbox 1528 2404 1611 2430; x_wconf 90' lang='lat' dir='ltr'>non</span> <span class='ocrx_word' id='word_1_313' title='bbox 1642 2398 1800 2430; x_wconf 82' lang='lat' dir='ltr'>exuunt</span> 
     </span>
     <span class='ocr_line' id='line_1_35' title="bbox 218 2453 1800 2511; baseline -0.002 -12"><span class='ocrx_word' id='word_1_314' title='bbox 218 2460 293 2499; x_wconf 85' lang='lat' dir='ltr'>sed</span> <span class='ocrx_word' id='word_1_315' title='bbox 308 2457 541 2511; x_wconf 83' lang='lat' dir='ltr'>perficiunt.</span> <span class='ocrx_word' id='word_1_316' title='bbox 560 2456 693 2495; x_wconf 91' lang='lat' dir='ltr'>Immo</span> <span class='ocrx_word' id='word_1_317' title='bbox 711 2453 943 2494; x_wconf 88' lang='lat' dir='ltr'>christiana</span> <span class='ocrx_word' id='word_1_318' title='bbox 957 2454 1120 2506; x_wconf 87' lang='lat' dir='ltr'>religio,</span> <span class='ocrx_word' id='word_1_319' title='bbox 1137 2453 1234 2494; x_wconf 89' lang='lat' dir='ltr'>licet</span> <span class='ocrx_word' id='word_1_320' title='bbox 1251 2454 1464 2504; x_wconf 87' lang='lat' dir='ltr'>indirecte,</span> <span class='ocrx_word' id='word_1_321' title='bbox 1483 2455 1594 2496; x_wconf 76' lang='lat' dir='ltr'>civili</span> <span class='ocrx_word' id='word_1_322' title='bbox 1611 2457 1800 2496; x_wconf 84' lang='lat' dir='ltr'>culturae</span> 
     </span>
     <span class='ocr_line' id='line_1_36' title="bbox 218 2521 1798 2576; baseline -0.001 -11"><span class='ocrx_word' id='word_1_323' title='bbox 218 2525 506 2576; x_wconf 81' lang='lat' dir='ltr'>maximopere</span> <span class='ocrx_word' id='word_1_324' title='bbox 535 2523 660 2562; x_wconf 84' lang='lat' dir='ltr'>favet:</span> <span class='ocrx_word' id='word_1_325' title='bbox 690 2535 776 2561; x_wconf 92' lang='lat' dir='ltr'>non</span> <span class='ocrx_word' id='word_1_326' title='bbox 805 2521 930 2561; x_wconf 87' lang='lat' dir='ltr'>modo</span> <span class='ocrx_word' id='word_1_327' title='bbox 963 2521 1061 2574; x_wconf 88' lang='lat' dir='ltr'>quia</span> <span class='ocrx_word' id='word_1_328' title='bbox 1092 2521 1260 2561; x_wconf 91' lang='lat' dir='ltr'>animos</span> <span class='ocrx_word' id='word_1_329' title='bbox 1295 2528 1474 2561; x_wconf 85' lang='lat' dir='ltr'>exornat</span> <span class='ocrx_word' id='word_1_330' title='bbox 1505 2535 1604 2562; x_wconf 88' lang='lat' dir='ltr'>vera</span> <span class='ocrx_word' id='word_1_331' title='bbox 1633 2522 1798 2571; x_wconf 82' lang='lat' dir='ltr'>virtute,</span> 
     </span>
     <span class='ocr_line' id='line_1_37' title="bbox 218 2585 1798 2640; baseline -0.003 -10"><span class='ocrx_word' id='word_1_332' title='bbox 218 2590 370 2631; x_wconf 84' lang='lat' dir='ltr'>civium</span> <span class='ocrx_word' id='word_1_333' title='bbox 407 2588 601 2640; x_wconf 88' lang='lat' dir='ltr'>propria;</span> <span class='ocrx_word' id='word_1_334' title='bbox 642 2587 718 2627; x_wconf 85' lang='lat' dir='ltr'>sed</span> <span class='ocrx_word' id='word_1_335' title='bbox 755 2586 880 2626; x_wconf 89' lang='lat' dir='ltr'>etiam</span> <span class='ocrx_word' id='word_1_336' title='bbox 922 2586 1019 2638; x_wconf 85' lang='lat' dir='ltr'>quia</span> <span class='ocrx_word' id='word_1_337' title='bbox 1053 2585 1259 2625; x_wconf 82' lang='lat' dir='ltr'>influxum</span> <span class='ocrx_word' id='word_1_338' title='bbox 1297 2586 1523 2626; x_wconf 87' lang='lat' dir='ltr'>salutarem</span> <span class='ocrx_word' id='word_1_339' title='bbox 1559 2592 1728 2626; x_wconf 80' lang='lat' dir='ltr'>exercet</span> <span class='ocrx_word' id='word_1_340' title='bbox 1756 2586 1798 2625; x_wconf 91' lang='lat' dir='ltr'>in</span> 
     </span>
    </p>
   </div>
   <div class='ocr_carea' id='block_1_3' title="bbox 257 2718 805 2974">
    <p class='ocr_par' dir='ltr' id='par_1_4' title="bbox 260 2718 591 2761">
     <span class='ocr_line' id='line_1_38' title="bbox 260 2718 591 2761; baseline -0.009 -9"><span class='ocrx_word' id='word_1_341' title='bbox 260 2720 310 2761; x_wconf 85' lang='lat'>(1)</span> <span class='ocrx_word' id='word_1_342' title='bbox 336 2718 396 2752; x_wconf 76' lang='lat' dir='ltr'>Ad</span> <span class='ocrx_word' id='word_1_343' title='bbox 419 2719 526 2751; x_wconf 67' lang='lat' dir='ltr'>Helm.</span> <span class='ocrx_word' id='word_1_344' title='bbox 550 2720 591 2750; x_wconf 83' lang='lat' dir='ltr'>V.</span> 
     </span>
    </p>

    <p class='ocr_par' dir='ltr' id='par_1_5' title="bbox 259 2770 805 2867">
     <span class='ocr_line' id='line_1_39' title="bbox 259 2770 805 2813; baseline -0.005 -9"><span class='ocrx_word' id='word_1_345' title='bbox 259 2774 308 2813; x_wconf 72' lang='lat'>(2)</span> <span class='ocrx_word' id='word_1_346' title='bbox 336 2772 366 2803; x_wconf 97' lang='lat' dir='ltr'>II</span> <span class='ocrx_word' id='word_1_347' title='bbox 390 2770 449 2804; x_wconf 80' lang='lat' dir='ltr'>Ad</span> <span class='ocrx_word' id='word_1_348' title='bbox 482 2770 746 2808; x_wconf 72' lang='lat' dir='ltr'>leimotlzeam,</span> <span class='ocrx_word' id='word_1_349' title='bbox 767 2770 805 2802; x_wconf 95' lang='lat' dir='ltr'>II.</span> 
     </span>
     <span class='ocr_line' id='line_1_40' title="bbox 259 2824 632 2867; baseline -0.008 -9"><span class='ocrx_word' id='word_1_350' title='bbox 259 2828 309 2867; x_wconf 84' lang='lat'>(3)</span> <span class='ocrx_word' id='word_1_351' title='bbox 335 2826 347 2857; x_wconf 95' lang='lat'><em>1</em></span> <span class='ocrx_word' id='word_1_352' title='bbox 371 2824 431 2857; x_wconf 72' lang='grc' dir='ltr'>Αιῐ</span> <span class='ocrx_word' id='word_1_353' title='bbox 455 2824 535 2856; x_wconf 58' lang='lat' dir='ltr'>Cor.</span> <span class='ocrx_word' id='word_1_354' title='bbox 560 2825 632 2856; x_wconf 68' lang='lat' dir='ltr'><strong>vll.</strong></span> 
     </span>
    </p>

    <p class='ocr_par' dir='ltr' id='par_1_6' title="bbox 258 2876 643 2919">
     <span class='ocr_line' id='line_1_41' title="bbox 258 2876 643 2919; baseline -0.005 -10"><span class='ocrx_word' id='word_1_355' title='bbox 258 2878 308 2919; x_wconf 88' lang='grc'>(4)</span> <span class='ocrx_word' id='word_1_356' title='bbox 335 2877 394 2909; x_wconf 73' lang='lat' dir='ltr'>Ad</span> <span class='ocrx_word' id='word_1_357' title='bbox 417 2876 524 2909; x_wconf 69' lang='lat' dir='ltr'>Helm</span> <span class='ocrx_word' id='word_1_358' title='bbox 554 2876 643 2908; x_wconf 84' lang='lat' dir='ltr'><strong>XIII.</strong></span> 
     </span>
    </p>

    <p class='ocr_par' dir='ltr' id='par_1_7' title="bbox 257 2930 617 2974">
     <span class='ocr_line' id='line_1_42' title="bbox 257 2930 617 2974; baseline -0.008 -9"><span class='ocrx_word' id='word_1_359' title='bbox 257 2933 307 2974; x_wconf 87' lang='lat'>(5)</span> <span class='ocrx_word' id='word_1_360' title='bbox 333 2931 392 2964; x_wconf 78' lang='lat' dir='ltr'>Ad</span> <span class='ocrx_word' id='word_1_361' title='bbox 423 2931 555 2967; x_wconf 80' lang='lat' dir='ltr'>Titum,</span> <span class='ocrx_word' id='word_1_362' title='bbox 579 2930 617 2962; x_wconf 90' lang='lat' dir='ltr'>II.</span> 
     </span>
    </p>
   </div>
  </div>
 </body>
</html>
