1970 3203
527 209 663 236 CAPUT
693 209 717 236 1.
747 210 800 237 DE
831 211 923 238 FINE
954 212 1230 241 OPERATmNis
1261 215 1468 242 HUMANAE
1731 204 1784 243 35

216 282 429 325 Consimili
449 282 573 335 igitur
595 291 716 335 pacto
739 284 893 336 vigebit
913 286 1012 326 ordo
1033 287 1213 336 moralis,
1244 288 1279 327 si
1304 294 1522 328 creaturae
1542 288 1696 329 liberae
1715 290 1780 329 lo-

217 363 309 389 cum
331 353 546 400 occupent,
565 349 616 388 ad
647 362 769 401 quem
790 363 816 389 a
836 350 976 390 divina
995 352 1252 404 providentia
1273 359 1487 402 vocantur,
1505 354 1546 393 in
1567 355 1777 406 operando

211 415 496 467 obtemperent
509 414 592 466 legi
614 414 792 464 divinae,
814 429 889 456 seu
918 416 1110 456 virtutem
1131 420 1280 467 colant;
1297 419 1540 459 harmonice
1570 419 1780 471 explicent

208 478 334 527 vires,
357 480 410 519 ad
430 493 477 520 se
500 481 685 532 aliosque
706 481 996 532 perficiendos.
1025 483 1143 522 Haec
1172 484 1208 522 si
1238 485 1351 533 fiant,
1387 485 1562 525 mundus
1592 486 1659 526 ille
1688 500 1782 526 mo-

206 543 306 582 ralis
334 544 584 592 efflorescet,
616 544 734 584 cuius
763 544 994 597 pulcritudo
1024 552 1139 585 tanto
1161 553 1223 586 est
1244 561 1379 587 rerum
1402 549 1679 589 materialium
1709 563 1784 589 or-

207 620 308 649 natu
336 610 627 662 praestantior,
650 617 803 663 quanto
835 611 1003 663 spiritus
1025 612 1200 664 corpori,
1222 626 1272 652 ac
1294 613 1422 653 brutis
1444 614 1601 655 viribus
1629 615 1784 655 intelli-

210 673 353 724 gentia
383 680 424 713 et
453 674 648 714 voluntas
678 674 946 714 antecellunt.

265 740 326 780 26.
359 741 617 779 PROPOSITIO
648 739 705 779 3².
739 740 855 780 Ordo
886 742 1078 789 moralis,
1108 755 1230 793 quem
1260 742 1458 790 diximus,
1490 746 1710 785 constituit
1724 748 1785 797 fe-

213 802 415 842 licitatem
448 803 751 856 imperfectam,
781 817 911 856 quam
942 805 986 844 in
1016 807 1094 844 lzuc
1126 807 1209 845 vita
1237 807 1407 859 assequi
1431 820 1669 859 possumus.

264 869 483 908 Probatur.
517 869 713 909 Felicitas
742 870 987 922 imperfecta
1016 871 1087 910 illa
1114 872 1273 920 dicitur,
1296 885 1401 924 quae
1432 878 1494 912 est
1524 874 1785 926 participatio

212 935 416 987 quaedam
447 935 655 975 felicitatis
684 935 894 987 perfectae
925 942 965 976 et
984 937 1102 989 quasi
1123 937 1322 977 inchoata
1343 938 1529 978 eiusdem
1558 941 1783 991 possessio.

211 999 333 1038 Hanc
351 1004 462 1038 certe
478 999 603 1038 homo
621 1000 887 1051 consequitur
904 1000 941 1039 vi
959 1001 1114 1040 ordinis
1131 1001 1312 1049 moralis,
1330 1016 1402 1054 per
1419 1015 1538 1054 quem
1556 1004 1786 1056 disponitur

210 1075 261 1101 ac
284 1061 413 1102 tendit
433 1062 485 1102 ad
506 1062 745 1102 beatitatem
762 1063 871 1103 vitae
892 1063 1065 1105 futurae.
1085 1064 1224 1104 Primo
1241 1066 1416 1117 quidem,
1435 1067 1530 1119 quia
1545 1067 1680 1118 ipsam
1703 1068 1785 1108 iam

209 1133 484 1177 praegustare
504 1125 645 1178 incipit
666 1126 903 1179 cognitione
925 1134 965 1167 et
984 1128 1202 1168 dilectione
1220 1129 1306 1178 Dei,
1329 1130 1475 1182 quibus
1495 1130 1657 1170 actibus
1688 1146 1784 1184 pars

209 1190 435 1243 praecipua
451 1191 606 1231 ordinis
628 1192 797 1232 moralis
822 1193 1068 1234 continetur.
1085 1195 1256 1243 Deinde,
1278 1196 1375 1248 quia
1391 1196 1657 1236 observantia
1681 1199 1787 1239 ordi-

209 1255 276 1295 nis
292 1255 463 1295 moralis
479 1269 596 1309 spem
611 1258 788 1310 acquirit
807 1259 1075 1311 adipiscendi,
1087 1268 1179 1312 post
1195 1261 1319 1300 huius
1337 1261 1444 1301 vitae
1462 1275 1641 1311 cursum,
1659 1265 1786 1315 perfe-

211 1326 321 1359 ctam
344 1320 596 1364 felicitatem.
612 1324 668 1361 At
690 1335 788 1362 vero
808 1322 856 1371 is,
874 1323 941 1374 qui
964 1323 1059 1363 boni
1081 1323 1256 1363 alicuius
1276 1337 1349 1376 spe
1371 1331 1486 1364 certa
1506 1324 1662 1374 fruitur,
1686 1327 1785 1367 illud

211 1384 352 1436 aliqua
371 1384 531 1424 ratione
554 1385 635 1424 iam
658 1386 854 1437 possidet.
878 1386 955 1432 Qui
976 1386 1101 1439 igitur
1117 1386 1248 1426 ordini
1269 1388 1428 1435 morali,
1447 1401 1521 1427 seu
1543 1388 1693 1438 virtuti,
1717 1391 1785 1431 dat

212 1461 394 1501 operam;
412 1450 447 1489 is
467 1457 632 1502 propter
648 1464 764 1503 spem
781 1451 989 1492 felicitatis
1006 1452 1179 1500 futurae,
1197 1452 1279 1491 iam
1301 1466 1425 1500 nunc,
1443 1460 1640 1505 quantum
1663 1456 1784 1497 huius

214 1512 326 1552 vitae
348 1513 526 1552 conditio
548 1514 711 1565 patitur,
732 1514 829 1554 felix
852 1522 891 1555 et
911 1515 1016 1555 bene
1037 1516 1244 1555 ominatus
1266 1516 1345 1555 dici
1366 1523 1512 1568 potest.
1534 1517 1598 1556 Ad
1630 1532 1716 1558 rem
1741 1521 1780 1559 S.

214 1577 413 1625 Thomas;
437 1593 455 1615 t<
477 1579 594 1617 Beati
612 1578 804 1618 dicuntur
819 1580 943 1631 aliqui
959 1581 1000 1619 in
1018 1581 1098 1622 hac
1119 1581 1204 1620 vita
1219 1582 1283 1620 vel
1301 1588 1466 1633 propter
1482 1595 1594 1634 spem
1613 1584 1783 1626 beatitu-

212 1640 319 1679 dinis
335 1640 631 1692 adipiscendae
648 1642 690 1680 in
712 1642 850 1682 sutura
871 1643 967 1691 vita,
984 1645 1213 1683 secundum
1234 1644 1334 1683 illud
1354 1646 1426 1695 (AD
1444 1646 1554 1684 ΗΘΜ.
1571 1646 1681 1697 8,24)
1700 1648 1784 1700 Spe

211 1707 325 1746 salvi
346 1707 466 1758 faeti
484 1721 648 1754 sumus;
671 1709 737 1748 vel
769 1714 934 1760 propter
964 1709 1144 1761 aliquam
1174 1710 1531 1762 participationem
1562 1711 1783 1753 beatitudi-

210 1773 287 1821 nis,
309 1773 537 1813 secundum
559 1774 779 1826 aliqualem
802 1775 951 1814 summi
972 1775 1069 1815 boni
1095 1776 1452 1828 participationem
1470 1778 1540 1829 (1).
1566 1794 1585 1815 »
1610 1779 1778 1829 Contra,

210 1837 278 1889 qui
300 1837 348 1876 de
385 1851 578 1888 suprema
599 1837 795 1878 felicitate
816 1838 1019 1890 desperat,
1041 1839 1088 1887 is,
1111 1839 1272 1878 etiamsi
1298 1840 1446 1879 ceteris
1472 1840 1616 1880 affluat
1647 1842 1779 1893 bonis,

208 1902 337 1943 miser
367 1903 535 1942 omnino
566 1909 629 1943 est
654 1909 693 1942 et
722 1903 876 1943 infelix.
909 1904 1010 1950 Quis
1040 1904 1149 1944 enim
1193 1918 1277 1944 non
1305 1904 1501 1944 miserum
1533 1905 1710 1956 dixerit,
1739 1910 1782 1950 in

209 1980 329 2019 quem
354 1966 540 2006 maxima
568 1967 753 2006 imminet
769 1967 959 2008 miseria?
981 1968 1169 2007 Maxima
1186 1975 1321 2008 autem
1342 1968 1509 2008 miseria
1526 1975 1586 2009 est
1610 1971 1781 2012 amissio

211 2032 362 2073 summi
391 2032 499 2080 boni,
531 2039 761 2072 ceterorum
791 2033 993 2073 bonorum
1022 2033 1224 2073 iacturam
1255 2035 1450 2074 afferens.

720 2139 963 2179 Solvuntur
992 2139 1274 2192 dgfficultutes.

210 2237 214 2239 ’
261 2230 324 2269 27.
351 2229 479 2268 Obz'z'c.
504 2229 534 2266 I.
556 2228 731 2267 Videtur
752 2227 972 2268 dicendum
1008 2242 1101 2267 cum
1137 2229 1362 2277 Genuensi,
1392 2229 1629 2271 felicitatem
1659 2248 1782 2285 prae-

210 2292 340 2333 sentis
360 2292 468 2331 vitae
488 2291 530 2330 in
562 2291 713 2331 doloris
734 2297 772 2332 et
793 2291 1065 2343 aegritudinis
1088 2293 1294 2333 vacuitate
1316 2295 1471 2346 reponi.
1495 2296 1550 2334 Ut
1567 2297 1674 2336 enim
1693 2298 1781 2350 ipse

210 2355 418 2402 observat,
439 2369 458 2392 ‹<
477 2354 634 2407 Ecquid
651 2361 801 2394 natura
820 2362 965 2394 nostra
984 2355 1138 2407 poscit?
1155 2358 1312 2409 Nempe
1332 2371 1414 2397 non
1433 2358 1571 2398 dolere
1593 2373 1780 2413 corpore,

209 2431 294 2458 non
316 2430 566 2469 aegrescere
586 2417 736 2457 animo:
758 2418 879 2470 idque
901 2419 1205 2469 persentiscere
1227 2420 1362 2460 vivide
1388 2428 1721 2476 constanterque.
1740 2428 1781 2465 I·-

209 2483 320 2535 gitur
340 2482 599 2521 conscientia
614 2483 835 2522 vacuitatis
856 2483 1012 2523 doloris
1029 2492 1069 2525 et
1090 2486 1362 2537 aegritudinis
1382 2500 1581 2539 magnum
1602 2499 1664 2530 est
1683 2492 1781 2532 illud

209 2547 364 2585 bonum
383 2552 422 2584 et
438 2558 658 2593 summum,
676 2546 785 2597 quod
801 2546 842 2584 in
859 2547 939 2586 hac
958 2548 1043 2586 vita
1058 2548 1248 2588 homines
1268 2557 1522 2601 appetuntet
1542 2564 1780 2605 sequuntur.

207 2611 258 2649 Ei
291 2610 488 2662 cogitant,
520 2610 556 2649 ei
582 2611 842 2661 adlaborant;
874 2612 1068 2664 quidquid
1094 2622 1235 2665 agunt,
1257 2615 1450 2667 quidquid
1474 2616 1692 2668 abstinent,
1714 2621 1780 2660 fu-

209 2676 350 2727 giendi
381 2689 512 2715 causa
542 2676 696 2716 doloris
725 2677 1070 2730 repellendaeque
1099 2680 1368 2731 aegritudinis
1394 2689 1523 2734 agunt
1544 2683 1776 2727 abstinent-

213 2751 306 2790 que.
340 2738 447 2785 Quin
477 2738 512 2778 si
543 2739 692 2787 dolent,
723 2740 862 2780 dolent
891 2753 944 2780 ne
975 2741 1142 2782 doleant
1173 2744 1243 2794 (2).
1277 2759 1296 2782 »

255 2843 305 2883 (1)
324 2843 479 2876 Summa
502 2844 549 2876 tlz.
575 2845 597 2882 Ι,
622 2846 651 2883 2,
675 2855 705 2886 q.
731 2847 774 2885 V,
797 2857 826 2879 a.
849 2848 876 2878 4.

258 2893 308 2932 (2)
333 2894 386 2926 De
412 2894 492 2928 iure
516 2900 551 2928 et
574 2896 729 2938 officiis,
751 2908 778 2930 c.
804 2898 827 2937 I,
850 2898 867 2939 ξ
891 2901 918 2930 5.
