1970 3203
579 201 727 228 CAPUT.
758 201 796 228 11.
827 202 879 229 DE
909 202 1135 230 soen-:TATE
1165 203 1283 230 crvm
1643 191 1720 230 281

166 280 217 319 Et
247 289 350 318 sane
379 277 441 317 vis
471 278 610 330 legum
637 278 680 317 in
708 279 789 318 hoc
818 279 1024 328 cernitur;
1055 287 1098 319 ut
1118 279 1171 319 ad
1190 279 1343 319 bonum
1373 292 1591 319 commune
1620 292 1725 319 con-

166 343 312 384 ferant.
345 341 387 380 Si
415 341 539 394 igitur
567 342 609 381 in
630 356 732 383 casu
752 344 930 396 quodam
951 344 1191 396 particulari
1208 344 1360 384 bonum
1383 357 1605 384 commune
1627 357 1724 384 con-

164 407 333 449 trarium
364 407 451 447 eius
490 409 692 460 postulet,
723 410 830 462 quod
864 411 932 449 lex
962 410 1232 461 praescribit,
1277 416 1348 450 aut
1384 411 1418 450 si
1448 411 1589 463 aliqua
1617 409 1724 450 ratio

162 473 413 526 persuadeat
434 479 531 513 tunc
548 474 682 526 legem
700 488 783 514 non
802 487 894 515 esse
912 475 1214 527 applicandam3
1233 483 1345 515 certe
1365 476 1549 528 ipsarum
1566 476 1718 527 legum,

154 551 240 578 non
257 538 408 585 littera,
431 539 504 578 sed
524 539 693 591 spiritus
714 539 793 580 fert
813 548 855 579 ut
874 540 977 592 ipsis
999 539 1231 592 derogetur.
1253 543 1308 580 At
1327 543 1368 581 in
1384 542 1465 581 hoc
1487 541 1654 589 nullum,
1677 546 1720 580 ut

158 604 253 653 dixi,
284 604 441 644 iuribus
471 604 644 645 aliorum
675 606 964 646 detrimentum
993 606 1131 645 afferri
1162 607 1279 647 debet
1303 623 1311 656 3
1351 607 1577 658 gratificari
1608 607 1718 647 enim

157 669 226 707 uni
258 682 350 708 curn
383 669 533 708 damno
563 669 745 718 alterius,
775 670 973 710 iniustum
1004 677 1078 710 est.

207 733 354 772 Altera
382 732 598 784 potestatis
615 733 882 774 exsecutivae
903 732 978 773 dos
998 732 1234 772 fortitudine
1256 734 1499 773 continetur.
1518 734 1717 773 Facultas

155 799 279 845 enim,
311 811 416 850 quae
447 799 760 838 exsecutionem
790 798 970 850 respicit,
1001 799 1251 840 efficacitate
1292 799 1371 838 frui
1419 800 1563 848 debet;
1595 812 1719 840 secus

159 877 477 916 supervacanea
507 864 610 904 foret
633 872 670 903 et
692 878 798 904 onus
818 864 973 904 frustra
994 865 1187 904 additum.
1211 865 1317 904 Hinc
1340 866 1420 904 duo
1442 865 1718 917 requiruntur:

148 930 334 982 perfecta
351 930 632 971 subordinatio
651 938 689 970 et
706 931 769 971 vis
786 931 990 971 coactiva.
1010 931 1314 980 Subordinatio‚
1335 931 1516 984 inquam,
1534 930 1720 982 perfecta

150 995 394 1048 requiritur,
426 995 626 1047 siquidem
657 996 709 1035 ad
738 996 1058 1048 applicationem
1094 997 1231 1048 legum
1266 996 1573 1049 procurandam
1609 1008 1719 1034 unus

148 1073 227 1111 per
255 1073 301 1099 se
322 1073 405 1099 non
428 1060 594 1107 sufficit,
624 1061 697 1100 sed
718 1062 856 1113 plures
886 1060 1156 1112 magistratus
1178 1061 1399 1112 pluresque
1429 1058 1634 1098 officiales
1653 1073 1720 1099 ne-

147 1124 326 1164 cessarii
348 1131 456 1172 sunt,
479 1125 736 1176 potissimum
757 1126 799 1165 in
817 1125 1030 1177 republica
1047 1125 1149 1164 satis
1173 1126 1324 1176 ampla,
1343 1138 1448 1176 quae
1469 1124 1510 1163 in
1528 1124 1717 1164 diversas

149 1187 390 1239 provincias
403 1188 701 1240 dispartitaper
721 1189 909 1228 diversos
926 1188 1231 1240 gubernatores
1244 1188 1412 1239 regitur.
1427 1188 1515 1226 Hos
1534 1186 1716 1238 profecto

153 1255 211 1293 ita
226 1253 471 1295 distribuere
494 1262 532 1294 et
551 1254 658 1295 inter
676 1268 721 1294 se
742 1261 991 1294 connectere
1012 1261 1181 1305 oportet,
1207 1261 1247 1292 ut
1268 1253 1338 1292 alii
1357 1253 1587 1292 subdantur
1609 1253 1713 1301 aliis,

152 1320 269 1360 iuxta
291 1320 433 1359 varias
455 1320 825 1360 administrationis
842 1326 992 1372 partes,
1011 1326 1050 1358 et
1069 1319 1120 1357 ad
1139 1318 1277 1370 aliqua
1295 1318 1420 1358 veluti
1442 1319 1580 1369 capita
1601 1331 1717 1357 revo-

152 1392 310 1434 centur,
331 1399 438 1438 quae
458 1385 693 1425 immediate
724 1385 950 1436 iungantur
979 1384 1128 1425 rectori
1151 1384 1272 1424 unico
1294 1391 1333 1423 et
1354 1395 1560 1435 supremO,
1582 1396 1608 1422 a
1637 1396 1716 1435 quo

147 1457 286 1489 motus
316 1450 451 1490 omnis
482 1458 522 1490 et
544 1450 628 1488 vita
652 1451 791 1501 legum
822 1449 1161 1489 communicetur.
1194 1448 1262 1488 Sic
1293 1461 1497 1500 compago
1528 1447 1717 1499 corporis

148 1516 324 1556 socialis
344 1515 505 1555 muneri
526 1515 741 1567 potestatis
771 1515 1041 1555 exsecutivae
1070 1522 1164 1566 apte
1194 1514 1426 1554 conveniet.
1451 1515 1582 1553 Secus
1604 1513 1639 1552 si
1661 1512 1716 1551 di-

156 1592 280 1618 versa
297 1579 586 1627 instrumenta,
607 1592 712 1631 quae
733 1579 785 1617 ad
807 1579 895 1619 eius
917 1578 1161 1618 exercitium
1185 1586 1450 1626 concurrunt,
1472 1577 1549 1617 sibi
1572 1584 1713 1616 mutuo

149 1643 358 1692 resistant,
373 1652 443 1682 aut
458 1643 633 1682 influxui
646 1643 827 1695 supremi
844 1644 1015 1683 motoris
1031 1643 1267 1695 recipiendo
1286 1656 1367 1682 non
1389 1642 1464 1681 rite
1486 1641 1709 1681 subiician-

147 1715 213 1745 tur
229 1738 238 1754 ‚
260 1714 331 1746 aut
360 1707 394 1745 si
415 1707 505 1759 ipse
528 1719 748 1758 supremus
777 1714 912 1746 rector
933 1707 1118 1758 pluribus
1153 1707 1390 1754 coalescat,
1422 1706 1488 1758 qui
1511 1705 1714 1744 dissidere

149 1771 310 1823 possint
329 1771 434 1811 inter
453 1785 510 1820 se;
523 1772 743 1824 applicatio
761 1772 899 1824 legum
921 1785 1004 1811 non
1026 1772 1147 1811 modo
1170 1772 1281 1811 lenta
1298 1771 1373 1811 erit
1389 1778 1428 1810 et
1447 1770 1621 1817 incerta,
1642 1769 1717 1808 sed

149 1836 274 1876 etiam
295 1835 581 1888 interruptioni
601 1835 794 1884 obnoxia,
812 1850 966 1889 magno
983 1836 1197 1876 societatis
1218 1836 1473 1875 detrimento.
1495 1835 1582 1873 Etsi
1603 1834 1713 1873 enim

145 1913 263 1940 mora
284 1900 323 1939 in
347 1900 644 1939 deliberatione
666 1900 802 1952 legum
825 1900 1153 1946 sciscendarum,
1182 1899 1260 1937 nisi
1280 1897 1502 1950 peculiaris
1523 1896 1716 1936 necessi-

147 1975 212 2006 tas
231 1972 388 2019 urgeat,
409 1966 717 2005 incommodum
739 1967 895 2005 nullum
917 1967 1076 2012 afferat;
1110 1972 1247 2003 tamen
1270 1964 1450 2003 maxime
1471 1963 1622 2002 nociva
1652 1970 1714 2002 est

142 2029 411 2081 applicationi
429 2030 694 2080 legum,quae
711 2029 900 2080 proxime
918 2029 1117 2068 socialem
1130 2028 1412 2080 operationem
1425 2027 1712 2068 attinetHanc

157 2094 266 2133 enim
296 2100 394 2133 tunc
424 2102 495 2135 aut
524 2106 704 2140 cessare,
736 2100 806 2132 aut
836 2095 1071 2132 abnormern
1104 2105 1197 2132 esse
1227 2091 1441 2143 oportebit.

198 2158 262 2199 89.
293 2158 339 2198 Vi
370 2159 562 2199 coactiva
581 2158 733 2198 instrui
753 2158 888 2198 debet.
922 2158 1009 2197 Nec
1038 2157 1174 2196 minus
1195 2156 1364 2196 evidens
1385 2163 1448 2196 est
1477 2156 1712 2195 necessitas

148 2223 210 2263 vis
241 2224 469 2278 coactivae.
502 2225 607 2263 Nam
631 2237 724 2263 cum
756 2224 797 2262 in
826 2223 1102 2275 applicatione
1131 2223 1271 2275 legum
1301 2221 1539 2261 resistentia
1559 2234 1612 2260 ex
1632 2220 1714 2259 im-

149 2288 370 2340 proborum
392 2296 545 2329 conatu
565 2289 717 2329 offendi
738 2290 879 2342 possit;
911 2288 1177 2329 exsecutivae
1200 2287 1391 2339 potestati
1414 2288 1475 2326 vis
1497 2287 1604 2326 adsit
1633 2299 1711 2326 ne—

148 2367 270 2395 cesse
291 2362 366 2402 est,
386 2355 438 2394 ad
456 2355 692 2395 huiusmOdi
712 2355 1008 2407 impedimenta
1028 2354 1262 2406 superanda
1284 2353 1509 2392 sufficiens.
1531 2351 1643 2391 Nihil
1660 2364 1706 2391 e-

150 2417 235 2456 nim
257 2417 540 2470 tranquillitati
568 2418 719 2458 civium
739 2426 779 2458 et
800 2418 971 2470 proinde
1000 2418 1108 2458 bono
1139 2417 1285 2457 sociali
1314 2416 1448 2468 magis
1478 2421 1710 2467 repugnat,

151 2496 275 2534 quam
296 2482 558 2522 imbecillitas
574 2484 846 2531 auctoritatis,
858 2496 962 2535 quae
977 2483 1145 2534 impune
1163 2482 1381 2521 audaciam
1399 2494 1621 2533 pravorum
1638 2481 1709 2519 ho-

150 2549 308 2587 minum
330 2555 476 2588 contra
492 2549 627 2599 legem
644 2548 835 2602 patiatur.
858 2550 964 2587 Nam
985 2549 1106 2588 simul
1122 2556 1244 2599 atque
1267 2547 1308 2586 hi
1327 2547 1709 2593 animadverterint,

152 2625 196 2651 se
217 2624 340 2663 posse
360 2613 451 2652 sine
472 2612 658 2664 periculo
680 2612 836 2651 violare
857 2612 993 2663 legem
1009 2626 1019 2660 3
1049 2611 1149 2650 nihil
1170 2610 1371 2650 intactum
1391 2609 1633 2662 relinquent,
1656 2607 1710 2647 ef-

145 2676 278 2726 frena,
309 2691 391 2730 qua
420 2678 610 2729 gliscunt,
644 2677 878 2729 cupiditate.
910 2678 1071 2728 Magna
1100 2676 1224 2728 igitur
1254 2676 1391 2715 cautio
1422 2682 1460 2715 et
1492 2674 1713 2714 consilium

148 2741 343 2793 frequens
372 2748 411 2782 et
431 2742 747 2794 diligentissima
768 2741 1008 2781 deliberatio
1028 2741 1274 2780 adhibeatur
1304 2741 1345 2779 in
1367 2739 1593 2780 condendis
1615 2737 1712 2788 legi-

148 2805 239 2853 bus,
260 2820 365 2857 quae
387 2808 505 2846 utiles
522 2814 560 2846 et
581 2808 782 2847 honestae
803 2806 912 2854 sint,
934 2813 999 2853 at,
1030 2806 1095 2844 his
1116 2805 1305 2853 conditis,
1328 2805 1426 2844 nihil
1449 2803 1709 2844 tolerandum

150 2876 227 2917 est,
248 2869 356 2920 quod
377 2882 518 2908 earum
539 2870 799 2910 reverentiae
820 2878 858 2909 et
879 2869 1172 2909 observantiae
1193 2869 1449 2908 adversetur.
1473 2869 1536 2906 Ex
1565 2880 1644 2919 quo
1664 2867 1710 2904 fit
