1970 3203
455 214 592 241 CAPUT
621 214 644 239 1.
675 213 727 240 DE
756 214 850 240 FINE
880 213 1158 240 OPERATIONIS
1186 213 1393 239 HUMANAE
1663 201 1712 239 17

146 292 294 346 quibus
337 296 488 344 agunt,
519 302 672 329 caecae
703 296 799 329 sunt
828 295 867 329 et
896 289 1068 337 fatales,
1098 302 1176 329 nec
1206 289 1289 328 ullo
1320 288 1442 328 modo
1473 302 1527 329 ex
1556 302 1615 337 se,
1647 292 1720 330 sed

148 359 269 399 unice
300 372 351 399 ex
370 354 609 399 Conditoris
625 355 837 395 voluntate
855 361 894 395 et
909 354 1090 394 motione
1106 354 1342 395 incitantur.
1366 353 1435 393 Sic
1465 355 1570 407 lapis
1587 355 1719 396 fertur

148 424 358 472 deorsum;
390 427 430 463 et
456 422 597 474 planta
625 419 857 459 succrescit
884 424 924 459 et
953 419 1171 470 germinat.
1190 420 1322 459 Bruta
1350 433 1450 459 vero
1469 420 1717 470 animantia,

142 493 283 540 utpote
312 486 504 539 praedita
531 482 738 525 sentiendi
768 484 978 530 facultate,
1010 483 1050 522 vi
1081 483 1198 523 cuius
1229 483 1461 535 peculiaria
1490 483 1602 524 facta
1622 519 1633 532 ,
1666 487 1718 525 ad

89 583 93 592 .
141 551 329 591 ordinem
361 563 606 602 corporeum
637 547 903 602 pertinentia,
926 548 1185 601 percipiunt;
1218 547 1495 600 propensione
1524 550 1720 588 affectiva

139 617 182 656 in
211 616 296 656 suis
317 615 498 656 motibus
513 615 750 661 incitantur,
771 627 877 665 quae
897 627 949 654 ex
970 614 1120 654 obiecti
1141 614 1299 654 externi
1319 614 1558 654 sensatione
1590 616 1721 668 progi-

142 682 294 734 gnitur.
328 682 466 728 Quare
497 681 789 734 appetitionem
807 679 969 731 proprie
1000 686 1209 726 exercent,
1232 679 1328 719 licet
1347 678 1546 718 instinctu
1577 679 1719 718 deter-

142 749 358 797 minatam,
387 756 607 802 propterea
637 747 746 802 quod
775 746 1051 798 intelligentia
1081 746 1292 786 orbantur.

193 816 229 853 5.
260 815 306 855 In
334 815 500 855 homine
529 818 672 855 tamen
699 813 815 863 viqet
842 813 1029 863 perfecto
1059 814 1192 854 modo.
1215 814 1270 852 At
1290 813 1430 859 homo,
1449 818 1614 863 praeter
1630 823 1722 850 sen-

141 892 245 928 sum,
266 879 440 920 rationis
457 887 521 921 est
542 879 763 932 particeps,
782 891 856 930 per
876 892 999 930 quam
1020 878 1217 918 veritates
1248 877 1372 918 etiam
1393 877 1655 916 universales
1677 882 1720 915 et

141 945 406 985 necessarias
422 945 598 997 attingit,
615 959 834 1000 rerumque
850 951 1055 992 naturam,
1072 943 1308 991 relationes,
1327 955 1589 995 progressus,
1614 955 1716 982 cau-

141 1024 212 1051 sas
242 1018 282 1052 et
302 1012 603 1065 consequentia
622 1013 767 1062 cernit,
788 1020 874 1052 tum
908 1024 1109 1065 praesens
1131 1024 1224 1050 cum
1256 1014 1470 1049 transacto
1501 1014 1719 1059 comparat

144 1089 194 1116 ac
211 1076 422 1128 praesenti
439 1077 622 1116 adnectit
638 1077 831 1125 futurum,
848 1076 1054 1128 totiusque
1076 1076 1185 1115 vitae
1202 1087 1304 1114 suae
1323 1086 1492 1113 cursum
1509 1072 1717 1124 agnoscit.

145 1141 282 1187 Quare
299 1141 394 1193 quid
411 1140 488 1181 sibi
506 1142 729 1182 conveniat
745 1148 816 1181 aut
833 1142 1039 1194 discrepet
1055 1140 1175 1180 facile
1191 1139 1356 1187 iudicat,
1370 1138 1412 1178 in
1423 1137 1716 1189 obiectumque

144 1219 230 1246 non
251 1220 379 1247 caeco
400 1206 557 1259 impetu
578 1207 720 1256 fertur,
742 1207 815 1248 sed
837 1216 950 1248 motu
972 1206 1199 1246 voluntatis
1220 1205 1488 1246 deliberatae.
1514 1205 1623 1244 Hinc
1648 1218 1717 1245 re-

142 1275 286 1321 spectu
308 1269 484 1309 actionis
505 1271 778 1319 exercendae,
796 1277 838 1311 ut
858 1270 961 1310 scite
983 1269 1159 1309 advertit
1178 1270 1218 1308 S.
1238 1269 1437 1315 Thomas,
1459 1268 1501 1307 in
1531 1268 1612 1308 hoc
1633 1268 1715 1308 ho-

141 1347 208 1373 mo
228 1334 363 1374 differt
382 1347 408 1373 a
428 1334 579 1374 ceteris
596 1335 737 1375 causis
757 1335 918 1375 ratione
938 1334 1189 1382 carentibus,
1210 1333 1318 1386 quod
1335 1333 1388 1373 sit
1409 1332 1603 1372 dominus
1621 1345 1714 1371 suo-

142 1411 233 1437 rum
246 1405 426 1439 actuum.
445 1399 549 1437 Cum
566 1405 703 1439 autem
720 1400 774 1439 sit
789 1399 980 1439 dominus
997 1411 1165 1438 suorum
1183 1404 1351 1438 actuum
1364 1410 1437 1449 per
1453 1397 1658 1436 rationem
1676 1403 1719 1437 et

143 1463 413 1511 voluntatem,
443 1463 538 1503 illae
559 1464 748 1504 actiones
768 1465 931 1516 proprie
963 1464 1154 1503 dicuntur
1184 1465 1408 1510 humanae,
1436 1475 1511 1501 seu
1539 1462 1710 1513 profici-

145 1533 312 1567 scentes
329 1528 381 1567 ab
398 1528 566 1569 homine
582 1529 622 1567 in
641 1535 838 1582 quantum
855 1530 979 1568 homo
997 1535 1071 1576 est,
1091 1541 1197 1580 quae
1215 1541 1241 1567 a
1258 1528 1469 1568 voluntate
1486 1527 1717 1566 deliberata

142 1594 383 1645 procedunt.
406 1595 507 1633 Illae
529 1601 687 1643 contra,
711 1608 816 1647 quae
836 1595 957 1634 aliter
976 1596 1093 1641 fiunt,
1116 1608 1190 1634 seu
1212 1606 1317 1646 quae
1337 1607 1421 1633 non
1443 1593 1674 1645 procedunt
1690 1607 1716 1633 a

142 1657 366 1707 voluntate,
384 1658 525 1698 autsic
542 1659 771 1710 procedunt
786 1659 838 1698 ab
855 1659 947 1711 ipsa
957 1666 1000 1699 ut
1016 1664 1279 1698 antevertant
1299 1657 1639 1698 deliberationem
1656 1672 1718 1697 ra-

140 1722 277 1770 tionis,
300 1722 490 1762 dicuntur
518 1723 655 1776 potius
686 1728 806 1764 actus
835 1724 1030 1772 hominis,
1061 1737 1184 1776 quam
1217 1732 1339 1763 accus
1369 1723 1552 1763 humani
1581 1724 1655 1774 (1).

192 1788 234 1827 6.·
265 1789 310 1828 In
338 1789 505 1829 homine
531 1794 598 1830 est
618 1790 772 1842 duplex
793 1790 1012 1842 appetitus
1031 1789 1140 1829 boni.
1162 1790 1265 1828 Cum
1287 1790 1412 1829 homo
1433 1801 1517 1828 non
1539 1787 1716 1840 simplex

140 1853 345 1905 quaedam
364 1861 514 1894 natura
530 1855 594 1903 sit,
606 1855 680 1895 sed
695 1855 847 1908 duplici
864 1856 1078 1896 coalescat
1092 1860 1219 1907 parte,
1230 1868 1403 1907 corpore
1419 1854 1612 1893 nimirum
1633 1855 1715 1892 ani-

138 1929 299 1969 moque3
332 1917 509 1957 efficitur
537 1918 636 1957 hinc
667 1924 710 1958 ut
739 1919 829 1959 eius
857 1927 1049 1970 respectu
1072 1918 1243 1970 duplicis
1271 1918 1428 1958 ordinis
1450 1923 1617 1959 exstent
1638 1918 1716 1957 bo-

138 1994 205 2027 na,
228 1981 325 2021 huic
347 1982 497 2034 duplici
519 1983 780 2024 substantiae
801 1984 1132 2031 accommodata,
1150 1989 1201 2031 et,
1224 1983 1331 2035 quod
1354 1996 1616 2035 consequens
1639 1989 1716 2031 est,

139 2044 289 2096 duplici
319 2045 444 2084 etiam
473 2046 657 2098 appetitu
678 2058 861 2095 ornetur,
883 2046 1026 2086 sensili
1047 2046 1208 2086 scilicet
1230 2060 1280 2086 ac
1307 2046 1514 2093 rationali,
1535 2060 1709 2098 quorum

138 2109 268 2150 altero
284 2111 338 2150 ad
353 2111 463 2151 bona
479 2125 694 2164 corporea,
711 2113 841 2153 altero
858 2115 908 2152 ad
925 2111 1157 2164 spiritualia
1171 2112 1406 2152 inclinatur.
1425 2114 1480 2152 At
1496 2126 1591 2153 cum
1604 2114 1712 2154 haec

137 2173 259 2222 bona,
279 2175 386 2215 inter
406 2188 451 2215 se
471 2188 597 2227 saepe
615 2182 858 2229 repugnent,
875 2189 1098 2228 eorumque
1114 2189 1240 2215 unum
1253 2176 1428 2215 alterum
1447 2176 1596 2225 demat,
1620 2190 1716 2217 con-

138 2244 204 2278 tra
223 2239 347 2278 homo
371 2239 423 2278 ab
446 2239 606 2291 Opifice
620 2240 929 2293 sapientissimo
959 2247 1071 2280 ortus
1093 2240 1156 2288 sit,
1179 2241 1246 2293 qui
1263 2241 1402 2293 nequit
1417 2254 1498 2280 non
1519 2242 1626 2281 velle
1647 2255 1713 2281 or-

140 2303 275 2343 dinem
295 2304 337 2342 in
355 2304 493 2352 rebus3
516 2305 625 2345 bona
645 2305 847 2346 eiusmodi
864 2312 986 2358 atque
1006 2304 1047 2344 in
1069 2306 1214 2345 eadem
1236 2305 1442 2358 appetitus
1464 2306 1521 2346 ita
1543 2306 1652 2347 inter
1668 2320 1714 2347 se

139 2370 319 2409 ordinari
336 2371 573 2420 debuerunt,
591 2379 634 2412 ut
648 2371 758 2412 bona
777 2385 981 2424 corporea
997 2384 1171 2411 cessura
1191 2378 1333 2412 essent
1347 2372 1630 2421 rationalibus,
1659 2379 1714 2412 at-

139 2448 217 2487 que
233 2436 428 2488 appetitio
452 2436 618 2477 sensilis
634 2451 660 2476 a
675 2437 866 2477 rationali
887 2436 1103 2489 dirigenda
1123 2436 1239 2477 foret.
1255 2437 1439 2490 Atqueid
1456 2450 1506 2477 ex
1520 2450 1568 2477 eo
1591 2438 1714 2477 etiam

137 2504 262 2550 patet,
283 2500 391 2552 quod
412 2514 521 2552 pars,
543 2501 596 2540 ad
615 2501 842 2554 regendam
862 2500 988 2541 aliam
1010 2500 1228 2549 destinata,
1250 2501 1345 2540 talis
1383 2514 1477 2541 esse
1498 2501 1632 2548 debet,
1665 2512 1708 2540 ut

139 2565 386 2606 relationem
408 2573 448 2606 et
466 2566 654 2607 ordinem
675 2568 962 2607 internoscere
982 2566 1126 2618 possit.
1149 2566 1267 2613 Quod
1287 2566 1493 2615 sensibus,
1516 2567 1584 2619 qui
1604 2566 1713 2605 ideis

135 2630 440 2671 universalibus
462 2637 616 2680 carent,
640 2638 752 2672 certe
773 2646 855 2673 non
877 2631 1087 2684 competit,
1108 2631 1183 2670 sed
1209 2631 1382 2671 rationis
1406 2632 1624 2671 dumtaxat
1649 2637 1713 2671 est

136 2695 356 2749 proprium.
375 2697 477 2736 Cum
497 2697 622 2749 igitur
642 2697 808 2737 animus
825 2696 987 2749 corpori
1008 2701 1191 2748 praestet
1206 2701 1245 2736 et
1261 2696 1478 2737 rationalis
1502 2696 1709 2749 appetitus

136 2761 180 2801 in
195 2762 363 2804 homine
379 2762 432 2803 sit
447 2763 707 2816 praecipuus;
725 2763 766 2803 id
783 2762 1024 2816 simpliciter
1038 2768 1232 2815 respectu
1248 2762 1432 2804 hominis
1448 2763 1602 2802 bonurn
1619 2761 1712 2808 erit,

189 2890 238 2932 (1)
263 2891 409 2923 Summa
431 2890 477 2922 th.
503 2891 544 2923 1.·
567 2892 611 2924 28Ε
627 2900 658 2931 q.
683 2891 708 2929 I,
730 2902 761 2929 a,
784 2892 812 2930 1,

179 2966 182 2969 ’
226 2959 457 2990 LIBERATORE
472 2973 513 2979 —
527 2955 662 2989 Ethica
686 2960 721 2989 et
743 2957 808 2989 Ius
831 2959 1005 2988 naturae.
1387 2963 1389 2967 ’
1572 2955 1591 2987 2
