1970 3203
549 225 686 252 CAPUT
717 225 741 250 1.
773 224 825 251 DE
856 225 1084 253 somam-Are
1113 226 1351 256 DOMESTch
1662 217 1739 258 205

165 303 300 355 ipsam
327 313 553 353 personam
581 300 774 348 hominis,
804 314 922 353 quae,
953 303 1088 354 quoad
1118 309 1277 355 partem
1307 303 1384 351 sui,
1415 303 1532 343 alteri
1564 304 1737 344 ceditur.

169 367 280 407 Hinc
309 365 458 405 mirum
487 378 572 404 non
601 370 664 405 est
691 364 726 404 si
756 365 1021 417 qualitatibus
1051 366 1223 418 gaudet,
1254 367 1331 406 sibi
1362 372 1519 406 tantum
1550 367 1738 419 propriis.

165 442 274 484 quae
303 443 328 469 a
355 430 568 469 voluntate
598 429 934 468 contrahentium
962 441 1225 481 nequaquam
1261 431 1481 482 pendeant.
1520 432 1631 470 Inter
1660 431 1739 471 has

166 494 256 534 iure
284 498 527 533 recensetur
556 491 717 532 duratio
746 492 931 531 eiusdem
959 499 1170 545 perpetua,
1188 495 1283 534 dum
1307 496 1391 535 vita
1411 502 1551 535 manet
1571 494 1613 533 in
1633 507 1738 535 conn

164 560 346 612 iugibus.
377 560 582 608 Ceterum,
602 564 646 598 ut
666 558 763 606 dixi,
785 558 1093 598 matrimonium
1109 560 1217 599 inter
1232 561 1483 601 christianos
1503 575 1586 600 non
1602 568 1738 613 potest

164 624 342 676 amplius
373 623 628 663 considerari
657 629 702 662 ut
729 637 868 663 merus
898 616 1151 672 contractus,
1181 626 1255 665 sed
1285 627 1454 666 omnino
1472 627 1737 666 consideran-

162 689 257 728 dum
287 693 351 728 est
379 695 424 728 ut
452 701 588 728 novae
616 688 722 740 legis
753 698 1076 737 sacramentum,
1107 690 1215 742 quod
1236 690 1288 729 ab
1309 692 1510 741 Apostolo
1532 704 1730 743 magnum

163 754 403 806 appellatur,
424 754 585 794 ratione
606 767 708 794 suae
724 754 1058 808 significationis:
1080 756 1410 795 Sacramentum
1432 758 1508 795 hoc
1530 771 1735 809 maynam

163 823 258 866 est,·
288 833 363 872 ⁶²90
395 823 536 865 (tatem
564 820 657 859 dico
689 820 732 859 z'n
766 821 933 860 Chr-isto
963 827 1024 861 est
1050 827 1096 861 in
1125 822 1318 862 Ecclesia
1350 824 1423 874 (1).
1448 824 1640 863 Iamvero
1663 837 1740 863 ex-

161 883 257 923 inde
286 884 545 936 potissimum
575 884 768 923 absoluta
796 884 886 924 eius
915 885 1259 926 indissolubilitas
1290 886 1512 926 derivatur.

219 950 347 990 Obiz'c.
378 952 430 990 II.
461 950 695 1002 Disparitas
723 951 957 991 animorum
982 962 1052 991 aut
1072 952 1257 1004 perversi
1278 966 1416 992 mores
1438 959 1630 1004 poterunt
1650 954 1730 992 ali—-

162 1015 327 1067 quando
374 1014 672 1066 impossibilem
711 1015 883 1056 reddere
913 1022 1098 1055 mutuum
1146 1017 1384 1056 convictum
1416 1017 1654 1068 coniugum.
1686 1019 1733 1056 In

162 1080 243 1120 hoc
273 1093 376 1119 casu
404 1093 645 1132 repugnans
665 1080 815 1120 rationi
846 1081 1019 1129 videtur,
1039 1087 1081 1120 ut
1110 1082 1188 1133 ipsi
1218 1083 1425 1122 insolubili
1456 1084 1621 1123 vinculo
1643 1083 1732 1122 col-

161 1143 277 1196 ligati
299 1151 583 1195 permaneant.
606 1144 652 1183 Id
682 1144 789 1183 enim
812 1145 1078 1184 innocentem
1100 1154 1260 1197 partem
1283 1154 1453 1198 cogeret
1478 1148 1530 1186 ad
1561 1147 1736 1187 castita—

160 1215 245 1249 tem
274 1210 525 1250 servandam
554 1209 695 1249 invite.

212 1274 263 1314 R.
297 1273 420 1314 Cone.
451 1278 584 1313 antec.
615 1279 655 1314 et
685 1288 789 1327 neyo
821 1287 1092 1327 consequens.
1123 1276 1405 1315 Incommodis
1436 1277 1545 1316 enim
1576 1284 1615 1317 et
1636 1290 1732 1329 per-

161 1339 476 1387 turbationibus,
506 1353 612 1391 quae
633 1353 683 1379 ex
704 1341 909 1392 pravitate
929 1340 1051 1380 unius
1071 1340 1263 1393 coniugis
1284 1341 1386 1381 forte
1408 1343 1608 1390 oriuntur,
1625 1343 1728 1383 satis

162 1404 349 1443 medetur
366 1403 585 1442 divortium
604 1403 903 1455 imperfectum,
925 1404 1032 1456 quod
1053 1405 1103 1443 ob
1124 1418 1278 1456 graves
1295 1418 1447 1445 causas
1468 1406 1626 1446 licitum
1640 1420 1734 1447 esse

163 1467 355 1508 diximus.
386 1469 504 1514 Quod
534 1474 673 1507 autem
703 1470 968 1520 separatione
998 1476 1169 1521 peracta
1189 1502 1198 1517 ‚
1228 1470 1434 1510 innocens
1466 1484 1562 1522 pars
1594 1473 1730 1511 conti-

163 1533 348 1572 nentiam
378 1545 549 1571 servare
579 1539 781 1581 teneatur,
812 1533 909 1573 licet
937 1533 1067 1572 invita
1098 1540 1137 1573 et
1167 1534 1256 1574 sine
1288 1536 1420 1586 culpa3
1444 1535 1479 1574 si
1501 1549 1632 1587 grave
1657 1546 1731 1584 est,

166 1597 335 1637 tolerari
365 1597 496 1645 debet;
528 1597 637 1636 sicut
666 1599 867 1637 toleratur
892 1599 943 1638 ab
974 1599 1036 1646 iis,
1068 1599 1148 1651 qui,
1179 1600 1275 1638 licet
1305 1602 1561 1652 nupturiunt,
1595 1609 1733 1642 tamen

162 1674 216 1701 ex
245 1667 502 1713 paupertate,
527 1668 597 1699 aut
616 1661 774 1709 morbo,
797 1670 868 1701 aut
888 1662 968 1701 alio
990 1661 1152 1702 defectu
1172 1664 1340 1714 nuptias
1361 1664 1610 1704 contrahere
1632 1678 1732 1717 pro-

158 1728 366 1769 hibentur.
396 1729 530 1779 Atque
560 1726 600 1765 id
628 1726 752 1766 rebus
781 1727 976 1766 humanis
1005 1727 1103 1767 vitio
1124 1729 1367 1768 vertendum
1389 1737 1462 1777 est,
1485 1743 1590 1782 quae
1618 1744 1731 1771 sem-

159 1806 233 1845 per
261 1793 302 1832 in
332 1792 572 1844 particulari
609 1791 746 1844 aliquo
786 1806 889 1832 casu
919 1793 1098 1833 deficere
1127 1802 1316 1845 possunt.
1351 1795 1545 1834 Ceterum
1577 1796 1612 1835 si
1651 1796 1732 1836 hoc

159 1859 314 1898 malum
343 1872 437 1897 cum
467 1858 591 1909 longe
620 1857 892 1897 deterioribus
913 1858 1034 1897 malis
1056 1865 1333 1910 comparetur,
1356 1873 1460 1912 quae
1482 1874 1565 1899 non
1586 1861 1627 1900 in
1652 1862 1729 1912 pri-

158 1929 297 1964 vatam
326 1936 563 1976 personam,
594 1923 668 1961 sed
696 1921 738 1960 in
768 1928 897 1962 totam
928 1923 1173 1963 societatem
1203 1937 1256 1963 ex
1278 1925 1548 1964 dissolutione
1571 1927 1732 1978 nuptia-

155 2001 248 2027 rum
275 1989 464 2034 fluerent,
495 1985 751 2026 tolerabilius
772 1994 883 2025 certe
905 1986 1120 2034 videbitur,
1143 2001 1265 2039 quam
1287 1989 1437 2028 solutio
1459 1988 1613 2028 vinculi
1635 2002 1729 2028 ma-

155 2054 298 2094 ritalis.
329 2047 465 2106 Atque
494 2052 592 2092 hinc
622 2052 745 2092 etiam
761 2065 1009 2104 responsum
1032 2059 1143 2104 patet
1165 2053 1408 2102 difficultati,
1428 2067 1534 2106 qnae
1566 2067 1619 2094 ex
1641 2061 1729 2094 ste-

100 2133 102 2136 ’
155 2120 307 2160 rilitate
337 2119 525 2172 coniugis
554 2118 741 2159 sumitur.
764 2119 871 2158 Nam
893 2118 1103 2170 susceptio
1133 2119 1355 2159 liberorum
1376 2121 1418 2159 in
1439 2121 1607 2160 homine
1627 2121 1732 2160 indi-

156 2184 280 2225 viduo
309 2198 392 2225 non
422 2193 486 2224 est
512 2183 645 2231 tanti,
689 2188 732 2222 ut
760 2184 1001 2234 praevaleat
1031 2184 1176 2223 maiori
1205 2184 1312 2224 bono
1335 2217 1343 2232 ‚
1376 2199 1429 2225 ex
1458 2186 1729 2238 perpetuitate

157 2249 312 2289 vinculi
343 2248 577 2301 coniugalis
606 2247 648 2286 in
677 2247 919 2287 universum
949 2260 1084 2299 genus
1113 2248 1327 2288 hominum
1353 2250 1623 2302 provenienti.

770 2377 1014 2416 ART10ULus
1045 2378 1115 2416 IV.

383 2507 447 2546 De
478 2505 686 2545 relatione
715 2506 989 2545 matrimonii
1014 2519 1109 2545 cam
1136 2510 1342 2558 potestate
1371 2509 1499 2549 civili.

214 2637 278 2676 16.
307 2637 434 2676 Error
471 2634 746 2686 politicorum.
791 2632 932 2672 Omitti
960 2633 1028 2673 hic
1059 2647 1142 2674 non
1177 2635 1298 2675 debet
1328 2637 1515 2689 quaestio
1535 2670 1544 2686 ‚
1575 2638 1617 2677 in
1647 2651 1727 2690 qua

150 2699 373 2751 iurisperiti
402 2712 486 2738 non
515 2698 638 2751 pauci
667 2709 923 2749 magnopere
953 2697 1192 2739 delirarunt:
1222 2699 1301 2752 qui,
1333 2714 1427 2740 cum
1457 2701 1721 2741 adverterent

153 2765 461 2804 matrimonium
492 2769 709 2804 contractu
740 2762 942 2802 contineri
971 2762 1013 2802 in
1043 2764 1244 2805 societate
1273 2776 1456 2818 peracto,
1486 2767 1620 2819 ipsum
1641 2779 1725 2806 non

196 2904 246 2945 (1)
272 2903 330 2936 Aa
352 2903 540 2944 Ephesios,
559 2904 605 2941 V,
626 2903 672 2935 32.
