1970 3203
208 190 287 231 170
541 202 606 230 ius
637 202 838 229 NATURAE
860 213 881 218 —
902 202 1010 230 PARS
1039 205 1065 230 1.
1096 204 1163 231 ius
1193 204 1460 231 INDIVIDUALE

207 277 358 317 salsum
389 278 584 318 enuntiet.
617 278 738 317 Unde
768 277 930 318 definiri
961 286 1111 330 posset:
1144 279 1398 320 Enuniiatio
1416 280 1543 332 salsi,
1567 294 1615 330 ex
1648 281 1792 320 volun-

209 346 293 381 tate
315 343 564 394 procedens.
584 343 702 381 Haec
718 348 858 382 autem
880 343 1017 383 locum
1038 343 1163 384 habet
1185 345 1308 384 etiam
1329 344 1371 383 in
1392 345 1610 385 mendacio
1641 346 1782 384 iocoso

208 413 278 445 aut
308 406 498 457 officioso
518 422 533 453 ,·
563 406 672 458 quod
700 407 871 459 proinde
904 414 968 448 est
997 420 1070 459 per
1100 421 1144 448 se
1175 409 1342 447 malum.
1367 408 1590 449 Praeterea
1617 408 1782 448 menda-

207 473 316 511 cium
348 472 471 511 etiam
503 473 690 511 iocosum
722 479 793 512 aut
823 472 1062 524 officiosum
1092 482 1244 513 natura
1273 486 1351 512 sua
1380 473 1509 513 tendit
1552 475 1603 513 ad
1634 474 1785 513 salsam

208 537 444 588 opinionem
475 537 732 588 gignendam
762 537 803 576 in
834 538 1028 578 audiente
1051 569 1059 585 ,
1090 537 1187 578 licet
1217 537 1256 576 id
1285 550 1369 576 non
1399 537 1636 577 intendatur
1667 551 1692 576 a
1721 538 1787 575 lo-

209 608 381 652 quente3
409 614 459 640 ac
480 601 652 652 proinde
674 601 750 641 sub
772 602 853 641 hoc
875 606 1069 653 respectu
1097 600 1316 653 opponitur
1338 613 1410 653 per
1431 613 1476 640 se
1496 601 1572 640 iuri
1594 601 1783 641 aliorum.

266 664 395 704 Obiic.
428 666 500 704 III.
536 666 651 705 Sicut
679 665 767 705 iure
797 671 972 705 naturae
1003 665 1243 717 prohibetur
1274 664 1548 712 mendacium,
1571 664 1632 704 sic
1664 664 1787 704 etiam

209 730 300 768 iure
316 735 490 769 naturae
508 730 750 781 prohibetur
765 728 1045 768 homicidium.
1067 728 1189 781 Atqui
1208 728 1296 767 dari
1313 734 1488 780 possunt
1509 728 1790 767 circumstan-

211 795 305 843 tiae,
322 795 363 834 in
380 794 529 847 quibus
546 795 812 834 homicidium
830 795 904 833 fiat
921 795 1088 841 licitum,
1103 802 1146 834 ut
1162 807 1255 833 cum
1274 807 1407 846 exgr.
1421 806 1504 832 non
1522 795 1652 846 possit
1669 793 1795 833 aliter

210 859 365 898 iniusta
394 860 615 910 aggressio
646 858 799 910 repelli.
824 859 935 910 Ergo
957 872 983 897 a
1003 859 1091 910 pari
1114 859 1222 897 idem
1245 858 1463 898 dicendum
1488 858 1536 898 de
1557 858 1791 898 mendacio.

265 925 314 963 R.
344 925 465 976 Negyo
496 926 749 977 paritatem.
788 926 894 964 Nam
933 923 1164 963 interfectio
1196 924 1376 964 hominis
1413 924 1621 976 prohibita
1657 930 1720 964 est
1750 924 1790 962 vi

211 989 338 1029 officii
367 1002 450 1028 non
472 990 662 1028 laedendi
683 990 802 1038 alios,
823 990 932 1041 quod
953 989 1108 1029 corruit
1128 996 1323 1041 respectu
1343 989 1482 1028 iniusti
1504 990 1786 1041 aggressoris3

210 1055 357 1096 colliso
374 1055 462 1095 eius
478 1056 568 1095 iure
585 1070 610 1094 a
626 1056 715 1096 iure
734 1056 872 1095 tuendi
888 1069 965 1095 nos
995 1056 1120 1107 ipsos.
1141 1056 1221 1095 Sed
1243 1055 1506 1095 mendacium
1530 1056 1703 1096 vetitum
1727 1067 1792 1095 est

211 1133 294 1160 non
316 1121 450 1159 solum
482 1127 649 1172 propter
666 1122 876 1169 damnum,
898 1121 1006 1173 quod
1022 1121 1212 1173 proximo
1233 1120 1369 1169 infert,
1387 1122 1461 1161 sed
1483 1121 1608 1161 etiam
1626 1128 1793 1174 propter

210 1186 479 1225 intrinsecam
511 1187 880 1235 deordinationem,
912 1200 1033 1240 quam
1065 1187 1191 1226 habet
1220 1188 1300 1226 hoc
1330 1187 1433 1240 ipso,
1454 1188 1563 1240 quod
1592 1188 1645 1227 sit
1666 1201 1795 1227 enun-

210 1249 326 1289 tiatio
356 1264 381 1289 a
411 1251 641 1291 veracitate
672 1251 932 1291 discordans.
956 1251 1077 1291 Unde
1107 1265 1334 1303 numquam
1357 1252 1527 1303 spoliari
1549 1258 1683 1303 potest
1714 1265 1797 1290 ma-

211 1315 297 1353 litia
326 1328 415 1362 sua,
442 1315 549 1354 sicut
579 1315 826 1367 quandoque
856 1315 1058 1367 spoliatur
1088 1315 1368 1363 homicidium,
1391 1315 1464 1355 sed
1496 1329 1566 1367 per
1596 1329 1641 1355 se
1664 1317 1802 1356 tendit

211 1381 263 1420 ad
283 1380 522 1429 fallendum,
544 1381 640 1420 licet
660 1395 732 1433 per
752 1381 950 1421 accidens
973 1395 1056 1421 non
1079 1382 1207 1422 fallat.
1230 1382 1347 1422 Finis
1367 1388 1519 1429 autem,
1543 1382 1619 1422 etsi
1639 1383 1788 1429 bonus,

211 1461 424 1499 nunquam
453 1447 619 1487 auferre
653 1454 788 1500 potest
810 1447 1026 1495 malitiam,
1049 1460 1156 1499 quae
1187 1449 1374 1488 nascitur
1395 1461 1448 1488 ex
1479 1448 1654 1497 obiecto;
1672 1453 1715 1486 ut
1752 1447 1792 1486 in

212 1513 362 1552 Ethica
392 1514 720 1554 demonstratum
754 1521 832 1554 est.

267 1578 395 1617 Obiio.
415 1578 484 1617 IV.
506 1593 525 1615 «
545 1578 815 1618 Mendacium
833 1584 906 1627 est,
920 1580 954 1619 si
971 1580 1062 1632 quis
1080 1593 1163 1619 non
1179 1579 1348 1631 impleat
1368 1578 1476 1631 quod
1493 1578 1694 1630 promisit.
1718 1578 1800 1617 Sed

209 1656 293 1682 non
324 1643 464 1682 omnia
493 1643 702 1694 promissa
722 1650 819 1683 sunt
834 1643 1055 1696 implenda.
1078 1644 1189 1683 Dicit
1218 1643 1327 1683 enim
1358 1643 1555 1681 Isidorus:
1587 1643 1642 1680 In
1661 1641 1790 1680 malis

202 1708 432 1760 promissis
451 1707 911 1759 rescindeficlemErgo
929 1720 1013 1746 non
1030 1720 1153 1746 omne
1171 1706 1434 1746 mendacium
1453 1712 1515 1744 est
1530 1704 1789 1757 peccatum.»

265 1775 313 1812 R.
347 1774 465 1813 Haec
495 1774 684 1823 obiectio,
716 1787 823 1826 quae
856 1773 1097 1826 proponitur
1127 1787 1153 1812 a
1182 1774 1223 1812 S.
1255 1774 1432 1819 Thema,
1464 1772 1525 1811 sic
1555 1772 1709 1823 optime
1740 1771 1794 1809 ab

212 1842 356 1881 eodem
386 1840 619 1880 resolvitur:
652 1854 672 1877 (c
704 1839 949 1887 Dicendum,
980 1839 1089 1891 quod
1119 1839 1199 1886 ille,
1231 1838 1299 1890 qui
1330 1837 1483 1890 aliquid
1513 1836 1728 1889 promittit,
1760 1836 1797 1874 si

211 1909 339 1947 habet
367 1907 552 1945 animum
583 1905 764 1945 faciendi
794 1906 902 1957 quod
934 1906 1144 1958 promittit,
1176 1918 1259 1944 non
1281 1905 1489 1944 mentitur:
1512 1904 1607 1956 quia
1628 1917 1712 1943 non
1734 1904 1792 1942 lo-

212 1974 348 2027 quitur
387 1980 534 2012 contra
562 1972 603 2011 id
624 2006 632 2020 ‚
663 1973 772 2025 quod
802 1970 917 2025 gerit
939 1973 980 2012 in
1013 1982 1162 2012 mente.
1207 1972 1248 2010 Si
1280 1984 1380 2010 vero
1412 1984 1495 2010 non
1531 1970 1656 2010 faciat
1686 1970 1797 2021 quod

210 2040 415 2093 promisit,
446 2046 544 2078 tunc
574 2039 736 2079 videtur
766 2039 988 2078 infideliter
1009 2052 1136 2091 agere
1158 2051 1231 2090 per
1252 2038 1345 2085 hoc,
1363 2038 1473 2090 quod
1502 2037 1688 2076 animum
1709 2050 1795 2074 mu·

212 2111 282 2143 tat.
316 2105 458 2143 Potest
488 2109 628 2142 tamen
659 2103 857 2142 excusari
887 2117 939 2143 ex
970 2103 1144 2142 duobus.
1176 2103 1272 2142 Uno
1304 2102 1438 2149 modo,
1471 2101 1506 2140 si
1536 2100 1726 2153 promisit
1759 2100 1798 2138 id

213 2170 321 2222 quod
351 2170 571 2210 manifeste
601 2176 665 2210 est
693 2169 893 2218 illicitum⁷
927 2169 1024 2222 quia
1057 2168 1334 2220 promittendo
1366 2166 1568 2220 peccavit3
1591 2165 1800 2204 mutando

213 2243 353 2275 autem
383 2235 639 2287 propositum
669 2235 775 2274 bene
804 2234 903 2275 facit
936 2236 1010 2286 (1).
1033 2233 1128 2273 Alio
1151 2234 1284 2280 modo,
1308 2233 1341 2271 si
1364 2239 1459 2272 sunt
1481 2237 1664 2271 mutatae
1687 2243 1796 2269 con-

212 2302 390 2341 ditiones
419 2314 693 2354 personarum
725 2306 765 2339 et
794 2299 1068 2352 negotiorum.
1103 2299 1159 2338 Ut
1187 2299 1297 2338 enim
1321 2299 1484 2338 Seneca
1507 2297 1604 2336 dicit
1626 2297 1667 2335 in
1691 2296 1796 2335 libro

213 2368 277 2407 De
294 2367 503 2419 beneficiis
522 2367 606 2418 (lib.
630 2369 666 2413 4,
690 2380 723 2406 c.
747 2368 796 2405 34
817 2373 857 2405 et
879 2367 961 2417 35),
983 2366 1036 2404 ad
1056 2365 1137 2404 hoc
1158 2365 1267 2416 quod
1289 2365 1413 2403 homo
1437 2369 1625 2403 teneatur
1648 2362 1795 2402 facere

211 2431 319 2483 quod
349 2430 553 2482 promisit,
583 2431 804 2483 requiritur
834 2431 943 2482 quod
974 2429 1115 2469 omnia
1136 2428 1354 2467 immutata
1376 2434 1660 2479 permaneant3
1679 2426 1792 2465 alio—

212 2497 308 2549 quin
338 2511 415 2537 nec
447 2496 519 2536 fuit
548 2497 731 2536 mendax
761 2496 802 2534 in
825 2495 1115 2548 promittendo,
1150 2495 1247 2547 quia
1268 2494 1457 2546 promisit
1476 2493 1585 2545 quod
1608 2491 1794 2530 habebat

211 2561 252 2600 in
282 2568 432 2608 mente,
462 2560 768 2601 subintellectis
799 2559 949 2600 debitis
979 2558 1298 2606 conditionibus,
1330 2571 1407 2597 nec
1444 2557 1568 2595 etiam
1599 2561 1664 2594 est
1694 2554 1792 2592 infi-

212 2625 315 2665 delis
356 2638 438 2663 non
477 2625 686 2677 implendo
717 2624 826 2676 quod
857 2622 1057 2676 promisit,
1089 2622 1185 2674 quia
1214 2622 1385 2661 eaedem
1417 2619 1678 2659 conditiones
1713 2630 1797 2657 non

214 2696 383 2730 exstant
415 2691 485 2739 (2).
518 2705 537 2727 ³>

262 2797 312 2836 (1)
336 2796 375 2827 Id
398 2795 503 2833 valet,
528 2796 667 2827 etiamsi
685 2796 883 2828 iuramento
901 2793 1122 2836 promissum
1141 2792 1350 2825 obfirmavit.
1377 2791 1616 2823 Iuramentum
1634 2788 1723 2820 enim
1743 2790 1805 2821 ad-

216 2853 304 2885 didit
329 2851 457 2892 culpae
482 2849 654 2881 rationem
680 2848 869 2889 sacrilegii,
895 2848 961 2880 sed
985 2857 1060 2878 rem
1084 2846 1242 2879 illicitam
1267 2846 1298 2878 in
1322 2844 1452 2877 licitam
1476 2853 1543 2876 non
1568 2843 1756 2876 convertit.

261 2908 310 2948 (Β)
337 2905 492 2937 Summa
516 2902 562 2934 tlz.
590 2904 617 2934 1⁸
661 2902 704 2932 ΨΘ
741 2911 773 2941 q.
798 2902 833 2939 C,
857 2903 921 2932 art.
947 2901 975 2936 3,
999 2900 1044 2931 ad
1069 2901 1094 2931 5.
