<?xml version="1.0" encoding="UTF-8"?>
<!DOCTYPE html PUBLIC "-//W3C//DTD XHTML 1.0 Transitional//EN"
    "http://www.w3.org/TR/xhtml1/DTD/xhtml1-transitional.dtd">
<html xmlns="http://www.w3.org/1999/xhtml" xml:lang="en" lang="en">
 <head>
  <title>
</title>
<meta http-equiv="Content-Type" content="text/html;charset=utf-8" />
  <meta name='ocr-system' content='tesseract 3.04.00' />
  <meta name='ocr-capabilities' content='ocr_page ocr_carea ocr_par ocr_line ocrx_word'/>
</head>
<body>
  <div class='ocr_page' id='page_1' title='image "./institutioneseth00libe_0328.png"; bbox 0 0 1970 3203; ppageno 0'>
   <div class='ocr_carea' id='block_1_1' title="bbox 239 216 1432 255">
    <p class='ocr_par' dir='ltr' id='par_1_1' title="bbox 239 216 1432 255">
     <span class='ocr_line' id='line_1_1' title="bbox 239 216 1432 255; baseline -0.001 -1"><span class='ocrx_word' id='word_1_1' title='bbox 239 216 317 255; x_wconf 68' lang='lat'>324</span> <span class='ocrx_word' id='word_1_2' title='bbox 612 225 678 252; x_wconf 82' lang='lat' dir='ltr'>IUS</span> <span class='ocrx_word' id='word_1_3' title='bbox 705 225 907 252; x_wconf 79' lang='lat' dir='ltr'>NATURAE</span> <span class='ocrx_word' id='word_1_4' title='bbox 929 225 1070 252; x_wconf 77' lang='lat' dir='ltr'>—PARS</span> <span class='ocrx_word' id='word_1_5' title='bbox 1098 225 1137 251; x_wconf 91' lang='lat'>11.</span> <span class='ocrx_word' id='word_1_6' title='bbox 1166 225 1232 252; x_wconf 79' lang='lat' dir='ltr'>ms</span> <span class='ocrx_word' id='word_1_7' title='bbox 1251 225 1432 253; x_wconf 76' lang='lat' dir='ltr'>SOCIALE</span> 
     </span>
    </p>
   </div>
   <div class='ocr_carea' id='block_1_2' title="bbox 234 299 1830 2699">
    <p class='ocr_par' dir='ltr' id='par_1_2' title="bbox 237 299 1823 739">
     <span class='ocr_line' id='line_1_2' title="bbox 237 299 1814 353; baseline 0 -12"><span class='ocrx_word' id='word_1_8' title='bbox 237 302 304 341; x_wconf 90' lang='lat' dir='ltr'>dio</span> <span class='ocrx_word' id='word_1_9' title='bbox 336 299 429 339; x_wconf 88' lang='lat' dir='ltr'>duci</span> <span class='ocrx_word' id='word_1_10' title='bbox 459 299 705 353; x_wconf 83' lang='lat' dir='ltr'>quandoque</span> <span class='ocrx_word' id='word_1_11' title='bbox 725 312 851 350; x_wconf 90' lang='lat' dir='ltr'>posse</span> <span class='ocrx_word' id='word_1_12' title='bbox 880 299 922 338; x_wconf 89' lang='lat' dir='ltr'>in</span> <span class='ocrx_word' id='word_1_13' title='bbox 941 299 1169 339; x_wconf 89' lang='lat' dir='ltr'>universali</span> <span class='ocrx_word' id='word_1_14' title='bbox 1200 301 1493 352; x_wconf 77' lang='lat' dir='ltr'>procuratione</span> <span class='ocrx_word' id='word_1_15' title='bbox 1514 301 1710 353; x_wconf 85' lang='lat' dir='ltr'>gerenda,</span> <span class='ocrx_word' id='word_1_16' title='bbox 1735 301 1814 341; x_wconf 87' lang='lat' dir='ltr'>Se-</span> 
     </span>
     <span class='ocr_line' id='line_1_3' title="bbox 240 364 1819 417; baseline 0 -13"><span class='ocrx_word' id='word_1_17' title='bbox 240 366 333 404; x_wconf 89' lang='lat' dir='ltr'>dem</span> <span class='ocrx_word' id='word_1_18' title='bbox 354 364 482 411; x_wconf 89' lang='lat' dir='ltr'>illam,</span> <span class='ocrx_word' id='word_1_19' title='bbox 513 364 565 402; x_wconf 90' lang='lat' dir='ltr'>ad</span> <span class='ocrx_word' id='word_1_20' title='bbox 595 377 718 415; x_wconf 90' lang='lat' dir='ltr'>quam</span> <span class='ocrx_word' id='word_1_21' title='bbox 737 364 922 416; x_wconf 76' lang='lat' dir='ltr'>propter·</span> <span class='ocrx_word' id='word_1_22' title='bbox 939 364 1154 416; x_wconf 70' lang='lat' dir='ltr'>potiorem</span> <span class='ocrx_word' id='word_1_23' title='bbox 1167 364 1542 417; x_wconf 74' lang='lat' dir='ltr'>principalitatem</span> <span class='ocrx_word' id='word_1_24' title='bbox 1575 378 1738 405; x_wconf 78' lang='lat' dir='ltr'>necesse</span> <span class='ocrx_word' id='word_1_25' title='bbox 1758 368 1819 406; x_wconf 73' lang='lat' dir='ltr'>est</span> 
     </span>
     <span class='ocr_line' id='line_1_4' title="bbox 238 429 1817 483; baseline 0 -14"><span class='ocrx_word' id='word_1_26' title='bbox 238 443 403 470; x_wconf 84' lang='lat' dir='ltr'>omnem</span> <span class='ocrx_word' id='word_1_27' title='bbox 425 430 661 469; x_wconf 77' lang='lat' dir='ltr'><em>Ecclesiam</em></span> <span class='ocrx_word' id='word_1_28' title='bbox 682 429 920 469; x_wconf 76' lang='lat' dir='ltr'>convenire.</span> <span class='ocrx_word' id='word_1_29' title='bbox 938 429 1080 468; x_wconf 86' lang='lat' dir='ltr'>Facile</span> <span class='ocrx_word' id='word_1_30' title='bbox 1111 434 1250 469; x_wconf 91' lang='lat' dir='ltr'>autem</span> <span class='ocrx_word' id='word_1_31' title='bbox 1279 429 1525 482; x_wconf 83' lang='lat' dir='ltr'>intelligitur</span> <span class='ocrx_word' id='word_1_32' title='bbox 1541 431 1817 483; x_wconf 87' lang='lat' dir='ltr'>quemadmo-</span> 
     </span>
     <span class='ocr_line' id='line_1_5' title="bbox 241 493 1822 548; baseline -0.001 -13"><span class='ocrx_word' id='word_1_33' title='bbox 241 495 336 535; x_wconf 85' lang='lat' dir='ltr'>dum</span> <span class='ocrx_word' id='word_1_34' title='bbox 359 494 561 534; x_wconf 90' lang='lat' dir='ltr'>eiusmodi</span> <span class='ocrx_word' id='word_1_35' title='bbox 578 495 798 533; x_wconf 80' lang='lat' dir='ltr'>Romanae</span> <span class='ocrx_word' id='word_1_36' title='bbox 820 493 1039 533; x_wconf 75' lang='lat' dir='ltr'>Ecclesiae</span> <span class='ocrx_word' id='word_1_37' title='bbox 1070 493 1350 546; x_wconf 77' lang='lat' dir='ltr'>principatus,</span> <span class='ocrx_word' id='word_1_38' title='bbox 1381 494 1478 535; x_wconf 91' lang='lat' dir='ltr'>licet</span> <span class='ocrx_word' id='word_1_39' title='bbox 1499 502 1647 548; x_wconf 87' lang='lat' dir='ltr'>suapte</span> <span class='ocrx_word' id='word_1_40' title='bbox 1668 502 1822 534; x_wconf 88' lang='lat' dir='ltr'>natura</span> 
     </span>
     <span class='ocr_line' id='line_1_6' title="bbox 240 557 1822 629; baseline -0.001 -30"><span class='ocrx_word' id='word_1_41' title='bbox 240 560 513 612; x_wconf 84' lang='lat' dir='ltr'>temporalem</span> <span class='ocrx_word' id='word_1_42' title='bbox 534 571 622 598; x_wconf 88' lang='lat' dir='ltr'>rem</span> <span class='ocrx_word' id='word_1_43' title='bbox 643 558 791 611; x_wconf 89' lang='lat' dir='ltr'>sapiat,</span> <span class='ocrx_word' id='word_1_44' title='bbox 821 558 1079 611; x_wconf 83' lang='lat' dir='ltr'>spiritualem</span> <span class='ocrx_word' id='word_1_45' title='bbox 1110 564 1250 598; x_wconf 88' lang='lat' dir='ltr'>tamen</span> <span class='ocrx_word' id='word_1_46' title='bbox 1278 557 1423 597; x_wconf 84' lang='lat' dir='ltr'>induat</span> <span class='ocrx_word' id='word_1_47' title='bbox 1453 558 1492 597; x_wconf 92' lang='lat' dir='ltr'>vi</span> <span class='ocrx_word' id='word_1_48' title='bbox 1512 572 1674 607; x_wconf 84' lang='lat' dir='ltr'>sacrae,</span> <span class='ocrx_word' id='word_1_49' title='bbox 1697 572 1822 629; x_wconf 83' lang='lat' dir='ltr'>quam</span> 
     </span>
     <span class='ocr_line' id='line_1_7' title="bbox 241 622 1823 676; baseline -0.002 -10"><span class='ocrx_word' id='word_1_50' title='bbox 241 626 382 674; x_wconf 86' lang='lat' dir='ltr'>habet,</span> <span class='ocrx_word' id='word_1_51' title='bbox 414 624 715 673; x_wconf 79' lang='lat' dir='ltr'>destinationis,</span> <span class='ocrx_word' id='word_1_52' title='bbox 749 631 788 664; x_wconf 86' lang='lat' dir='ltr'>et</span> <span class='ocrx_word' id='word_1_53' title='bbox 808 623 1032 664; x_wconf 82' lang='lat' dir='ltr'>arctissimi</span> <span class='ocrx_word' id='word_1_54' title='bbox 1062 623 1171 662; x_wconf 87' lang='lat' dir='ltr'>illius</span> <span class='ocrx_word' id='word_1_55' title='bbox 1202 622 1370 672; x_wconf 82' lang='lat' dir='ltr'>vinculi,</span> <span class='ocrx_word' id='word_1_56' title='bbox 1400 636 1480 676; x_wconf 90' lang='lat' dir='ltr'>quo</span> <span class='ocrx_word' id='word_1_57' title='bbox 1510 638 1603 663; x_wconf 88' lang='lat' dir='ltr'>cum</span> <span class='ocrx_word' id='word_1_58' title='bbox 1626 623 1823 664; x_wconf 80' lang='lat' dir='ltr'>maximis</span> 
     </span>
     <span class='ocr_line' id='line_1_8' title="bbox 245 687 1327 739; baseline -0.005 -9"><span class='ocrx_word' id='word_1_59' title='bbox 245 691 321 730; x_wconf 86' lang='lat' dir='ltr'>Rei</span> <span class='ocrx_word' id='word_1_60' title='bbox 351 688 615 729; x_wconf 84' lang='lat' dir='ltr'>Christianae</span> <span class='ocrx_word' id='word_1_61' title='bbox 644 688 875 727; x_wconf 87' lang='lat' dir='ltr'>rationibus</span> <span class='ocrx_word' id='word_1_62' title='bbox 906 687 1173 739; x_wconf 86' lang='lat' dir='ltr'>coniungitur</span> <span class='ocrx_word' id='word_1_63' title='bbox 1202 688 1273 739; x_wconf 86' lang='lat'>(1).</span> <span class='ocrx_word' id='word_1_64' title='bbox 1307 701 1327 725; x_wconf 86' lang='lat'>»</span> 
     </span>
    </p>

    <p class='ocr_par' dir='ltr' id='par_1_3' title="bbox 234 752 1830 2699">
     <span class='ocr_line' id='line_1_9' title="bbox 295 752 1822 808; baseline -0.001 -14"><span class='ocrx_word' id='word_1_65' title='bbox 295 756 491 808; x_wconf 84' lang='lat' dir='ltr'>Episcopi</span> <span class='ocrx_word' id='word_1_66' title='bbox 513 760 653 795; x_wconf 89' lang='lat' dir='ltr'>autem</span> <span class='ocrx_word' id='word_1_67' title='bbox 675 753 738 794; x_wconf 88' lang='lat' dir='ltr'>sic</span> <span class='ocrx_word' id='word_1_68' title='bbox 759 755 992 806; x_wconf 87' lang='lat' dir='ltr'>loquuntur:</span> <span class='ocrx_word' id='word_1_69' title='bbox 1026 767 1046 792; x_wconf 85' lang='lat'>«</span> <span class='ocrx_word' id='word_1_70' title='bbox 1069 752 1243 793; x_wconf 89' lang='lat' dir='ltr'>Civilem</span> <span class='ocrx_word' id='word_1_71' title='bbox 1268 753 1451 792; x_wconf 84' lang='lat' dir='ltr'>Sanctae</span> <span class='ocrx_word' id='word_1_72' title='bbox 1469 752 1588 792; x_wconf 84' lang='lat' dir='ltr'>Sedis</span> <span class='ocrx_word' id='word_1_73' title='bbox 1609 753 1822 805; x_wconf 85' lang='lat' dir='ltr'>principa-</span> 
     </span>
     <span class='ocr_line' id='line_1_10' title="bbox 239 818 1822 873; baseline -0.002 -11"><span class='ocrx_word' id='word_1_74' title='bbox 239 828 327 863; x_wconf 83' lang='lat' dir='ltr'>tum</span> <span class='ocrx_word' id='word_1_75' title='bbox 355 834 432 861; x_wconf 85' lang='lat' dir='ltr'>ceu</span> <span class='ocrx_word' id='word_1_76' title='bbox 456 820 652 873; x_wconf 89' lang='lat' dir='ltr'>quiddam</span> <span class='ocrx_word' id='word_1_77' title='bbox 683 819 970 859; x_wconf 86' lang='lat' dir='ltr'>necessarium</span> <span class='ocrx_word' id='word_1_78' title='bbox 1001 833 1052 859; x_wconf 92' lang='lat' dir='ltr'>ac</span> <span class='ocrx_word' id='word_1_79' title='bbox 1073 818 1294 859; x_wconf 88' lang='lat' dir='ltr'>manifeste</span> <span class='ocrx_word' id='word_1_80' title='bbox 1325 818 1568 870; x_wconf 86' lang='lat' dir='ltr'>providente</span> <span class='ocrx_word' id='word_1_81' title='bbox 1591 820 1724 859; x_wconf 90' lang='lat' dir='ltr'>Deum</span> <span class='ocrx_word' id='word_1_82' title='bbox 1754 820 1822 859; x_wconf 89' lang='lat' dir='ltr'>in-</span> 
     </span>
     <span class='ocr_line' id='line_1_11' title="bbox 241 883 1819 938; baseline -0.002 -11"><span class='ocrx_word' id='word_1_83' title='bbox 241 887 429 927; x_wconf 85' lang='lat' dir='ltr'>stitutum</span> <span class='ocrx_word' id='word_1_84' title='bbox 452 886 737 938; x_wconf 87' lang='lat' dir='ltr'>agnoscimus;</span> <span class='ocrx_word' id='word_1_85' title='bbox 769 898 847 924; x_wconf 89' lang='lat' dir='ltr'>nec</span> <span class='ocrx_word' id='word_1_86' title='bbox 869 885 1084 925; x_wconf 87' lang='lat' dir='ltr'>declarare</span> <span class='ocrx_word' id='word_1_87' title='bbox 1105 884 1354 932; x_wconf 88' lang='lat' dir='ltr'>dubitamus,</span> <span class='ocrx_word' id='word_1_88' title='bbox 1385 883 1427 922; x_wconf 91' lang='lat' dir='ltr'>in</span> <span class='ocrx_word' id='word_1_89' title='bbox 1450 884 1659 936; x_wconf 78' lang='lat' dir='ltr'>praesenti</span> <span class='ocrx_word' id='word_1_90' title='bbox 1680 898 1819 924; x_wconf 90' lang='lat' dir='ltr'>rerum</span> 
     </span>
     <span class='ocr_line' id='line_1_12' title="bbox 242 950 1821 1003; baseline -0.002 -10"><span class='ocrx_word' id='word_1_91' title='bbox 242 954 523 993; x_wconf 86' lang='lat' dir='ltr'>humanarum</span> <span class='ocrx_word' id='word_1_92' title='bbox 545 958 670 999; x_wconf 89' lang='lat' dir='ltr'>statu,</span> <span class='ocrx_word' id='word_1_93' title='bbox 701 951 836 1003; x_wconf 89' lang='lat' dir='ltr'>ipsum</span> <span class='ocrx_word' id='word_1_94' title='bbox 866 951 979 989; x_wconf 90' lang='lat' dir='ltr'>hunc</span> <span class='ocrx_word' id='word_1_95' title='bbox 996 950 1273 1002; x_wconf 84' lang='lat' dir='ltr'>principatum</span> <span class='ocrx_word' id='word_1_96' title='bbox 1291 950 1455 990; x_wconf 87' lang='lat' dir='ltr'>civilem</span> <span class='ocrx_word' id='word_1_97' title='bbox 1473 964 1547 1002; x_wconf 90' lang='lat' dir='ltr'>pro</span> <span class='ocrx_word' id='word_1_98' title='bbox 1569 951 1677 990; x_wconf 87' lang='lat' dir='ltr'>bono</span> <span class='ocrx_word' id='word_1_99' title='bbox 1699 965 1749 991; x_wconf 91' lang='lat' dir='ltr'>ac</span> <span class='ocrx_word' id='word_1_100' title='bbox 1780 951 1821 990; x_wconf 90' lang='lat' dir='ltr'>li-</span> 
     </span>
     <span class='ocr_line' id='line_1_13' title="bbox 244 1015 1821 1070; baseline -0.001 -11"><span class='ocrx_word' id='word_1_101' title='bbox 244 1018 342 1059; x_wconf 89' lang='lat' dir='ltr'>bero</span> <span class='ocrx_word' id='word_1_102' title='bbox 373 1018 592 1058; x_wconf 87' lang='lat' dir='ltr'>Ecclesiae</span> <span class='ocrx_word' id='word_1_103' title='bbox 622 1017 941 1069; x_wconf 90' lang='lat' dir='ltr'>animarumque</span> <span class='ocrx_word' id='word_1_104' title='bbox 970 1015 1174 1068; x_wconf 87' lang='lat' dir='ltr'>regimine</span> <span class='ocrx_word' id='word_1_105' title='bbox 1204 1016 1373 1056; x_wconf 88' lang='lat' dir='ltr'>omnino</span> <span class='ocrx_word' id='word_1_106' title='bbox 1393 1017 1556 1070; x_wconf 88' lang='lat' dir='ltr'>requiri.</span> <span class='ocrx_word' id='word_1_107' title='bbox 1589 1017 1821 1070; x_wconf 81' lang='lat' dir='ltr'>Oportebat</span> 
     </span>
     <span class='ocr_line' id='line_1_14' title="bbox 244 1082 1818 1135; baseline -0.003 -9"><span class='ocrx_word' id='word_1_108' title='bbox 244 1099 348 1126; x_wconf 89' lang='lat' dir='ltr'>sane</span> <span class='ocrx_word' id='word_1_109' title='bbox 380 1085 504 1124; x_wconf 88' lang='lat' dir='ltr'>totius</span> <span class='ocrx_word' id='word_1_110' title='bbox 525 1083 744 1124; x_wconf 88' lang='lat' dir='ltr'>Ecclesiae</span> <span class='ocrx_word' id='word_1_111' title='bbox 768 1085 921 1135; x_wconf 88' lang='lat' dir='ltr'>Caput,</span> <span class='ocrx_word' id='word_1_112' title='bbox 952 1084 1190 1122; x_wconf 84' lang='lat' dir='ltr'>Romanurn</span> <span class='ocrx_word' id='word_1_113' title='bbox 1222 1082 1482 1131; x_wconf 84' lang='lat' dir='ltr'>Pontificem,</span> <span class='ocrx_word' id='word_1_114' title='bbox 1504 1083 1604 1122; x_wconf 90' lang='lat' dir='ltr'>nulli</span> <span class='ocrx_word' id='word_1_115' title='bbox 1634 1083 1818 1135; x_wconf 79' lang='lat' dir='ltr'>principi</span> 
     </span>
     <span class='ocr_line' id='line_1_15' title="bbox 246 1146 1820 1198; baseline -0.002 -8"><span class='ocrx_word' id='word_1_116' title='bbox 246 1163 341 1190; x_wconf 87' lang='lat' dir='ltr'>esse</span> <span class='ocrx_word' id='word_1_117' title='bbox 373 1149 628 1197; x_wconf 89' lang='lat' dir='ltr'>subiectum,</span> <span class='ocrx_word' id='word_1_118' title='bbox 659 1148 785 1187; x_wconf 88' lang='lat' dir='ltr'>immo</span> <span class='ocrx_word' id='word_1_119' title='bbox 815 1147 966 1186; x_wconf 86' lang='lat' dir='ltr'>nullius</span> <span class='ocrx_word' id='word_1_120' title='bbox 995 1146 1230 1198; x_wconf 72' lang='lat' dir='ltr'>hospitem,</span> <span class='ocrx_word' id='word_1_121' title='bbox 1260 1147 1333 1186; x_wconf 89' lang='lat' dir='ltr'>sed</span> <span class='ocrx_word' id='word_1_122' title='bbox 1363 1147 1404 1185; x_wconf 92' lang='lat' dir='ltr'>in</span> <span class='ocrx_word' id='word_1_123' title='bbox 1439 1147 1605 1198; x_wconf 85' lang='lat' dir='ltr'>proprio</span> <span class='ocrx_word' id='word_1_124' title='bbox 1636 1147 1820 1187; x_wconf 91' lang='lat' dir='ltr'>dominio</span> 
     </span>
     <span class='ocr_line' id='line_1_16' title="bbox 246 1212 1818 1269; baseline -0.001 -14"><span class='ocrx_word' id='word_1_125' title='bbox 246 1229 297 1256; x_wconf 91' lang='lat' dir='ltr'>ac</span> <span class='ocrx_word' id='word_1_126' title='bbox 327 1228 459 1269; x_wconf 82' lang='lat' dir='ltr'>regno</span> <span class='ocrx_word' id='word_1_127' title='bbox 489 1215 717 1262; x_wconf 86' lang='lat' dir='ltr'>sedentem,</span> <span class='ocrx_word' id='word_1_128' title='bbox 748 1213 898 1253; x_wconf 86' lang='lat' dir='ltr'>suimet</span> <span class='ocrx_word' id='word_1_129' title='bbox 928 1212 1029 1251; x_wconf 89' lang='lat' dir='ltr'>iuris</span> <span class='ocrx_word' id='word_1_130' title='bbox 1059 1217 1183 1259; x_wconf 87' lang='lat' dir='ltr'>esset,</span> <span class='ocrx_word' id='word_1_131' title='bbox 1215 1217 1255 1251; x_wconf 87' lang='lat' dir='ltr'>et</span> <span class='ocrx_word' id='word_1_132' title='bbox 1284 1212 1327 1250; x_wconf 88' lang='lat' dir='ltr'>in</span> <span class='ocrx_word' id='word_1_133' title='bbox 1347 1212 1486 1260; x_wconf 91' lang='lat' dir='ltr'>nobili,</span> <span class='ocrx_word' id='word_1_134' title='bbox 1511 1213 1746 1265; x_wconf 87' lang='lat' dir='ltr'>tranquilla,</span> <span class='ocrx_word' id='word_1_135' title='bbox 1778 1219 1818 1253; x_wconf 88' lang='lat' dir='ltr'>et</span> 
     </span>
     <span class='ocr_line' id='line_1_17' title="bbox 245 1278 1819 1331; baseline -0.002 -10"><span class='ocrx_word' id='word_1_136' title='bbox 245 1283 359 1321; x_wconf 84' lang='lat' dir='ltr'>alma</span> <span class='ocrx_word' id='word_1_137' title='bbox 387 1281 597 1329; x_wconf 88' lang='lat' dir='ltr'>libertate,</span> <span class='ocrx_word' id='word_1_138' title='bbox 630 1279 884 1319; x_wconf 86' lang='lat' dir='ltr'>catholicam</span> <span class='ocrx_word' id='word_1_139' title='bbox 915 1279 1039 1318; x_wconf 89' lang='lat' dir='ltr'>fidem</span> <span class='ocrx_word' id='word_1_140' title='bbox 1070 1278 1176 1317; x_wconf 89' lang='lat' dir='ltr'>tueri</span> <span class='ocrx_word' id='word_1_141' title='bbox 1206 1291 1257 1316; x_wconf 90' lang='lat' dir='ltr'>ac</span> <span class='ocrx_word' id='word_1_142' title='bbox 1287 1290 1576 1330; x_wconf 88' lang='lat' dir='ltr'>propugnare,</span> <span class='ocrx_word' id='word_1_143' title='bbox 1607 1284 1819 1331; x_wconf 88' lang='lat' dir='ltr'>totamque</span> 
     </span>
     <span class='ocr_line' id='line_1_18' title="bbox 244 1343 1819 1400; baseline -0.003 -13"><span class='ocrx_word' id='word_1_144' title='bbox 244 1361 392 1400; x_wconf 86' lang='lat' dir='ltr'>regere</span> <span class='ocrx_word' id='word_1_145' title='bbox 422 1354 462 1388; x_wconf 92' lang='lat' dir='ltr'>et</span> <span class='ocrx_word' id='word_1_146' title='bbox 483 1347 716 1399; x_wconf 82' lang='lat' dir='ltr'>gubernare</span> <span class='ocrx_word' id='word_1_147' title='bbox 747 1344 1020 1384; x_wconf 87' lang='lat' dir='ltr'>christianam</span> <span class='ocrx_word' id='word_1_148' title='bbox 1052 1343 1382 1394; x_wconf 86' lang='lat' dir='ltr'>Rempublicam.</span> <span class='ocrx_word' id='word_1_149' title='bbox 1414 1343 1518 1390; x_wconf 77' lang='lat' dir='ltr'>Quis</span> <span class='ocrx_word' id='word_1_150' title='bbox 1548 1350 1687 1383; x_wconf 90' lang='lat' dir='ltr'>autem</span> <span class='ocrx_word' id='word_1_151' title='bbox 1717 1345 1819 1383; x_wconf 86' lang='lat' dir='ltr'>infi-</span> 
     </span>
     <span class='ocr_line' id='line_1_19' title="bbox 246 1408 1822 1465; baseline -0.003 -11"><span class='ocrx_word' id='word_1_152' title='bbox 246 1414 347 1454; x_wconf 85' lang='lat' dir='ltr'>ciari</span> <span class='ocrx_word' id='word_1_153' title='bbox 378 1413 510 1465; x_wconf 83' lang='lat' dir='ltr'>possit</span> <span class='ocrx_word' id='word_1_154' title='bbox 538 1413 581 1451; x_wconf 90' lang='lat' dir='ltr'>in</span> <span class='ocrx_word' id='word_1_155' title='bbox 602 1412 683 1451; x_wconf 93' lang='lat' dir='ltr'>hoc</span> <span class='ocrx_word' id='word_1_156' title='bbox 705 1424 843 1450; x_wconf 88' lang='lat' dir='ltr'>rerum</span> <span class='ocrx_word' id='word_1_157' title='bbox 874 1410 1175 1457; x_wconf 88' lang='lat' dir='ltr'>humanarum,</span> <span class='ocrx_word' id='word_1_158' title='bbox 1207 1408 1460 1461; x_wconf 88' lang='lat' dir='ltr'>opinionum,</span> <span class='ocrx_word' id='word_1_159' title='bbox 1491 1409 1822 1449; x_wconf 87' lang='lat' dir='ltr'>institutionum-</span> 
     </span>
     <span class='ocr_line' id='line_1_20' title="bbox 246 1475 1818 1533; baseline -0.002 -14"><span class='ocrx_word' id='word_1_160' title='bbox 246 1493 324 1533; x_wconf 85' lang='lat' dir='ltr'>que</span> <span class='ocrx_word' id='word_1_161' title='bbox 355 1479 555 1519; x_wconf 88' lang='lat' dir='ltr'>conflictu</span> <span class='ocrx_word' id='word_1_162' title='bbox 585 1477 874 1518; x_wconf 86' lang='lat' dir='ltr'>necessarium</span> <span class='ocrx_word' id='word_1_163' title='bbox 914 1489 1008 1516; x_wconf 88' lang='lat' dir='ltr'>esse</span> <span class='ocrx_word' id='word_1_164' title='bbox 1038 1482 1081 1515; x_wconf 88' lang='lat' dir='ltr'>ut</span> <span class='ocrx_word' id='word_1_165' title='bbox 1109 1482 1299 1516; x_wconf 88' lang='lat' dir='ltr'>servetur</span> <span class='ocrx_word' id='word_1_166' title='bbox 1328 1475 1369 1514; x_wconf 90' lang='lat' dir='ltr'>in</span> <span class='ocrx_word' id='word_1_167' title='bbox 1401 1482 1593 1515; x_wconf 87' lang='lat' dir='ltr'>extrema</span> <span class='ocrx_word' id='word_1_168' title='bbox 1623 1477 1818 1530; x_wconf 86' lang='lat' dir='ltr'>Europa,</span> 
     </span>
     <span class='ocr_line' id='line_1_21' title="bbox 245 1542 1819 1594; baseline -0.002 -8"><span class='ocrx_word' id='word_1_169' title='bbox 245 1546 407 1586; x_wconf 88' lang='lat' dir='ltr'>medius</span> <span class='ocrx_word' id='word_1_170' title='bbox 436 1545 543 1585; x_wconf 86' lang='lat' dir='ltr'>inter</span> <span class='ocrx_word' id='word_1_171' title='bbox 563 1551 650 1585; x_wconf 85' lang='lat' dir='ltr'>tres</span> <span class='ocrx_word' id='word_1_172' title='bbox 678 1543 833 1584; x_wconf 84' lang='lat' dir='ltr'>veteris</span> <span class='ocrx_word' id='word_1_173' title='bbox 864 1543 1004 1582; x_wconf 89' lang='lat' dir='ltr'>mundi</span> <span class='ocrx_word' id='word_1_174' title='bbox 1033 1542 1308 1590; x_wconf 87' lang='lat' dir='ltr'>continentes,</span> <span class='ocrx_word' id='word_1_175' title='bbox 1341 1542 1507 1594; x_wconf 87' lang='lat' dir='ltr'>quidam</span> <span class='ocrx_word' id='word_1_176' title='bbox 1539 1543 1664 1582; x_wconf 90' lang='lat' dir='ltr'>veluti</span> <span class='ocrx_word' id='word_1_177' title='bbox 1694 1556 1819 1583; x_wconf 89' lang='lat' dir='ltr'>sacer</span> 
     </span>
     <span class='ocr_line' id='line_1_22' title="bbox 243 1606 1819 1661; baseline -0.004 -9"><span class='ocrx_word' id='word_1_178' title='bbox 243 1613 374 1660; x_wconf 79' lang='lat' dir='ltr'>loeus,</span> <span class='ocrx_word' id='word_1_179' title='bbox 406 1617 446 1651; x_wconf 92' lang='lat' dir='ltr'>et</span> <span class='ocrx_word' id='word_1_180' title='bbox 467 1611 589 1650; x_wconf 86' lang='lat' dir='ltr'>sedes</span> <span class='ocrx_word' id='word_1_181' title='bbox 619 1608 932 1661; x_wconf 87' lang='lat' dir='ltr'>augustissima,</span> <span class='ocrx_word' id='word_1_182' title='bbox 962 1607 1070 1647; x_wconf 88' lang='lat' dir='ltr'>unde</span> <span class='ocrx_word' id='word_1_183' title='bbox 1091 1607 1253 1659; x_wconf 86' lang='lat' dir='ltr'>populis</span> <span class='ocrx_word' id='word_1_184' title='bbox 1273 1606 1610 1659; x_wconf 87' lang='lat' dir='ltr'>principibusque</span> <span class='ocrx_word' id='word_1_185' title='bbox 1634 1607 1819 1647; x_wconf 85' lang='lat' dir='ltr'>vicissim</span> 
     </span>
     <span class='ocr_line' id='line_1_23' title="bbox 245 1671 1822 1727; baseline -0.003 -11"><span class='ocrx_word' id='word_1_186' title='bbox 245 1677 405 1718; x_wconf 81' lang='lat' dir='ltr'>oriatur</span> <span class='ocrx_word' id='word_1_187' title='bbox 435 1689 519 1715; x_wconf 81' lang='lat' dir='ltr'>vox</span> <span class='ocrx_word' id='word_1_188' title='bbox 549 1674 754 1727; x_wconf 86' lang='lat' dir='ltr'>quaedam</span> <span class='ocrx_word' id='word_1_189' title='bbox 795 1686 951 1724; x_wconf 84' lang='lat' dir='ltr'>magna</span> <span class='ocrx_word' id='word_1_190' title='bbox 979 1678 1235 1724; x_wconf 88' lang='lat' dir='ltr'>potensque,</span> <span class='ocrx_word' id='word_1_191' title='bbox 1271 1684 1354 1710; x_wconf 80' lang='lat' dir='ltr'>vox</span> <span class='ocrx_word' id='word_1_192' title='bbox 1383 1684 1533 1723; x_wconf 89' lang='lat' dir='ltr'>nempe</span> <span class='ocrx_word' id='word_1_193' title='bbox 1570 1671 1751 1711; x_wconf 87' lang='lat' dir='ltr'>iustitiae</span> <span class='ocrx_word' id='word_1_194' title='bbox 1781 1677 1822 1711; x_wconf 87' lang='lat' dir='ltr'>et</span> 
     </span>
     <span class='ocr_line' id='line_1_24' title="bbox 243 1737 1814 1792; baseline -0.004 -8"><span class='ocrx_word' id='word_1_195' title='bbox 243 1742 444 1790; x_wconf 85' lang='lat' dir='ltr'>veritatis,</span> <span class='ocrx_word' id='word_1_196' title='bbox 465 1741 564 1780; x_wconf 90' lang='lat' dir='ltr'>nulli</span> <span class='ocrx_word' id='word_1_197' title='bbox 582 1740 730 1780; x_wconf 85' lang='lat' dir='ltr'>favens</span> <span class='ocrx_word' id='word_1_198' title='bbox 750 1753 850 1792; x_wconf 89' lang='lat' dir='ltr'>prae</span> <span class='ocrx_word' id='word_1_199' title='bbox 872 1739 1033 1786; x_wconf 87' lang='lat' dir='ltr'>ceteris,</span> <span class='ocrx_word' id='word_1_200' title='bbox 1052 1738 1205 1777; x_wconf 86' lang='lat' dir='ltr'>nullius</span> <span class='ocrx_word' id='word_1_201' title='bbox 1226 1737 1463 1789; x_wconf 87' lang='lat' dir='ltr'>obsequens</span> <span class='ocrx_word' id='word_1_202' title='bbox 1485 1737 1667 1782; x_wconf 85' lang='lat' dir='ltr'>arbitrio,</span> <span class='ocrx_word' id='word_1_203' title='bbox 1687 1751 1814 1790; x_wconf 89' lang='lat' dir='ltr'>quam</span> 
     </span>
     <span class='ocr_line' id='line_1_25' title="bbox 244 1800 1824 1856; baseline -0.004 -8"><span class='ocrx_word' id='word_1_204' title='bbox 244 1822 323 1848; x_wconf 89' lang='lat' dir='ltr'>nec</span> <span class='ocrx_word' id='word_1_205' title='bbox 349 1806 541 1847; x_wconf 89' lang='lat' dir='ltr'>terrendo</span> <span class='ocrx_word' id='word_1_206' title='bbox 572 1816 866 1856; x_wconf 87' lang='lat' dir='ltr'>compescere,</span> <span class='ocrx_word' id='word_1_207' title='bbox 897 1815 974 1842; x_wconf 90' lang='lat' dir='ltr'>nec</span> <span class='ocrx_word' id='word_1_208' title='bbox 996 1802 1090 1841; x_wconf 85' lang='lat' dir='ltr'>ullis</span> <span class='ocrx_word' id='word_1_209' title='bbox 1123 1800 1283 1840; x_wconf 85' lang='lat' dir='ltr'>artibus</span> <span class='ocrx_word' id='word_1_210' title='bbox 1314 1801 1533 1853; x_wconf 88' lang='lat' dir='ltr'>quisquam</span> <span class='ocrx_word' id='word_1_211' title='bbox 1563 1801 1696 1853; x_wconf 84' lang='lat' dir='ltr'>possit</span> <span class='ocrx_word' id='word_1_212' title='bbox 1738 1801 1824 1841; x_wconf 87' lang='lat' dir='ltr'>cir—</span> 
     </span>
     <span class='ocr_line' id='line_1_26' title="bbox 245 1859 1823 1920; baseline -0.004 -8"><span class='ocrx_word' id='word_1_213' title='bbox 245 1869 507 1912; x_wconf 67' lang='lat' dir='ltr'>cumvenire?</span> <span class='ocrx_word' id='word_1_214' title='bbox 538 1869 615 1916; x_wconf 84' lang='lat' dir='ltr'>Qui</span> <span class='ocrx_word' id='word_1_215' title='bbox 633 1881 757 1920; x_wconf 89' lang='lat' dir='ltr'>porro</span> <span class='ocrx_word' id='word_1_216' title='bbox 787 1868 852 1907; x_wconf 92' lang='lat' dir='ltr'>vel</span> <span class='ocrx_word' id='word_1_217' title='bbox 874 1867 954 1906; x_wconf 85' lang='lat' dir='ltr'>hac</span> <span class='ocrx_word' id='word_1_218' title='bbox 975 1866 1066 1905; x_wconf 88' lang='lat' dir='ltr'>vice</span> <span class='ocrx_word' id='word_1_219' title='bbox 1096 1865 1187 1905; x_wconf 84' lang='lat' dir='ltr'>fieri</span> <span class='ocrx_word' id='word_1_220' title='bbox 1208 1866 1413 1917; x_wconf 84' lang='lat' dir='ltr'>potuisset</span> <span class='ocrx_word' id='word_1_221' title='bbox 1444 1872 1486 1904; x_wconf 87' lang='lat' dir='ltr'>ut</span> <span class='ocrx_word' id='word_1_222' title='bbox 1505 1859 1722 1906; x_wconf 84' lang='lat' dir='ltr'>Ecclesiae</span> <span class='ocrx_word' id='word_1_223' title='bbox 1738 1868 1823 1906; x_wconf 89' lang='lat' dir='ltr'>An-</span> 
     </span>
     <span class='ocr_line' id='line_1_27' title="bbox 247 1932 1822 1979; baseline -0.004 0"><span class='ocrx_word' id='word_1_224' title='bbox 247 1938 398 1979; x_wconf 88' lang='lat' dir='ltr'>tistites</span> <span class='ocrx_word' id='word_1_225' title='bbox 429 1936 565 1977; x_wconf 90' lang='lat' dir='ltr'>securi</span> <span class='ocrx_word' id='word_1_226' title='bbox 595 1949 649 1974; x_wconf 82' lang='lat' dir='ltr'>ex</span> <span class='ocrx_word' id='word_1_227' title='bbox 671 1940 755 1974; x_wconf 87' lang='lat' dir='ltr'>toto</span> <span class='ocrx_word' id='word_1_228' title='bbox 786 1933 886 1973; x_wconf 89' lang='lat' dir='ltr'>orbe</span> <span class='ocrx_word' id='word_1_229' title='bbox 915 1933 1213 1979; x_wconf 84' lang='lat' dir='ltr'>adcurrerent,</span> <span class='ocrx_word' id='word_1_230' title='bbox 1250 1945 1345 1970; x_wconf 91' lang='lat' dir='ltr'>cum</span> <span class='ocrx_word' id='word_1_231' title='bbox 1382 1932 1616 1972; x_wconf 83' lang='lat' dir='ltr'>Sanctitate</span> <span class='ocrx_word' id='word_1_232' title='bbox 1647 1935 1740 1972; x_wconf 89' lang='lat' dir='ltr'>Tua</span> <span class='ocrx_word' id='word_1_233' title='bbox 1771 1933 1822 1973; x_wconf 90' lang='lat' dir='ltr'>de</span> 
     </span>
     <span class='ocr_line' id='line_1_28' title="bbox 246 1995 1818 2055; baseline -0.004 -12"><span class='ocrx_word' id='word_1_234' title='bbox 246 2004 373 2043; x_wconf 86' lang='lat' dir='ltr'>rebus</span> <span class='ocrx_word' id='word_1_235' title='bbox 393 1999 656 2055; x_wconf 81' lang='lat' dir='ltr'>gravissimis</span> <span class='ocrx_word' id='word_1_236' title='bbox 685 1998 843 2046; x_wconf 91' lang='lat' dir='ltr'>acturi,</span> <span class='ocrx_word' id='word_1_237' title='bbox 873 1997 908 2036; x_wconf 89' lang='lat' dir='ltr'>si</span> <span class='ocrx_word' id='word_1_238' title='bbox 939 2010 991 2036; x_wconf 83' lang='lat' dir='ltr'>ex</span> <span class='ocrx_word' id='word_1_239' title='bbox 1013 2003 1071 2036; x_wconf 87' lang='lat' dir='ltr'>tot</span> <span class='ocrx_word' id='word_1_240' title='bbox 1101 2002 1223 2048; x_wconf 85' lang='lat' dir='ltr'>atque</span> <span class='ocrx_word' id='word_1_241' title='bbox 1252 2000 1338 2035; x_wconf 89' lang='lat' dir='ltr'>tam</span> <span class='ocrx_word' id='word_1_242' title='bbox 1369 1995 1545 2036; x_wconf 86' lang='lat' dir='ltr'>diversis</span> <span class='ocrx_word' id='word_1_243' title='bbox 1575 1996 1818 2048; x_wconf 81' lang='lat' dir='ltr'>regionibus</span> 
     </span>
     <span class='ocr_line' id='line_1_29' title="bbox 247 2059 1823 2119; baseline -0.004 -13"><span class='ocrx_word' id='word_1_244' title='bbox 247 2066 524 2119; x_wconf 84' lang='lat' dir='ltr'>gentibusque</span> <span class='ocrx_word' id='word_1_245' title='bbox 545 2065 832 2110; x_wconf 86' lang='lat' dir='ltr'>confluentes,</span> <span class='ocrx_word' id='word_1_246' title='bbox 864 2061 1095 2114; x_wconf 84' lang='lat' dir='ltr'>principem</span> <span class='ocrx_word' id='word_1_247' title='bbox 1117 2060 1297 2112; x_wconf 87' lang='lat' dir='ltr'>aliquem</span> <span class='ocrx_word' id='word_1_248' title='bbox 1327 2059 1606 2108; x_wconf 86' lang='lat' dir='ltr'>invenissent,</span> <span class='ocrx_word' id='word_1_249' title='bbox 1640 2061 1706 2100; x_wconf 89' lang='lat' dir='ltr'>his</span> <span class='ocrx_word' id='word_1_250' title='bbox 1737 2061 1823 2100; x_wconf 86' lang='lat' dir='ltr'>oris</span> 
     </span>
     <span class='ocr_line' id='line_1_30' title="bbox 245 2123 1827 2181; baseline -0.004 -11"><span class='ocrx_word' id='word_1_251' title='bbox 245 2131 549 2177; x_wconf 85' lang='lat' dir='ltr'>dominantem,</span> <span class='ocrx_word' id='word_1_252' title='bbox 580 2128 646 2181; x_wconf 88' lang='lat' dir='ltr'>qui</span> <span class='ocrx_word' id='word_1_253' title='bbox 670 2128 733 2167; x_wconf 92' lang='lat' dir='ltr'>vel</span> <span class='ocrx_word' id='word_1_254' title='bbox 755 2127 939 2178; x_wconf 86' lang='lat' dir='ltr'>ipsorum</span> <span class='ocrx_word' id='word_1_255' title='bbox 961 2124 1170 2178; x_wconf 90' lang='lat' dir='ltr'>principes</span> <span class='ocrx_word' id='word_1_256' title='bbox 1199 2125 1241 2163; x_wconf 89' lang='lat' dir='ltr'>in</span> <span class='ocrx_word' id='word_1_257' title='bbox 1262 2123 1499 2176; x_wconf 86' lang='lat' dir='ltr'>suspicione</span> <span class='ocrx_word' id='word_1_258' title='bbox 1521 2124 1696 2165; x_wconf 85' lang='lat' dir='ltr'>haberet</span> <span class='ocrx_word' id='word_1_259' title='bbox 1718 2156 1727 2173; x_wconf 93' lang='lat'>,</span> <span class='ocrx_word' id='word_1_260' title='bbox 1760 2126 1827 2164; x_wconf 87' lang='lat' dir='ltr'>vel</span> 
     </span>
     <span class='ocr_line' id='line_1_31' title="bbox 247 2191 1822 2248; baseline -0.003 -12"><span class='ocrx_word' id='word_1_261' title='bbox 247 2197 343 2246; x_wconf 90' lang='lat' dir='ltr'>illis,</span> <span class='ocrx_word' id='word_1_262' title='bbox 375 2202 594 2248; x_wconf 82' lang='lat' dir='ltr'>suspectus</span> <span class='ocrx_word' id='word_1_263' title='bbox 616 2194 716 2246; x_wconf 88' lang='lat' dir='ltr'>ipse,</span> <span class='ocrx_word' id='word_1_264' title='bbox 748 2191 1064 2232; x_wconf 68' lang='lat' dir='ltr'>adversaretur?</span> <span class='ocrx_word' id='word_1_265' title='bbox 1095 2192 1180 2231; x_wconf 84' lang='lat' dir='ltr'>Sua</span> <span class='ocrx_word' id='word_1_266' title='bbox 1200 2196 1296 2231; x_wconf 89' lang='lat' dir='ltr'>sunt</span> <span class='ocrx_word' id='word_1_267' title='bbox 1325 2191 1435 2230; x_wconf 90' lang='lat' dir='ltr'>enim</span> <span class='ocrx_word' id='word_1_268' title='bbox 1457 2198 1496 2231; x_wconf 91' lang='lat' dir='ltr'>et</span> <span class='ocrx_word' id='word_1_269' title='bbox 1519 2192 1749 2232; x_wconf 86' lang='lat' dir='ltr'>christiano</span> <span class='ocrx_word' id='word_1_270' title='bbox 1781 2199 1822 2232; x_wconf 85' lang='lat' dir='ltr'>et</span> 
     </span>
     <span class='ocr_line' id='line_1_32' title="bbox 245 2255 1819 2310; baseline -0.004 -9"><span class='ocrx_word' id='word_1_271' title='bbox 245 2261 326 2301; x_wconf 89' lang='lat' dir='ltr'>civi</span> <span class='ocrx_word' id='word_1_272' title='bbox 350 2260 500 2307; x_wconf 86' lang='lat' dir='ltr'>officia,</span> <span class='ocrx_word' id='word_1_273' title='bbox 531 2259 644 2297; x_wconf 88' lang='lat' dir='ltr'>haud</span> <span class='ocrx_word' id='word_1_274' title='bbox 665 2257 829 2310; x_wconf 90' lang='lat' dir='ltr'>quidem</span> <span class='ocrx_word' id='word_1_275' title='bbox 859 2255 1138 2308; x_wconf 80' lang='lat' dir='ltr'>repugnantia</span> <span class='ocrx_word' id='word_1_276' title='bbox 1158 2255 1265 2294; x_wconf 89' lang='lat' dir='ltr'>inter</span> <span class='ocrx_word' id='word_1_277' title='bbox 1284 2268 1341 2303; x_wconf 85' lang='lat' dir='ltr'>se,</span> <span class='ocrx_word' id='word_1_278' title='bbox 1375 2255 1449 2294; x_wconf 88' lang='lat' dir='ltr'>sed</span> <span class='ocrx_word' id='word_1_279' title='bbox 1470 2255 1636 2295; x_wconf 88' lang='lat' dir='ltr'>diversa</span> <span class='ocrx_word' id='word_1_280' title='bbox 1666 2262 1819 2304; x_wconf 88' lang='lat' dir='ltr'>tamen,</span> 
     </span>
     <span class='ocr_line' id='line_1_33' title="bbox 245 2318 1820 2379; baseline -0.004 -14"><span class='ocrx_word' id='word_1_281' title='bbox 245 2339 351 2379; x_wconf 89' lang='lat' dir='ltr'>quae</span> <span class='ocrx_word' id='word_1_282' title='bbox 379 2323 542 2377; x_wconf 85' lang='lat' dir='ltr'>impleri</span> <span class='ocrx_word' id='word_1_283' title='bbox 572 2322 624 2362; x_wconf 90' lang='lat' dir='ltr'>ab</span> <span class='ocrx_word' id='word_1_284' title='bbox 646 2321 866 2374; x_wconf 89' lang='lat' dir='ltr'>Episcopis</span> <span class='ocrx_word' id='word_1_285' title='bbox 895 2320 1101 2372; x_wconf 91' lang='lat' dir='ltr'>quomodo</span> <span class='ocrx_word' id='word_1_286' title='bbox 1125 2324 1306 2371; x_wconf 88' lang='lat' dir='ltr'>possent,</span> <span class='ocrx_word' id='word_1_287' title='bbox 1337 2318 1418 2358; x_wconf 88' lang='lat' dir='ltr'>nisi</span> <span class='ocrx_word' id='word_1_288' title='bbox 1449 2326 1634 2358; x_wconf 80' lang='lat' dir='ltr'>exstaret</span> <span class='ocrx_word' id='word_1_289' title='bbox 1657 2321 1820 2359; x_wconf 85' lang='lat' dir='ltr'>Romae</span> 
     </span>
     <span class='ocr_line' id='line_1_34' title="bbox 244 2382 1823 2441; baseline -0.004 -12"><span class='ocrx_word' id='word_1_290' title='bbox 244 2389 379 2429; x_wconf 88' lang='lat' dir='ltr'>civilis</span> <span class='ocrx_word' id='word_1_291' title='bbox 420 2388 709 2441; x_wconf 86' lang='lat' dir='ltr'>principatus,</span> <span class='ocrx_word' id='word_1_292' title='bbox 748 2384 882 2438; x_wconf 84' lang='lat' dir='ltr'>qualis</span> <span class='ocrx_word' id='word_1_293' title='bbox 921 2390 983 2425; x_wconf 88' lang='lat' dir='ltr'>est</span> <span class='ocrx_word' id='word_1_294' title='bbox 1021 2383 1305 2431; x_wconf 85' lang='lat' dir='ltr'>Pontificum,</span> <span class='ocrx_word' id='word_1_295' title='bbox 1346 2382 1448 2421; x_wconf 88' lang='lat' dir='ltr'>iuris</span> <span class='ocrx_word' id='word_1_296' title='bbox 1488 2382 1612 2421; x_wconf 90' lang='lat' dir='ltr'>alieni</span> <span class='ocrx_word' id='word_1_297' title='bbox 1653 2383 1823 2422; x_wconf 87' lang='lat' dir='ltr'>omnino</span> 
     </span>
     <span class='ocr_line' id='line_1_35' title="bbox 244 2446 1825 2502; baseline -0.004 -11"><span class='ocrx_word' id='word_1_298' title='bbox 244 2452 465 2500; x_wconf 88' lang='lat' dir='ltr'>immunis,</span> <span class='ocrx_word' id='word_1_299' title='bbox 497 2458 536 2491; x_wconf 88' lang='lat' dir='ltr'>et</span> <span class='ocrx_word' id='word_1_300' title='bbox 575 2456 761 2490; x_wconf 88' lang='lat' dir='ltr'>centrum</span> <span class='ocrx_word' id='word_1_301' title='bbox 792 2447 1098 2502; x_wconf 87' lang='lat' dir='ltr'>quodammodo</span> <span class='ocrx_word' id='word_1_302' title='bbox 1129 2446 1377 2486; x_wconf 88' lang='lat' dir='ltr'>universalis</span> <span class='ocrx_word' id='word_1_303' title='bbox 1418 2446 1691 2494; x_wconf 85' lang='lat' dir='ltr'>concordiae,</span> <span class='ocrx_word' id='word_1_304' title='bbox 1721 2447 1825 2485; x_wconf 91' lang='lat' dir='ltr'>nihil</span> 
     </span>
     <span class='ocr_line' id='line_1_36' title="bbox 245 2510 1827 2566; baseline -0.003 -12"><span class='ocrx_word' id='word_1_305' title='bbox 245 2515 483 2555; x_wconf 85' lang='lat' dir='ltr'>ambitionis</span> <span class='ocrx_word' id='word_1_306' title='bbox 512 2517 723 2553; x_wconf 88' lang='lat' dir='ltr'>humanae</span> <span class='ocrx_word' id='word_1_307' title='bbox 754 2513 938 2566; x_wconf 87' lang='lat' dir='ltr'>spirans,</span> <span class='ocrx_word' id='word_1_308' title='bbox 969 2511 1072 2550; x_wconf 91' lang='lat' dir='ltr'>nihil</span> <span class='ocrx_word' id='word_1_309' title='bbox 1101 2523 1175 2562; x_wconf 91' lang='lat' dir='ltr'>pro</span> <span class='ocrx_word' id='word_1_310' title='bbox 1206 2516 1373 2550; x_wconf 87' lang='lat' dir='ltr'>terrena</span> <span class='ocrx_word' id='word_1_311' title='bbox 1412 2510 1691 2549; x_wconf 89' lang='lat' dir='ltr'>dominatione</span> <span class='ocrx_word' id='word_1_312' title='bbox 1733 2523 1827 2550; x_wconf 88' lang='lat' dir='ltr'>mo-</span> 
     </span>
     <span class='ocr_line' id='line_1_37' title="bbox 245 2575 1830 2631; baseline -0.004 -10"><span class='ocrx_word' id='word_1_313' title='bbox 245 2581 376 2622; x_wconf 69' lang='lat' dir='ltr'>liens?</span> <span class='ocrx_word' id='word_1_314' title='bbox 405 2582 470 2620; x_wconf 88' lang='lat' dir='ltr'>Ad</span> <span class='ocrx_word' id='word_1_315' title='bbox 492 2581 666 2620; x_wconf 89' lang='lat' dir='ltr'>liberum</span> <span class='ocrx_word' id='word_1_316' title='bbox 695 2592 796 2631; x_wconf 84' lang='lat' dir='ltr'>ergo</span> <span class='ocrx_word' id='word_1_317' title='bbox 826 2578 1074 2618; x_wconf 88' lang='lat' dir='ltr'>Pontificem</span> <span class='ocrx_word' id='word_1_318' title='bbox 1106 2577 1267 2628; x_wconf 85' lang='lat' dir='ltr'>Regem</span> <span class='ocrx_word' id='word_1_319' title='bbox 1299 2576 1488 2615; x_wconf 87' lang='lat' dir='ltr'>venimus</span> <span class='ocrx_word' id='word_1_320' title='bbox 1519 2575 1647 2615; x_wconf 85' lang='lat' dir='ltr'>liberi:</span> <span class='ocrx_word' id='word_1_321' title='bbox 1681 2577 1830 2615; x_wconf 92' lang='lat' dir='ltr'>Eccle-</span> 
     </span>
     <span class='ocr_line' id='line_1_38' title="bbox 234 2640 1829 2699; baseline -0.004 -12"><span class='ocrx_word' id='word_1_322' title='bbox 234 2647 336 2688; x_wconf 80' lang='lat' dir='ltr'>siae</span> <span class='ocrx_word' id='word_1_323' title='bbox 356 2647 482 2687; x_wconf 84' lang='lat' dir='ltr'>rebus</span> <span class='ocrx_word' id='word_1_324' title='bbox 512 2652 651 2699; x_wconf 87' lang='lat' dir='ltr'>utpote</span> <span class='ocrx_word' id='word_1_325' title='bbox 682 2647 894 2694; x_wconf 78' lang='lat' dir='ltr'>pastores,</span> <span class='ocrx_word' id='word_1_326' title='bbox 912 2651 952 2685; x_wconf 90' lang='lat' dir='ltr'>et</span> <span class='ocrx_word' id='word_1_327' title='bbox 981 2642 1142 2696; x_wconf 89' lang='lat' dir='ltr'>patriae</span> <span class='ocrx_word' id='word_1_328' title='bbox 1171 2647 1312 2694; x_wconf 86' lang='lat' dir='ltr'>utpote</span> <span class='ocrx_word' id='word_1_329' title='bbox 1342 2641 1468 2690; x_wconf 84' lang='lat' dir='ltr'>cives,</span> <span class='ocrx_word' id='word_1_330' title='bbox 1488 2640 1592 2680; x_wconf 89' lang='lat' dir='ltr'>bene</span> <span class='ocrx_word' id='word_1_331' title='bbox 1625 2647 1663 2680; x_wconf 91' lang='lat' dir='ltr'>et</span> <span class='ocrx_word' id='word_1_332' title='bbox 1695 2653 1829 2693; x_wconf 87' lang='lat' dir='ltr'>aeque</span> 
     </span>
    </p>
   </div>
   <div class='ocr_carea' id='block_1_3' title="bbox 245 2796 1828 2951">
    <p class='ocr_par' dir='ltr' id='par_1_4' title="bbox 245 2796 1828 2951">
     <span class='ocr_line' id='line_1_39' title="bbox 291 2796 1828 2846; baseline -0.007 -8"><span class='ocrx_word' id='word_1_333' title='bbox 291 2806 340 2846; x_wconf 92' lang='lat'>(1)</span> <span class='ocrx_word' id='word_1_334' title='bbox 369 2806 431 2838; x_wconf 84' lang='lat' dir='ltr'>SS.</span> <span class='ocrx_word' id='word_1_335' title='bbox 456 2803 595 2836; x_wconf 89' lang='lat' dir='ltr'>Domini</span> <span class='ocrx_word' id='word_1_336' title='bbox 629 2803 754 2836; x_wconf 87' lang='lat' dir='ltr'>Nostri</span> <span class='ocrx_word' id='word_1_337' title='bbox 777 2802 828 2834; x_wconf 88' lang='lat' dir='ltr'>Pii</span> <span class='ocrx_word' id='word_1_338' title='bbox 852 2801 966 2834; x_wconf 90' lang='lat' dir='ltr'>divina</span> <span class='ocrx_word' id='word_1_339' title='bbox 988 2798 1219 2832; x_wconf 83' lang='lat' dir='ltr'>Providentia</span> <span class='ocrx_word' id='word_1_340' title='bbox 1241 2797 1363 2838; x_wconf 84' lang='lat' dir='ltr'>Papae</span> <span class='ocrx_word' id='word_1_341' title='bbox 1386 2797 1458 2834; x_wconf 91' lang='lat' dir='ltr'>IX,</span> <span class='ocrx_word' id='word_1_342' title='bbox 1485 2796 1642 2829; x_wconf 84' lang='lat' dir='ltr'>Litterae</span> <span class='ocrx_word' id='word_1_343' title='bbox 1665 2798 1828 2839; x_wconf 86' lang='lat' dir='ltr'>Aposto-</span> 
     </span>
     <span class='ocr_line' id='line_1_40' title="bbox 245 2849 1824 2898; baseline -0.006 -8"><span class='ocrx_word' id='word_1_344' title='bbox 245 2858 349 2894; x_wconf 80' lang='lat' dir='ltr'>licae.</span> <span class='ocrx_word' id='word_1_345' title='bbox 373 2857 502 2898; x_wconf 81' lang='lat' dir='ltr'>quibus</span> <span class='ocrx_word' id='word_1_346' title='bbox 526 2856 671 2888; x_wconf 83' lang='lat' dir='ltr'>maioris</span> <span class='ocrx_word' id='word_1_347' title='bbox 690 2853 1066 2888; x_wconf 76' lang='lat' dir='ltr'>excommunicationis</span> <span class='ocrx_word' id='word_1_348' title='bbox 1090 2860 1208 2893; x_wconf 83' lang='lat' dir='ltr'>poena</span> <span class='ocrx_word' id='word_1_349' title='bbox 1224 2849 1391 2890; x_wconf 83' lang='lat' dir='ltr'>infligitur</span> <span class='ocrx_word' id='word_1_350' title='bbox 1413 2849 1639 2882; x_wconf 85' lang='lat' dir='ltr'>invasoribus</span> <span class='ocrx_word' id='word_1_351' title='bbox 1668 2850 1702 2881; x_wconf 85' lang='lat' dir='ltr'>et</span> <span class='ocrx_word' id='word_1_352' title='bbox 1719 2857 1824 2882; x_wconf 76' lang='lat' dir='ltr'>usure</span> 
     </span>
     <span class='ocr_line' id='line_1_41' title="bbox 246 2901 1285 2951; baseline -0.007 -10"><span class='ocrx_word' id='word_1_353' title='bbox 246 2909 439 2951; x_wconf 81' lang='lat' dir='ltr'>pateribus</span> <span class='ocrx_word' id='word_1_354' title='bbox 464 2908 600 2949; x_wconf 85' lang='lat' dir='ltr'>aliquot</span> <span class='ocrx_word' id='word_1_355' title='bbox 622 2907 886 2950; x_wconf 85' lang='lat' dir='ltr'>provinciarum</span> <span class='ocrx_word' id='word_1_356' title='bbox 909 2903 1110 2947; x_wconf 80' lang='lat' dir='ltr'>pontificiae</span> <span class='ocrx_word' id='word_1_357' title='bbox 1134 2901 1285 2935; x_wconf 86' lang='lat' dir='ltr'>ditionis.</span> 
     </span>
    </p>
   </div>
  </div>
 </body>
</html>
