1970 3203
562 192 701 218 CAPUT
731 193 755 219 1.
785 191 838 218 DE
867 191 1096 219 soeissTA'rE
1125 191 1362 218 DOMesrch
1672 178 1748 218 203

173 267 272 320 suga
299 267 459 307 socium
480 267 656 315 deserat,
679 267 743 307 vel
764 267 948 318 graviter
977 265 1153 314 divexet;
1183 265 1248 305 ius
1269 265 1389 306 alteri
1421 264 1498 305 erit
1518 278 1544 304 a
1565 270 1743 305 nocente

172 332 399 381 discedere,
430 332 484 372 ad
504 345 550 372 se
577 332 733 371 iniusta
763 331 1034 384 oppressione
1056 331 1326 379 liberandum,
1357 336 1428 370 aut
1454 331 1624 370 alterius
1647 344 1746 370 sce-

181 399 244 438 lus
273 397 344 437 tali
378 397 642 450 separatione
670 398 934 449 puniendum.
967 396 1012 435 Id
1040 403 1180 435 tamen
1224 396 1360 448 quoad
1390 396 1744 436 cohabitationem

175 468 335 503 tantum
364 463 678 516 intelligendum
708 469 782 512 est;
814 463 894 503 hoc
916 462 1027 502 enim
1057 462 1210 501 sufficit
1239 462 1292 501 ad
1312 463 1466 501 malum
1495 462 1596 501 illud
1617 476 1742 502 aver-

173 529 355 577 tendum,
385 542 463 568 nec
483 529 595 568 aliud
617 541 765 568 revera
785 528 963 580 probant
983 532 1244 579 argumenta,
1276 541 1381 579 quae
1402 541 1428 566 a
1458 527 1744 567 defensoribus

171 592 334 633 divortii
363 594 605 634 afferuntur.

219 658 282 696 14.
315 657 569 697 Paoposrrio
599 656 656 696 2³.
701 656 950 696 Dz'vortium
981 657 1221 708 perfectum
1242 688 1251 703 ,
1292 656 1333 694 in
1363 669 1445 707 quo
1486 669 1571 695 non
1599 657 1739 695 solum

168 721 425 761 cohabitatio
458 725 753 770 removeatur,
783 721 857 761 sed
886 721 1103 760 vinculum
1134 721 1262 760 etiam
1293 722 1683 773 conz'ugyiiper’cat,
1716 735 1741 760 α

165 788 362 839 perfecta
394 788 566 826 notione
596 787 810 827 societatis
840 786 1085 838 coniugalis
1110 799 1293 838 pror-sus
1325 787 1580 825 excluditur.

222 851 346 891 Prob.
377 853 485 891 Nam
506 851 671 902 concipi
702 851 841 903 nequit
863 864 964 890 vera
983 850 1122 888 unitas
1143 849 1316 888 moralis
1336 849 1510 888 duarum
1533 862 1736 901 persona—

167 916 341 965 litatum,
370 916 450 956 nisi
472 929 614 955 earum
637 917 875 957 coniunctio
905 916 1166 968 perennitate
1187 922 1226 955 et
1246 915 1496 962 constantia,
1527 929 1738 968 nunquam

168 979 391 1027 defectura,
423 979 608 1018 donetur.
632 981 683 1018 Et
712 993 815 1019 sane
844 980 935 1019 sola
961 979 1159 1031 cogitatio
1188 980 1255 1019 vel
1274 978 1458 1031 suspicio
1488 979 1735 1031 hypothesis

168 1043 438 1090 obventurae‚
470 1057 552 1096 qua
571 1043 792 1094 coniugale
809 1043 1020 1083 vinculum
1041 1043 1224 1083 rescindi
1256 1043 1400 1095 possit,
1419 1043 1539 1082 valde
1559 1042 1745 1082 debilitat

165 1107 208 1147 in
230 1107 479 1159 coniugibus
509 1121 694 1147 amorem
715 1109 842 1156 illum,
873 1121 953 1160 quo
983 1107 1219 1147 arctissime
1240 1108 1443 1160 obstringi
1465 1108 1626 1156 debent,
1658 1121 1736 1147 nec

164 1171 288 1212 facile
309 1171 427 1220 sinit,
458 1180 501 1211 ut
528 1172 604 1224 ipsi
634 1186 678 1212 se
709 1171 975 1212 considerent
1004 1179 1215 1223 tamquam
1243 1172 1391 1212 eadem
1423 1171 1506 1210 vita
1538 1171 1741 1218 viventes,

165 1237 433 1290 eiusdemque
450 1238 576 1278 sortis
593 1237 762 1277 omnino
780 1237 1110 1289 participes.Quo
1128 1237 1238 1276 enim
1255 1237 1395 1276 animo
1417 1250 1515 1288 pars
1531 1249 1616 1275 una
1631 1236 1738 1275 alte-

164 1317 255 1343 ram
276 1304 459 1344 adsciret
476 1305 529 1343 ad
544 1303 733 1344 intimam
750 1303 1044 1343 comunionem
1061 1304 1287 1342 affectuum
1305 1316 1525 1355 rerumque
1542 1304 1740 1349 omnium,

165 1367 246 1407 nisi
256 1367 368 1407 illam
385 1373 597 1419 tamquam
614 1373 813 1419 perpetuo
828 1368 881 1406 ad
898 1380 944 1407 se
960 1366 1234 1420 pertinentem
1252 1367 1477 1419 cogitaret?
1491 1366 1737 1406 Communi-

166 1432 278 1472 catio
300 1433 423 1472 etiam
440 1440 583 1472 mutua
600 1433 816 1481 bonorum,
833 1433 874 1471 in
891 1433 972 1471 hac
989 1432 1189 1473 societate
1207 1441 1423 1486 tantopere
1439 1434 1652 1485 requisita,
1674 1435 1742 1472 la«

167 1498 461 1547 befactaretur3
484 1500 582 1550 quia
598 1512 681 1538 non
699 1499 876 1550 amplius
891 1511 960 1537 res
976 1499 1099 1538 unius
1115 1504 1326 1551 tamquam
1344 1500 1396 1538 ad
1413 1502 1588 1540 alterum
1607 1513 1740 1552 aeque

164 1561 423 1612 pertinentes
444 1568 748 1614 spectarentur,
771 1565 843 1603 sed
865 1572 1037 1613 uterque
1058 1563 1211 1602 coniux
1233 1564 1422 1615 privatae
1442 1563 1628 1603 utilitatis
1646 1572 1738 1602 stu-

166 1626 232 1666 dio
257 1627 407 1678 iugiter
426 1634 667 1667 tentaretur.
694 1628 898 1668 Timenda
919 1629 1028 1668 enim
1049 1641 1215 1680 semper
1235 1635 1347 1667 esset
1369 1628 1518 1667 divisio
1539 1633 1578 1667 et
1599 1627 1735 1667 omni-

164 1692 289 1731 moda
311 1692 535 1742 separatio.
568 1692 755 1731 Tandem
791 1694 1024 1745 aequalitas
1054 1699 1294 1733 contractus
1332 1694 1451 1732 valde
1490 1693 1737 1732 laederetur:

165 1755 319 1807 quippe
330 1768 424 1794 cum
439 1755 482 1794 in
499 1756 720 1807 hypothesi
738 1756 973 1796 solubilium
991 1756 1228 1808 nuptiarum
1246 1757 1369 1808 longe
1386 1756 1554 1795 inferior
1575 1756 1627 1795 sit
1646 1769 1740 1794 con-

165 1819 262 1858 ditio
279 1818 474 1867 mulieris,
493 1833 612 1872 quae,
638 1820 768 1871 primo
786 1821 1012 1861 iuventutis
1029 1823 1134 1860 flore
1154 1828 1193 1861 et
1209 1821 1503 1873 praerogativa
1524 1820 1734 1872 virginita-

164 1886 217 1925 tis
235 1886 396 1935 orbata‚
417 1886 486 1925 vix
503 1893 574 1925 aut
594 1899 645 1925 ne
666 1886 735 1925 vix
752 1887 914 1938 quidem
935 1887 1140 1926 inveniret
1156 1887 1222 1926 cui
1239 1887 1384 1926 iterum
1408 1890 1591 1926 nuberet.
1614 1887 1671 1926 Ut
1689 1899 1741 1925 o-

165 1951 324 1990 mittam
341 1951 538 2004 pericula,
561 1951 709 2003 quibus
739 1951 830 2002 ipsa
860 1958 1000 1992 certae
1030 1951 1185 1991 sobolis
1205 1952 1440 2003 procreatio
1471 1958 1511 1990 et
1541 1951 1735 1991 educatio

165 2016 424 2057 obiiceretur.
444 2016 639 2056 Profecto
662 2017 851 2056 educatio
881 2017 944 2057 ius
962 2018 1169 2069 quoddam
1190 2025 1253 2057 est
1275 2017 1537 2064 indivisibile,
1555 2018 1662 2069 quod
1685 2018 1738 2055 ad

166 2088 384 2135 utrumque
408 2088 623 2134 parentem
646 2083 767 2122 simul
789 2089 962 2135 spectat,
985 2090 1023 2122 et
1044 2082 1164 2122 cuius
1183 2082 1428 2122 exercitium
1451 2083 1598 2121 saltem
1619 2095 1737 2134 quar-

164 2153 249 2186 tarn
271 2153 428 2199 partem
452 2148 560 2187 vitae
590 2148 769 2187 filiorum
799 2153 990 2199 occupat.
1022 2148 1237 2193 Quomodo
1267 2148 1391 2200 igitur
1412 2148 1529 2186 iuxta
1550 2148 1736 2187 ordinem

166 2216 345 2250 naturae
366 2210 507 2262 perfici
529 2211 690 2262 poterit,
722 2211 800 2250 nisi
823 2211 984 2251 stabilis
1006 2219 1045 2251 et
1066 2219 1265 2263 perpetua
1287 2211 1469 2251 societas
1499 2212 1735 2263 coniugalis

166 2275 401 2315 habeatur?

223 2342 356 2381 Facta
376 2342 674 2383 demonstratio
707 2343 885 2382 ostendit
915 2343 1081 2395 quidem
1103 2343 1314 2383 vinculum
1345 2345 1577 2396 coniugale,
1600 2357 1673 2396 per
1693 2357 1738 2384 se

165 2413 411 2459 spectatum,
441 2407 727 2448 indissolubile
749 2422 843 2448 esse
864 2409 951 2448 iure
968 2415 1156 2448 naturae.
1180 2409 1459 2449 Nihilominus
1489 2409 1733 2461 contingere

161 2481 338 2527 possunt
358 2480 520 2523 eventa,
543 2488 615 2527 pro
633 2475 781 2527 quibus
801 2476 908 2514 haec
924 2475 1270 2516 indissolubilitas
1291 2490 1372 2516 non
1394 2477 1496 2515 satis
1518 2476 1730 2516 evidenter

162 2545 373 2592 appareat.
399 2540 467 2579 «Si
489 2539 818 2588 consideramus,
834 2540 966 2592 inquit
982 2540 1274 2588 Bellarminus,
1292 2541 1602 2581 matrimonium
1620 2547 1662 2580 ut
1678 2541 1732 2580 of-

160 2603 301 2642 ficium
324 2609 499 2643 naturae
530 2604 583 2643 ad
604 2604 919 2655 propagandam
940 2603 1148 2650 sobolem,
1170 2615 1297 2655 aegre
1327 2609 1464 2654 potest
1492 2604 1607 2644 reddi
1628 2604 1734 2643 ratio

164 2682 237 2707 cur
266 2670 317 2709 ob
339 2668 599 2709 sterilitatem
622 2669 813 2722 coniugis
843 2682 927 2709 non
947 2669 1071 2708 liceat
1093 2682 1185 2708 eam
1216 2668 1419 2709 dimittere
1448 2676 1488 2709 et
1508 2670 1634 2709 aliam
1665 2670 1731 2708 clu-

165 2744 259 2771 cere
280 2734 354 2783 (1).
374 2748 393 2771 »
417 2733 530 2773 Idem
552 2733 714 2774 dicatur
735 2733 769 2772 si
791 2733 944 2772 coniux
963 2739 1160 2784 perpetuo
1183 2733 1327 2772 morbo
1348 2734 1559 2774 laboraret
1580 2739 1651 2773 aut
1671 2746 1735 2773 so-

165 2795 274 2834 cium
293 2796 496 2837 malitiose
518 2797 738 2838 desereret.
760 2797 849 2836 Etsi
879 2796 987 2836 enim
1011 2796 1063 2834 ad
1093 2803 1233 2835 cetera
1262 2796 1529 2837 incommoda
1559 2809 1728 2850 genera-

208 2880 259 2919 (1)
279 2880 334 2912 De
355 2880 611 2920 Matrimonio,
632 2883 654 2914 l.
678 2884 707 2921 1,
730 2893 760 2917 c,
780 2884 808 2915 4.
