1970 3203
184 167 260 206 112
352 178 507 206 ETHICA
525 178 700 205 -CAPUT
730 178 782 204 111.
812 176 865 203 DE
895 176 1044 203 NORMA
1076 176 1352 203 OPERATIONIS
1381 175 1588 203 HUMANAE:

179 253 324 301 maior,
354 251 436 292 nisi
466 253 519 292 ad
549 250 838 292 certitudinem
868 255 1079 302 assurgat,
1099 249 1319 290 seientiam
1341 262 1424 289 non
1445 247 1670 296 eonstituit;
1712 261 1764 288 ae

178 318 354 371 proinde
383 318 521 370 legem
548 317 705 356 nullam
735 316 868 356 affert.
899 315 980 356 Ubi
1014 320 1153 369 autem
1183 315 1252 354 lex
1281 314 1395 354 nulla
1424 319 1503 362 est,
1534 318 1678 353 manet
1706 313 1760 352 li-

178 384 331 424 bertas.
363 384 420 424 Ut
450 382 553 422 nihil
584 381 719 421 dicam
749 381 799 421 de
827 379 1138 434 perturbatione
1167 378 1353 419 maxima
1382 383 1423 418 et
1451 377 1664 430 perpetuis
1685 390 1756 417 an-

177 450 343 503 gustiis,
367 462 473 502 quae
494 449 537 487 in
566 447 752 487 animum
781 447 1024 500 irreperent;
1056 446 1090 486 si
1120 459 1204 485 non
1232 444 1355 484 modo
1386 457 1439 484 ex
1469 443 1658 491 consilio,
1680 443 1756 483 sed

181 515 307 555 etiam
339 528 390 555 ex
421 513 677 565 obligatione
708 513 1030 566 probabiliorem
1059 511 1310 553 sententiam
1354 510 1472 563 sequi
1508 516 1760 550 teneremur.

181 579 318 631 Saepe
349 577 459 618 enim
490 577 777 617 difficillimum
807 584 871 617 est
900 577 1071 617 definire
1101 576 1196 629 quid
1226 574 1364 627 magis
1393 574 1605 627 probabile
1626 574 1691 621 sit,
1714 584 1755 613 et

181 645 224 684 in
252 644 454 697 gradibus
483 643 787 697 probabilitatis
808 643 1041 683 statuendis
1062 642 1147 682 fere
1167 648 1267 695 quot
1296 646 1393 682 sunt
1413 641 1564 693 capita,
1585 647 1644 681 tot
1663 646 1764 681 sunt

184 711 431 752 sententiae.
455 711 534 751 His
555 711 681 751 etiarn
702 710 866 750 accedit
886 709 1130 761 contingere
1152 720 1471 759 saepenumero,
1494 713 1537 746 ut
1556 707 1666 759 quod
1688 706 1759 747 uni

186 776 445 830 probabilius
472 783 658 830 apparet,
679 777 720 816 id
738 776 875 815 minus
896 774 1108 828 probabile
1128 773 1180 813 ab
1202 774 1333 813 altero
1363 772 1581 813 iudicetur.
1605 773 1757 819 Quare,

188 844 224 883 si
254 844 297 884 in
326 845 419 896 lege
448 857 533 884 non
563 851 703 891 certa,
735 848 833 882 ante
862 841 1146 894 operationem
1164 873 1172 888 ‚
1204 838 1484 879 definiendum
1521 846 1632 879 esset
1662 838 1759 891 quid

187 909 326 961 magis
355 908 568 961 probabile
598 908 662 955 sit;
693 919 874 946 onerosa
903 905 1027 944 nimis
1057 910 1097 944 et
1125 917 1284 956 anceps
1313 909 1354 943 et
1383 902 1607 943 anxietatis
1638 903 1762 954 plena

188 975 348 1016 homini
378 975 525 1028 regula
554 973 847 1025 imponeretur,
868 985 974 1025 quae
996 971 1038 1010 in
1059 970 1224 1023 agendo
1244 969 1316 1008 vix
1337 975 1408 1008 aut
1428 982 1481 1008 ne
1501 969 1570 1008 vix
1593 968 1759 1021 quidem

188 1040 282 1080 usui
313 1045 439 1080 esset.
469 1038 589 1085 Quod
616 1046 755 1077 autern
787 1038 869 1077 tale
900 1042 974 1085 est,
997 1049 1022 1075 a
1051 1033 1363 1087 sapientissimo
1393 1032 1634 1086 legislatore
1664 1045 1765 1084 pro-

192 1104 327 1146 ficisci
359 1117 444 1144 non
474 1109 623 1156 potest.

827 1480 932 1507 FINIS
963 1478 1141 1505 ETHICAE
