1970 3203
234 193 312 234 376
923 209 1118 236 1NDEx

235 283 337 317 CAP.
389 281 427 316 ΙΙ.
455 282 507 316 ΒΕ
532 291 726 319 SOCIETATE
745 293 857 319 C1V1111.
884 285 978 327 Quid
1004 287 1154 322 societas
1172 288 1598 329 civilis—Tractationis
1616 306 1704 340 par-

501 343 1803 391 titio...............;.Pa.217

233 401 323 435 ΛΒΤ.
406 401 430 435 Ι.
457 401 509 435 De
534 404 705 436 naturali
728 403 885 437 hominis
909 393 1114 439 socialitate.
1139 406 1254 441 Error
1279 411 1558 453 protestantium
1578 366 1708 460 —Syg-

482 465 596 496 stema
624 461 794 496 Hobbesii
812 482 856 489 —
876 462 1039 509 systema
1065 465 1252 502 Rousseau
1265 494 1625 508 .......
1689 486 1708 508 >>
1736 472 1805 509 218

258 520 368 556 PROP.
398 520 427 555 1.
455 521 620 555 Hobbcsii
641 526 796 565 systema
820 523 1026 558 absurdum
1050 530 1102 558 est
1143 551 1620 567 .........
1684 546 1704 567 >>
1732 534 1804 569 220

303 594 322 615 >>
397 582 429 617 2.
456 582 672 617 Absurdum
697 588 748 617 est
771 589 928 628 systema
953 585 1166 621 Rousseavii
1210 615 1217 622 .
1269 616 1276 623 .
1320 616 1328 624 .
1383 617 1390 624 .
1439 618 1446 625 .
1499 619 1506 627 .
1558 620 1566 627 .
1615 621 1622 629 .
1685 607 1705 629 »
1732 595 1800 631 221

300 655 320 676 »
394 642 427 678 3.
456 643 572 677 Homo
598 644 740 678 socialis
765 649 817 679 est
841 651 980 680 natura
1004 658 1074 681 sua
1085 674 1623 689 ..........
1687 668 1706 690 >>
1733 656 1804 691 222

454 701 662 736 Solvuntur
686 702 924 748 difficultates
967 731 1620 747 ............
1681 727 1701 748 >>
1728 715 1799 750 225

227 760 318 795 ART.
385 759 425 794 II.
456 760 554 798 Quid
578 762 812 796 socialitatem
840 763 998 797 hominis
1022 765 1071 798 ad
1086 770 1208 799 actum
1234 767 1392 802 reducat.
1412 768 1631 815 Exquiritur
1648 771 1707 806 fa-

498 825 597 855 ctum
623 822 794 867 aliquod.
846 849 853 857 .
904 850 911 858 .
962 850 971 858 .
1022 850 1029 858 .
1079 851 1087 859 .
1139 836 1148 859 :
1198 852 1619 865 ........
1683 843 1702 866 »
1729 833 1800 869 228

248 881 360 917 PROP.
388 880 418 916 1.
446 882 563 917 Homo
583 894 652 928 per
675 883 818 929 factum
841 887 964 930 ipsum
989 882 1226 929 exsistentiae,
1251 899 1365 933 quam
1389 891 1523 935 recipit,
1541 891 1581 925 in
1597 893 1707 926 socie-

496 948 566 976 tate
590 954 675 977 cum
699 944 784 977 aliis
807 945 933 989 aliquo
966 945 1071 978 modo
1096 947 1330 981 constituitur
1379 974 1387 982 .
1425 974 1446 990 ,.
1498 974 1505 982 .
1557 975 1564 983 .
1617 976 1624 984 .
1685 962 1704 985 ›>
1737 951 1799 988 ibi.

295 1015 315 1037 »
389 1003 422 1039 2.
450 1005 607 1039 Factum
638 1006 811 1039 naturale
836 1011 869 1039 et
888 1008 1172 1052 primiqenium,
1204 1019 1227 1041 a
1257 1019 1329 1054 quo
1354 1011 1501 1044 societas
1525 1012 1640 1045 civilis
1665 1013 1704 1046 in

491 1070 651 1099 concreto
677 1067 855 1110 oriyinem
880 1066 990 1110 ducit,
1016 1072 1068 1101 est
1091 1069 1171 1112 ipsa
1195 1068 1428 1113 familiarum
1444 1081 1489 1104 eoe
1505 1070 1628 1105 eodem
1644 1074 1706 1106 sti-

487 1128 561 1172 pite
579 1128 798 1171 propaqatio
848 1153 1619 1167 ..............
1681 1145 1700 1167 >>
1728 1133 1799 1169 229

444 1187 652 1222 Solvuntur
676 1186 908 1233 difficultates
962 1215 1618 1227 ............
1680 1205 1701 1228 »
1728 1193 1799 1230 230

220 1246 310 1281 ART.
358 1245 415 1280 ΙΙΙ.
442 1246 494 1280 De
516 1247 592 1291 fine
616 1248 792 1281 societatis
811 1248 990 1292 politicae.
1018 1246 1191 1282 Gravitas
1208 1249 1431 1294 quaestionis
1446 1268 1489 1275 —
1505 1249 1703 1295 Opiniones

487 1306 610 1340 variae
666 1332 674 1339 .
724 1332 732 1339 .
784 1331 791 1340 .
845 1332 851 1339 .
903 1332 912 1339 .
963 1332 970 1340 .
1022 1333 1029 1340 .
1082 1331 1090 1339 .
1142 1332 1150 1339 .
1202 1333 1209 1340 .
1260 1333 1267 1341 .
1319 1333 1326 1340 .
1378 1333 1385 1341 .
1438 1334 1446 1341 .
1499 1335 1506 1342 .
1552 1319 1561 1342 t
1611 1333 1620 1342 .
1681 1320 1701 1342 >>
1727 1307 1794 1343 231

242 1364 355 1400 PROP.
387 1363 415 1399 1.
443 1366 549 1399 Finis
568 1365 737 1410 politicae
760 1367 933 1398 societatis
959 1367 1087 1410 reponi
1108 1367 1237 1411 nequit
1252 1368 1290 1400 in
1309 1373 1441 1402 mutua
1467 1370 1704 1402 coarctatione

485 1430 519 1458 et
544 1425 737 1458 harmonia
764 1424 935 1458 libertatis
968 1450 1624 1462 ............
1673 1439 1692 1460 »
1721 1426 1791 1462 233

285 1494 305 1517 >>
379 1482 413 1517 2.
440 1482 546 1516 Finis
571 1484 745 1517 societatis
766 1482 879 1516 civilis
896 1487 948 1517 est
963 1483 1101 1517 bonum
1117 1494 1310 1518 commune
1325 1490 1529 1528 aeternum,
1548 1487 1701 1521 ordina-

488 1547 567 1576 tum
593 1542 642 1576 ad
667 1543 867 1585 internum,
893 1548 926 1577 et
950 1543 1232 1578 subordinatum
1256 1546 1385 1579 ultimo
1408 1546 1481 1591 fini
1493 1573 1500 1581 .
1550 1572 1558 1580 .
1610 1574 1616 1581 .
1678 1559 1698 1581 »
1726 1546 1796 1583 235

442 1600 648 1635 Solvuntur
680 1602 911 1648 difficultates
961 1627 1265 1639 ......
1316 1631 1323 1646 ,
1375 1631 1618 1640 .....
1680 1617 1699 1639 »
1727 1605 1798 1641 236

215 1659 305 1694 ART.
354 1660 413 1695 IV.
440 1660 493 1693 De
518 1665 707 1703 structura
732 1663 908 1696 societatis
926 1663 1105 1707 politicae.
1133 1663 1404 1708 Argumentum
1433 1690 1442 1699 .
1495 1692 1502 1700 .
1554 1688 1566 1701 0
1613 1693 1622 1701 .
1682 1677 1702 1699 »
1729 1665 1799 1701 239

238 1720 349 1754 PRoP.
379 1718 410 1754 1·
437 1720 627 1755 Elementa
651 1723 857 1756 essentialia
882 1724 1056 1757 societatis
1080 1729 1170 1758 sunt
1194 1725 1394 1759 multitudo
1420 1730 1453 1759 et
1477 1727 1697 1768 auctoritas,

486 1794 550 1817 seu
576 1783 716 1817 subditi
738 1788 772 1817 et
794 1785 962 1828 superior
1011 1811 1609 1821 ...........
1670 1798 1690 1820 >>
1730 1787 1792 1822 ibi.

283 1855 303 1877 »
377 1842 410 1878 2.
436 1843 637 1878 Multitudo
669 1845 812 1878 socialis
836 1846 1006 1890 proxime
1037 1857 1112 1879 non
1143 1851 1284 1880 constat
1307 1848 1475 1892 personis
1508 1849 1699 1893 separatis,

482 1905 545 1939 sed
574 1905 729 1950 familiis
779 1931 1613 1952 ...............
1675 1920 1695 1942 »
1723 1908 1792 1945 240

281 1974 300 1997 >>
377 1962 409 1998 3.
441 1963 654 1998 Constitutio
686 1964 872 1998 naturalis
898 1965 1074 1999 societatis
1100 1965 1198 1999 dehet
1221 1978 1294 2001 esse
1318 1969 1491 2012 oryanica
1515 1978 1591 2002 non
1618 1969 1694 2002 ine-

483 2024 636 2058 chanica
659 2050 1610 2063 .................
1675 2039 1695 2062 »
1722 2026 1788 2063 241

436 2086 644 2120 Solvuntur
669 2086 908 2131 difficultates
957 2113 1610 2122 ............
1673 2099 1692 2121 >>
1720 2087 1790 2123 242

214 2148 306 2181 AR'r.
362 2145 405 2180 V.
432 2146 484 2180 De
509 2156 680 2191 suprema
699 2150 875 2190 potestate
901 2145 1007 2178 civili.
1036 2144 1130 2186 Quid
1157 2147 1315 2190 potestas
1341 2146 1697 2192 suprema—Error

482 2202 766 2254 protestantium
780 2226 824 2232 —
843 2205 1002 2241 Theoria
1026 2205 1239 2240 Rousseavii
1251 2232 1613 2243 .......
1674 2218 1695 2242 »
1721 2206 1790 2243 244

237 2268 350 2304 PROP.
379 2267 410 2303 1.
446 2268 598 2302 Theoria
624 2267 848 2309 Rousseavii,
873 2266 1011 2300 civilem
1036 2268 1286 2306 auctoritatem
1313 2277 1357 2300 eoo
1384 2272 1572 2301 contractu
1597 2267 1695 2301 deri-

482 2338 585 2369 vans,
611 2326 772 2360 absurda
797 2330 850 2359 est
897 2350 1612 2360 .............
1673 2337 1692 2359 »
1720 2325 1790 2361 246

283 2399 302 2422 >>
378 2387 411 2422 2.
441 2387 563 2421 Civilis
583 2390 754 2430 potestas,
775 2396 845 2430 per
869 2395 906 2418 se
930 2390 1098 2430 spectata,
1123 2397 1146 2418 a
1171 2385 1244 2419 Deo
1262 2385 1466 2419 immediate
1483 2385 1649 2431 procedit
1672 2397 1692 2419 7)
1718 2384 1788 2421 248

287 2461 306 2482 2»
383 2447 417 2483 3.
450 2448 579 2490 Causa,
606 2458 699 2492 quae
723 2446 924 2480 subiectum
944 2446 1112 2491 politicae
1136 2446 1363 2480 auctoritatis
1387 2446 1606 2489 determinet,
1626 2458 1695 2493 per

482 2519 518 2542 se
534 2512 587 2542 est
594 2507 848 2552 praevalentia
864 2507 958 2540 iuris
968 2507 1277 2551 praeeoesistentis,
1295 2512 1458 2551 respectu
1476 2506 1693 2541 multitudi-

481 2568 540 2600 nis
557 2566 798 2608 ordinandae;
820 2577 888 2611 per
909 2566 1073 2599 accidens
1091 2576 1171 2601 vero
1188 2570 1239 2601 est
1255 2567 1435 2600 sociorum
1449 2576 1644 2600 consensus
1669 2576 1688 2599 >³
1716 2563 1785 2599 249

280 2667 285 2671 Α
438 2625 643 2658 Solvuntur
668 2624 904 2669 difficultates
955 2650 1610 2660 ............
1670 2635 1690 2657 »
1717 2622 1788 2658 252

211 2684 302 2719 ART.
347 2682 404 2718 VI.
445 2683 496 2716 De
523 2683 830 2716 Sclzolasticorum
856 2685 1033 2717 sententia
1056 2684 1180 2729 quoad
1204 2685 1402 2719 subiectum
1419 2694 1609 2730 supremae
1624 2693 1692 2727 po-

486 2747 621 2779 testatis
640 2745 818 2791 politicae.
846 2744 935 2779 Eius
960 2744 1155 2790 explicatio
1170 2763 1206 2772 -
1227 2744 1259 2778 Α
1276 2745 1457 2780 sententia
1482 2742 1695 2779 Rousseavii

482 2804 640 2838 maxime
666 2804 788 2839 differt
806 2823 851 2831 -
869 2803 1008 2838 satisfit
1032 2803 1299 2839 obiectionibus
1303 2828 1605 2838 ......
1667 2813 1687 2835 »
1715 2800 1784 2835 255

260 2876 279 2899 J>
331 2865 405 2900 VII.
433 2865 485 2899 De
510 2866 659 2899 diversis
683 2866 872 2910 reqiminis
896 2865 1036 2910 formis.
1065 2864 1162 2906 Quid
1187 2865 1303 2899 forma
1328 2863 1519 2908 regiminis
1534 2881 1577 2890 ——
1593 2863 1689 2906 Quot

483 2924 616 2970 species
657 2949 1604 2959 .................
1666 2935 1685 2957 »
1713 2921 1782 2956 259
