1970 3203
346 242 482 269 CAPUT
509 240 563 266 111.
592 241 645 267 DE
674 241 903 269 socmTATE
933 243 1164 280 RELIGIOSA,
1194 245 1379 273 NlMlRUM
1408 247 1605 275 ECCLESIA
1679 236 1756 277 307

187 313 312 353 huius
329 313 439 353 vitae
455 313 530 353 sed
545 313 728 362 alterius,
751 328 856 366 quae
878 321 1062 359 eternum
1086 323 1148 357 est
1170 318 1378 359 duratura.
1393 320 1474 369 Sic,
1496 327 1581 360 tota
1601 328 1756 374 quanta

192 379 314 419 estin
344 379 615 419 relationibus
635 388 837 429 versatur,
860 395 965 434 quae
993 395 1072 422 nos
1101 384 1208 423 inter
1237 391 1277 425 et
1308 386 1441 425 Deum
1470 386 1754 436 intercedunt;

181 458 232 484 ac
261 445 296 484 si
326 458 394 484 res
424 444 530 484 alias
558 457 629 485 aut
657 452 798 486 cetera
827 448 937 487 vitae
967 447 1089 489 huius
1118 451 1288 502 negotia
1315 452 1498 505 respicit,
1528 454 1570 492 in
1592 460 1753 494 tantum

179 509 361 562 respicit,
389 510 431 548 in
462 516 660 562 quantum
692 511 746 550 ad
773 513 899 552 finem
929 512 1042 551 illum
1073 514 1213 566 aliqua
1233 516 1394 556 ratione
1414 517 1658 566 referuntur,
1679 524 1752 558 aut

180 573 326 613 referri
355 587 381 612 a
409 573 530 614 nobis
558 581 745 626 possunt.
776 576 818 615 Is
846 576 972 627 igitur
1001 590 1156 629 scopus
1181 586 1244 619 est
1273 581 1485 621 societatis
1514 583 1752 635 religiosae,

180 639 344 680 etiamsi
360 639 470 680 intra
491 645 665 679 naturae
688 641 900 680 cancellos
929 641 1228 684 consideretur.
1252 645 1298 683 Id
1315 647 1440 685 etiarn
1461 660 1635 699 scopum
1657 662 1752 688 con-

179 704 310 746 stituit
339 706 556 758 religionis
592 707 828 756 revelatae,
857 707 901 745 in
931 708 1124 748 Ecclesia
1154 722 1178 748 a
1209 710 1376 751 Christo
1413 713 1626 763 instituta;
1666 716 1748 755 hoc

179 777 321 811 tamen
338 772 588 820 discrimine,
610 773 719 825 quod
735 772 775 811 in
792 773 874 812 hac
895 773 990 813 finis
1011 774 1064 813 ad
1083 774 1283 824 ordinem,
1301 784 1451 818 natura
1471 780 1669 820 universa
1690 794 1754 821 su-

180 838 398 889 periorem,
429 845 600 879 evectus
628 838 695 886 sit,
717 838 783 890 qui
800 839 841 878 in
862 839 955 891 ipsa
974 829 1166 879 intui'tiva
1188 840 1263 879 Dei
1284 840 1443 882 visione
1474 843 1677 892 consistit,
1700 858 1752 884 ac

180 901 352 953 proinde
374 902 521 942 mediis
542 902 675 942 eidem
697 903 1031 955 proportionatis‚
1061 904 1176 944 Fidei
1205 917 1354 956 nempe
1385 912 1424 945 et
1443 908 1616 958 gratiae,
1641 909 1750 948 obti-

178 967 266 1006 neri
287 966 446 1013 debeat;
463 972 547 1004 tum
563 966 700 1006 cultus
717 968 805 1006 Deo
822 968 1099 1018 praestandus
1130 981 1213 1007 non
1237 968 1564 1022 quibuscumque
1585 973 1750 1012 actibus

179 1037 220 1070 et
247 1029 406 1078 ritibus,
437 1029 511 1068 sed
540 1029 702 1069 actibus
732 1036 772 1069 et
799 1029 946 1070 ritibus
975 1044 1001 1070 a
1030 1032 1118 1071 Deo
1149 1032 1328 1072 definitis
1358 1040 1617 1074 exerceatur.

230 1096 318 1135 119.
347 1096 473 1134 Error
501 1094 808 1134 nonnullorum.
840 1095 946 1135 Sunt
974 1095 1054 1147 qui,
1084 1096 1318 1136 catholicos
1347 1109 1393 1136 se
1423 1110 1517 1137 esse
1554 1098 1751 1138 simulan-

176 1165 252 1207 tes,
283 1171 456 1209 scopum
488 1157 704 1197 Ecclesiae
734 1170 787 1196 ex
815 1157 1010 1210 religioso
1040 1158 1082 1197 in
1113 1159 1277 1199 civilem
1308 1167 1421 1200 etex
1442 1161 1582 1201 divino
1603 1162 1646 1201 in
1669 1164 1751 1202 hu-

177 1233 346 1260 manum
364 1226 612 1261 convertere
632 1226 841 1272 satagunt.
861 1221 982 1261 Unde
999 1235 1147 1262 sacros
1166 1223 1383 1264 Ministros
1401 1225 1622 1277 obiurgant
1642 1228 1752 1279 quod

176 1286 356 1326 libertati
375 1286 622 1338 populorum
647 1286 936 1337 procurandae
958 1287 1191 1340 ceterisque
1214 1289 1346 1329 civilis
1368 1292 1558 1331 culturae
1580 1292 1751 1332 circulis

179 1351 486 1404 amplificandis
514 1364 598 1390 non
629 1351 725 1390 dent
754 1364 937 1403 operam,
968 1353 1042 1392 sed
1070 1353 1112 1392 in
1142 1359 1357 1394 aeternam
1379 1357 1596 1397 dumtaxat
1611 1359 1749 1398 homi-

178 1431 277 1457 num
307 1418 485 1457 salutem
514 1423 554 1457 et
583 1416 767 1456 divinum
797 1418 1040 1471 obsequium
1070 1422 1399 1471 promovendum
1423 1423 1680 1463 incumbant.
1702 1425 1748 1464 Id

177 1490 390 1536 tamquam
419 1483 613 1524 vitiosum
643 1484 939 1523 mz'stc'cz'smztm
970 1485 1188 1534 damnant;
1229 1500 1324 1526 cum
1364 1487 1601 1529 felicitatem
1641 1496 1748 1529 tem-

178 1549 388 1600 porariam
419 1554 459 1589 et
487 1548 697 1601 politicam
727 1549 867 1588 dicant
896 1563 992 1590 esse
1022 1550 1131 1589 viam
1148 1552 1202 1590 ad
1235 1551 1474 1592 beatitatem
1510 1559 1748 1604 aeternam,

176 1620 218 1653 et
246 1614 457 1654 criterium
491 1627 571 1666 quo
601 1628 701 1654 vera
730 1615 875 1667 religio
904 1615 1177 1658 discernatur.
1209 1617 1349 1663 Quare
1394 1618 1748 1660 christianismum

176 1680 342 1721 civilem
372 1688 411 1721 et
441 1680 717 1720 catholicismi
747 1682 1093 1721 restaurationem
1123 1683 1375 1734 praedicant.

230 1747 310 1787 Hic
332 1760 459 1795 error,
483 1746 550 1798 qui
573 1746 759 1786 Gioberti
789 1747 1051 1799 potissimum
1081 1758 1431 1800 propugnatorem
1453 1750 1590 1798 habet,
1612 1757 1747 1791 ortum

175 1810 291 1849 duxit
312 1823 338 1849 a
358 1809 709 1858 Sansimonianis;
727 1810 795 1862 qui
813 1809 1068 1850 christianae
1085 1810 1275 1862 religioni
1292 1811 1392 1852 vitio
1409 1819 1621 1854 vertentes
1637 1816 1747 1867 quod

173 1874 389 1913 terrestria
418 1873 528 1912 bona
557 1878 810 1920 contemnat,
842 1873 967 1911 aliam
998 1873 1075 1925 ipsi
1105 1874 1396 1913 sufficiendam
1428 1885 1750 1927 proposuerunt,

173 1951 279 1990 quae
301 1938 538 1977 huiusmodi
558 1937 668 1976 bona
688 1937 832 1977 sedulo
854 1944 1133 1986 consectetur,
1156 1944 1195 1978 et
1216 1938 1315 1977 nihil
1338 1940 1507 1979 humani
1528 1954 1554 1980 a
1574 1955 1619 1981 se
1650 1943 1749 1984 alie-

173 2016 271 2042 num
293 2008 419 2055 putet.
451 2002 533 2042 Sed
561 2015 686 2054 quam
707 2002 833 2041 stulta
853 2001 905 2041 sit
925 2002 1030 2042 haec
1053 2001 1204 2054 opinio,
1228 2002 1414 2054 pluribus
1435 2004 1636 2055 explicari
1657 2020 1742 2046 non

173 2181 238 2212 che
260 2182 411 2222 potesse
434 2179 632 2216 muoverlQ
655 2187 695 2210 se
711 2187 780 2210 non
802 2177 901 2210 forse
916 2177 950 2209 di
964 2178 1139 2218 prendere
1156 2179 1355 2220 l'opinione,
1373 2180 1406 2212 la
1424 2181 1596 2222 religione
1614 2183 1744 2225 de'pit‘i,

173 2242 192 2264 e
216 2231 382 2265 cristiano
407 2231 585 2272 palesarsi
608 2231 774 2271 l'Impero
797 2229 859 2270 poi
880 2231 976 2262 tutto
999 2228 1135 2262 intiero.
1158 2231 1186 2262 E
1210 2231 1328 2271 quindi
1352 2231 1502 2272 (benche
1519 2243 1587 2266 non
1605 2234 1657 2266 sia
1671 2235 1745 2267 isti-

172 2287 250 2317 tuto
274 2285 344 2317 mio
369 2285 402 2317 di
425 2285 627 2326 persuader
649 2292 819 2320 nessuno,
841 2292 900 2315 rna
922 2283 1133 2321 solamente,
1157 2285 1270 2316 com’e
1295 2285 1416 2325 d’ogni
1439 2287 1586 2324 storico,
1609 2288 1643 2320 di
1666 2298 1745 2330 pre-

172 2342 316 2372 sentare
339 2339 389 2379 gli
412 2338 525 2372 eventi
550 2338 607 2370 col
630 2340 808 2370 carattere
832 2337 896 2369 che
921 2337 950 2369 ci
975 2337 1004 2369 si
1020 2338 1136 2377 vede),
1153 2338 1273 2378 quindi
1288 2339 1400 2379 parmi
1415 2342 1520 2380 poter
1535 2344 1660 2375 notare
1677 2344 1741 2376 che

171 2393 268 2423 tutta
292 2393 423 2430 questa
445 2390 536 2422 serie
560 2389 594 2422 di
618 2389 732 2422 eventi
754 2388 1042 2421 innaturalissimi
1057 2398 1125 2422 non
1140 2393 1226 2431 pote
1243 2392 1438 2424 succedere
1455 2402 1495 2425 se
1510 2403 1579 2426 non
1595 2404 1744 2436 sopran-

170 2440 444 2478 naturalmente,
466 2450 531 2482 per
553 2440 816 2473 intervenzione
840 2440 920 2473 dico
944 2441 1204 2474 straordinaria
1227 2452 1245 2474 e
1269 2443 1458 2476 manifesta
1487 2446 1582 2478 della
1603 2449 1745 2488 provvi-

171 2495 285 2527 denza
308 2493 443 2530 divina,
473 2502 512 2525 se
535 2502 605 2525 non
627 2493 750 2533 voglia
778 2492 902 2524 taluno
936 2501 1068 2532 negare
1100 2502 1121 2525 o
1144 2493 1166 2525 l'
1181 2494 1362 2527 esistenza
1385 2505 1406 2527 o
1430 2496 1464 2528 la
1486 2500 1642 2537 potenza
1665 2509 1685 2531 o
1709 2500 1744 2531 la

169 2549 412 2590 provvidenza
436 2549 470 2580 di
493 2547 569 2580 Dio.
597 2548 633 2579 S.
656 2547 836 2588 Agostino
861 2557 879 2579 e
903 2547 1028 2584 Dante,
1051 2547 1120 2579 due
1144 2547 1199 2579 dei
1222 2548 1280 2589 piu
1304 2549 1430 2589 grandi
1464 2550 1596 2584 filosofi
1620 2554 1746 2586 storici

169 2600 235 2632 che
258 2600 357 2633 siano
382 2599 468 2632 stati
493 2599 573 2637 mai,
598 2608 734 2640 posero
759 2598 832 2630 essi
857 2601 988 2638 questo
1013 2598 1180 2631 dilemma
1202 2600 1236 2632 di
1252 2601 1316 2633 che
1332 2610 1402 2633 non
1419 2602 1545 2635 s’esce:
1563 2604 1593 2636 O
1611 2608 1742 2644 questa

170 2652 441 2694 propagazione
466 2652 525 2684 del
548 2652 824 2689 Cristianesimo,
848 2652 912 2683 che
936 2650 1088 2683 sarebbe
1113 2654 1212 2684 stata
1226 2652 1420 2686 innaturale
1437 2655 1469 2687 in
1489 2656 1571 2696 ogni
1588 2660 1656 2694 eta,
1674 2658 1739 2690 che

168 2707 206 2739 fu
229 2706 531 2738 innaturalissima
552 2706 584 2738 111
608 2707 738 2746 questa
761 2705 856 2737 della
877 2704 1050 2737 massima
1073 2705 1213 2737 coitura
1235 2706 1370 2746 antica,
1392 2708 1429 2740 fu
1453 2709 1576 2742 effetto
1601 2711 1655 2742 dei
1679 2711 1742 2743 mi-

168 2760 280 2792 racoli
304 2760 368 2792 che
390 2768 611 2801 persuasero
635 2758 645 2790 i
669 2757 868 2795 convertiti‚
891 2767 1024 2790 ovvero
1048 2766 1204 2790 avenne
1227 2757 1250 2790 il
1265 2758 1437 2793 miracolo
1453 2762 1642 2802 maggiore
1659 2764 1742 2797 d'un

170 2812 261 2845 fatto
287 2813 527 2853 grandissimo
551 2811 791 2853 adempiutosi
813 2813 939 2843 contro
963 2821 984 2842 a
1006 2812 1098 2843 tutte
1120 2810 1153 2843 le
1177 2811 1316 2852 cagioni
1351 2814 1524 2852 naturali,
1548 2825 1593 2847 un
1617 2817 1741 2850 effetto

171 2875 280 2898 senza
303 2875 426 2906 causa;
451 2877 470 2899 e
492 2866 622 2898 nell'un
646 2875 732 2898 caso
757 2875 776 2897 e
799 2865 979 2897 nell'altro
1003 2864 1025 2896 il
1044 2864 1135 2897 fatto
1161 2866 1178 2896 e
1197 2868 1504 2907 soprannaturale,
1520 2868 1554 2900 la
1569 2869 1742 2911 religi0ne

172 2921 317 2952 sortane
341 2921 359 2951 e
382 2918 542 2958 rivelata,
565 2919 688 2952 divina.
712 2932 728 2950 »
753 2917 967 2951 Sornmario
992 2916 1225 2950 dell'Istoria
1247 2917 1417 2957 d'Italicc,
1440 2920 1458 2951 l.
1484 2921 1512 2959 3,
1535 2921 1552 2962 g
1576 2922 1614 2954 ΙΙ.
