<?xml version="1.0" encoding="UTF-8"?>
<!DOCTYPE html PUBLIC "-//W3C//DTD XHTML 1.0 Transitional//EN"
    "http://www.w3.org/TR/xhtml1/DTD/xhtml1-transitional.dtd">
<html xmlns="http://www.w3.org/1999/xhtml" xml:lang="en" lang="en">
 <head>
  <title>
</title>
<meta http-equiv="Content-Type" content="text/html;charset=utf-8" />
  <meta name='ocr-system' content='tesseract 3.04.00' />
  <meta name='ocr-capabilities' content='ocr_page ocr_carea ocr_par ocr_line ocrx_word'/>
</head>
<body>
  <div class='ocr_page' id='page_1' title='image "./institutioneseth00libe_0289.png"; bbox 0 0 1970 3203; ppageno 0'>
   <div class='ocr_carea' id='block_1_1' title="bbox 543 221 1676 261">
    <p class='ocr_par' dir='ltr' id='par_1_1' title="bbox 543 221 1676 261">
     <span class='ocr_line' id='line_1_1' title="bbox 543 221 1676 261; baseline 0.001 -3"><span class='ocrx_word' id='word_1_1' title='bbox 543 232 678 258; x_wconf 83' lang='lat' dir='ltr'>CAPUT</span> <span class='ocrx_word' id='word_1_2' title='bbox 710 233 746 260; x_wconf 84' lang='grc' dir='ltr'>Π.</span> <span class='ocrx_word' id='word_1_3' title='bbox 779 231 831 258; x_wconf 84' lang='lat' dir='ltr'>DE</span> <span class='ocrx_word' id='word_1_4' title='bbox 862 233 1091 260; x_wconf 87' lang='lat' dir='ltr'>SOCIETATE</span> <span class='ocrx_word' id='word_1_5' title='bbox 1123 234 1239 260; x_wconf 82' lang='lat' dir='ltr'>CIVILI</span> <span class='ocrx_word' id='word_1_6' title='bbox 1599 221 1676 261; x_wconf 71' lang='lat'>‘285</span> 
     </span>
    </p>
   </div>
   <div class='ocr_carea' id='block_1_2' title="bbox 105 309 1680 1656">
    <p class='ocr_par' dir='ltr' id='par_1_2' title="bbox 105 309 1680 1205">
     <span class='ocr_line' id='line_1_2' title="bbox 167 309 1680 361; baseline -0.001 -12"><span class='ocrx_word' id='word_1_7' title='bbox 167 311 345 356; x_wconf 81' lang='lat' dir='ltr'>Poenae,</span> <span class='ocrx_word' id='word_1_8' title='bbox 379 309 516 360; x_wconf 88' lang='lat' dir='ltr'>quoad</span> <span class='ocrx_word' id='word_1_9' title='bbox 545 309 632 349; x_wconf 88' lang='lat' dir='ltr'>fieri</span> <span class='ocrx_word' id='word_1_10' title='bbox 654 315 804 361; x_wconf 87' lang='lat' dir='ltr'>potest,</span> <span class='ocrx_word' id='word_1_11' title='bbox 836 310 917 349; x_wconf 91' lang='lat' dir='ltr'>sint</span> <span class='ocrx_word' id='word_1_12' title='bbox 937 310 1070 350; x_wconf 85' lang='lat' dir='ltr'>mites.</span> <span class='ocrx_word' id='word_1_13' title='bbox 1102 311 1231 350; x_wconf 83' lang='lat' dir='ltr'>Recte</span> <span class='ocrx_word' id='word_1_14' title='bbox 1251 310 1360 349; x_wconf 87' lang='lat' dir='ltr'>enim</span> <span class='ocrx_word' id='word_1_15' title='bbox 1382 309 1680 349; x_wconf 88' lang='lat' dir='ltr'>animadvertit</span> 
     </span>
     <span class='ocr_line' id='line_1_3' title="bbox 106 374 1678 428; baseline 0.001 -14"><span class='ocrx_word' id='word_1_16' title='bbox 106 374 403 427; x_wconf 86' lang='lat' dir='ltr'>Montesquieu</span> <span class='ocrx_word' id='word_1_17' title='bbox 426 388 568 414; x_wconf 87' lang='lat' dir='ltr'>earum</span> <span class='ocrx_word' id='word_1_18' title='bbox 585 375 876 415; x_wconf 85' lang='lat' dir='ltr'>efficacitatem</span> <span class='ocrx_word' id='word_1_19' title='bbox 900 389 1153 427; x_wconf 80' lang='lat' dir='ltr'>magnopere</span> <span class='ocrx_word' id='word_1_20' title='bbox 1174 376 1227 415; x_wconf 88' lang='lat' dir='ltr'>ab</span> <span class='ocrx_word' id='word_1_21' title='bbox 1244 376 1551 416; x_wconf 75' lang='lat' dir='ltr'>existimatione</span> <span class='ocrx_word' id='word_1_22' title='bbox 1573 389 1678 428; x_wconf 83' lang='lat' dir='ltr'>pen-</span> 
     </span>
     <span class='ocr_line' id='line_1_4' title="bbox 111 440 1677 494; baseline 0.001 -16"><span class='ocrx_word' id='word_1_23' title='bbox 111 440 218 488; x_wconf 88' lang='lat' dir='ltr'>dere,</span> <span class='ocrx_word' id='word_1_24' title='bbox 240 445 279 479; x_wconf 88' lang='lat' dir='ltr'>et</span> <span class='ocrx_word' id='word_1_25' title='bbox 299 440 537 492; x_wconf 89' lang='lat' dir='ltr'>plerumque</span> <span class='ocrx_word' id='word_1_26' title='bbox 559 441 712 479; x_wconf 86' lang='lat' dir='ltr'>malum</span> <span class='ocrx_word' id='word_1_27' title='bbox 733 442 856 493; x_wconf 79' lang='lat' dir='ltr'>longe</span> <span class='ocrx_word' id='word_1_28' title='bbox 873 440 1016 489; x_wconf 89' lang='lat' dir='ltr'>levius,</span> <span class='ocrx_word' id='word_1_29' title='bbox 1038 441 1160 481; x_wconf 90' lang='lat' dir='ltr'>modo</span> <span class='ocrx_word' id='word_1_30' title='bbox 1181 448 1224 481; x_wconf 90' lang='lat' dir='ltr'>ut</span> <span class='ocrx_word' id='word_1_31' title='bbox 1245 455 1381 493; x_wconf 90' lang='lat' dir='ltr'>poena</span> <span class='ocrx_word' id='word_1_32' title='bbox 1402 441 1677 494; x_wconf 68' lang='lat' dir='ltr'>concipiatur,</span> 
     </span>
     <span class='ocr_line' id='line_1_5' title="bbox 109 503 1672 556; baseline 0.001 -13"><span class='ocrx_word' id='word_1_33' title='bbox 109 503 298 543; x_wconf 88' lang='lat' dir='ltr'>eumdem</span> <span class='ocrx_word' id='word_1_34' title='bbox 322 510 538 555; x_wconf 85' lang='lat' dir='ltr'>praestare</span> <span class='ocrx_word' id='word_1_35' title='bbox 554 505 746 543; x_wconf 80' lang='lat' dir='ltr'>effectum</span> <span class='ocrx_word' id='word_1_36' title='bbox 764 517 813 543; x_wconf 90' lang='lat' dir='ltr'>ac</span> <span class='ocrx_word' id='word_1_37' title='bbox 829 504 983 542; x_wconf 88' lang='lat' dir='ltr'>malum</span> <span class='ocrx_word' id='word_1_38' title='bbox 1002 503 1186 555; x_wconf 84' lang='lat' dir='ltr'>gravius,</span> <span class='ocrx_word' id='word_1_39' title='bbox 1217 504 1323 556; x_wconf 85' lang='lat' dir='ltr'>quod</span> <span class='ocrx_word' id='word_1_40' title='bbox 1340 511 1504 556; x_wconf 88' lang='lat' dir='ltr'>propter</span> <span class='ocrx_word' id='word_1_41' title='bbox 1521 518 1672 545; x_wconf 87' lang='lat' dir='ltr'>assue-</span> 
     </span>
     <span class='ocr_line' id='line_1_6' title="bbox 108 566 1674 620; baseline 0.001 -14"><span class='ocrx_word' id='word_1_42' title='bbox 108 566 290 606; x_wconf 88' lang='lat' dir='ltr'>tudinem</span> <span class='ocrx_word' id='word_1_43' title='bbox 311 567 429 618; x_wconf 89' lang='lat' dir='ltr'>parvi</span> <span class='ocrx_word' id='word_1_44' title='bbox 446 568 517 606; x_wconf 88' lang='lat' dir='ltr'>fiat</span> <span class='ocrx_word' id='word_1_45' title='bbox 533 569 753 620; x_wconf 88' lang='lat' dir='ltr'>(1).Atque</span> <span class='ocrx_word' id='word_1_46' title='bbox 774 568 814 606; x_wconf 92' lang='lat' dir='ltr'>id</span> <span class='ocrx_word' id='word_1_47' title='bbox 830 580 879 606; x_wconf 90' lang='lat' dir='ltr'>eo</span> <span class='ocrx_word' id='word_1_48' title='bbox 896 567 1044 619; x_wconf 83' lang='lat' dir='ltr'>magis,</span> <span class='ocrx_word' id='word_1_49' title='bbox 1056 580 1135 619; x_wconf 91' lang='lat' dir='ltr'>quo</span> <span class='ocrx_word' id='word_1_50' title='bbox 1154 569 1327 620; x_wconf 89' lang='lat' dir='ltr'>populus</span> <span class='ocrx_word' id='word_1_51' title='bbox 1344 568 1491 607; x_wconf 85' lang='lat' dir='ltr'>maiori</span> <span class='ocrx_word' id='word_1_52' title='bbox 1507 569 1674 608; x_wconf 86' lang='lat' dir='ltr'>cultura</span> 
     </span>
     <span class='ocr_line' id='line_1_7' title="bbox 111 630 1677 682; baseline 0.001 -13"><span class='ocrx_word' id='word_1_53' title='bbox 111 630 298 678; x_wconf 88' lang='lat' dir='ltr'>donatur,</span> <span class='ocrx_word' id='word_1_54' title='bbox 319 643 368 669; x_wconf 85' lang='lat' dir='ltr'>ac</span> <span class='ocrx_word' id='word_1_55' title='bbox 391 630 471 669; x_wconf 80' lang='lat' dir='ltr'>vim</span> <span class='ocrx_word' id='word_1_56' title='bbox 494 631 726 670; x_wconf 71' lang='lat' dir='ltr'>honestatis</span> <span class='ocrx_word' id='word_1_57' title='bbox 743 630 921 670; x_wconf 77' lang='lat' dir='ltr'>vividius</span> <span class='ocrx_word' id='word_1_58' title='bbox 942 630 1223 682; x_wconf 79' lang='lat' dir='ltr'>apprehendit.</span> <span class='ocrx_word' id='word_1_59' title='bbox 1249 632 1380 670; x_wconf 85' lang='lat' dir='ltr'>Secus</span> <span class='ocrx_word' id='word_1_60' title='bbox 1411 631 1538 670; x_wconf 88' lang='lat' dir='ltr'>nimia</span> <span class='ocrx_word' id='word_1_61' title='bbox 1557 644 1677 671; x_wconf 89' lang='lat' dir='ltr'>seve-</span> 
     </span>
     <span class='ocr_line' id='line_1_8' title="bbox 109 694 1667 747; baseline 0 -13"><span class='ocrx_word' id='word_1_62' title='bbox 109 694 231 734; x_wconf 84' lang='lat' dir='ltr'>ritate</span> <span class='ocrx_word' id='word_1_63' title='bbox 253 706 404 734; x_wconf 87' lang='lat' dir='ltr'>sensus</span> <span class='ocrx_word' id='word_1_64' title='bbox 421 695 557 746; x_wconf 91' lang='lat' dir='ltr'>populi</span> <span class='ocrx_word' id='word_1_65' title='bbox 576 695 825 743; x_wconf 88' lang='lat' dir='ltr'>obtunditur,</span> <span class='ocrx_word' id='word_1_66' title='bbox 847 701 886 734; x_wconf 87' lang='lat' dir='ltr'>et</span> <span class='ocrx_word' id='word_1_67' title='bbox 902 694 1055 733; x_wconf 87' lang='lat' dir='ltr'>frustra</span> <span class='ocrx_word' id='word_1_68' title='bbox 1073 695 1172 733; x_wconf 90' lang='lat' dir='ltr'>mali</span> <span class='ocrx_word' id='word_1_69' title='bbox 1194 695 1463 747; x_wconf 73' lang='lat' dir='ltr'>prodigalitas</span> <span class='ocrx_word' id='word_1_70' title='bbox 1493 695 1667 735; x_wconf 88' lang='lat' dir='ltr'>adhibe-</span> 
     </span>
     <span class='ocr_line' id='line_1_9' title="bbox 107 760 1671 814; baseline 0.001 -15"><span class='ocrx_word' id='word_1_71' title='bbox 107 765 184 799; x_wconf 86' lang='lat' dir='ltr'>tur.</span> <span class='ocrx_word' id='word_1_72' title='bbox 203 762 369 799; x_wconf 87' lang='lat' dir='ltr'>Morum</span> <span class='ocrx_word' id='word_1_73' title='bbox 388 761 592 800; x_wconf 83' lang='lat' dir='ltr'>relaxatio</span> <span class='ocrx_word' id='word_1_74' title='bbox 608 773 691 800; x_wconf 92' lang='lat' dir='ltr'>non</span> <span class='ocrx_word' id='word_1_75' title='bbox 707 766 790 799; x_wconf 84' lang='lat' dir='ltr'>tam</span> <span class='ocrx_word' id='word_1_76' title='bbox 809 774 834 799; x_wconf 89' lang='lat' dir='ltr'>a</span> <span class='ocrx_word' id='word_1_77' title='bbox 850 760 1018 800; x_wconf 86' lang='lat' dir='ltr'>lenitate</span> <span class='ocrx_word' id='word_1_78' title='bbox 1035 773 1274 812; x_wconf 87' lang='lat' dir='ltr'>poenarum,</span> <span class='ocrx_word' id='word_1_79' title='bbox 1291 774 1413 813; x_wconf 87' lang='lat' dir='ltr'>quam</span> <span class='ocrx_word' id='word_1_80' title='bbox 1430 762 1482 800; x_wconf 88' lang='lat' dir='ltr'>ab</span> <span class='ocrx_word' id='word_1_81' title='bbox 1500 762 1671 814; x_wconf 90' lang='lat' dir='ltr'>impuni-</span> 
     </span>
     <span class='ocr_line' id='line_1_10' title="bbox 108 824 1676 877; baseline 0.001 -14"><span class='ocrx_word' id='word_1_82' title='bbox 108 829 191 864; x_wconf 88' lang='lat' dir='ltr'>tate</span> <span class='ocrx_word' id='word_1_83' title='bbox 209 824 452 863; x_wconf 78' lang='lat' dir='ltr'>delictorum</span> <span class='ocrx_word' id='word_1_84' title='bbox 471 825 855 864; x_wconf 66' lang='lat' dir='ltr'>oriturCavendum</span> <span class='ocrx_word' id='word_1_85' title='bbox 873 832 1013 864; x_wconf 88' lang='lat' dir='ltr'>tamen</span> <span class='ocrx_word' id='word_1_86' title='bbox 1030 832 1093 865; x_wconf 89' lang='lat' dir='ltr'>est</span> <span class='ocrx_word' id='word_1_87' title='bbox 1109 837 1160 863; x_wconf 91' lang='lat' dir='ltr'>ne</span> <span class='ocrx_word' id='word_1_88' title='bbox 1177 824 1591 877; x_wconf 84' lang='lat' dir='ltr'>contrariopeccetur</span> <span class='ocrx_word' id='word_1_89' title='bbox 1607 838 1676 864; x_wconf 78' lang='lat' dir='ltr'>ex-</span> 
     </span>
     <span class='ocr_line' id='line_1_11' title="bbox 107 889 1671 942; baseline 0 -14"><span class='ocrx_word' id='word_1_90' title='bbox 107 896 252 938; x_wconf 88' lang='lat' dir='ltr'>tremo,</span> <span class='ocrx_word' id='word_1_91' title='bbox 270 889 304 929; x_wconf 89' lang='lat' dir='ltr'>si</span> <span class='ocrx_word' id='word_1_92' title='bbox 321 903 480 941; x_wconf 88' lang='lat' dir='ltr'>poenae</span> <span class='ocrx_word' id='word_1_93' title='bbox 499 897 743 937; x_wconf 81' lang='lat' dir='ltr'>statuantur,</span> <span class='ocrx_word' id='word_1_94' title='bbox 764 903 870 942; x_wconf 89' lang='lat' dir='ltr'>quae</span> <span class='ocrx_word' id='word_1_95' title='bbox 887 890 1025 930; x_wconf 88' lang='lat' dir='ltr'>socios</span> <span class='ocrx_word' id='word_1_96' title='bbox 1042 903 1068 929; x_wconf 84' lang='lat' dir='ltr'>a</span> <span class='ocrx_word' id='word_1_97' title='bbox 1083 890 1295 941; x_wconf 86' lang='lat' dir='ltr'>patrandis</span> <span class='ocrx_word' id='word_1_98' title='bbox 1317 890 1569 929; x_wconf 82' lang='lat' dir='ltr'>facinoribus</span> <span class='ocrx_word' id='word_1_99' title='bbox 1588 904 1671 929; x_wconf 90' lang='lat' dir='ltr'>non</span> 
     </span>
     <span class='ocr_line' id='line_1_12' title="bbox 108 955 1673 1008; baseline -0.001 -13"><span class='ocrx_word' id='word_1_100' title='bbox 108 955 211 995; x_wconf 83' lang='lat' dir='ltr'>satis</span> <span class='ocrx_word' id='word_1_101' title='bbox 228 955 473 1003; x_wconf 82' lang='lat' dir='ltr'>deterreant,</span> <span class='ocrx_word' id='word_1_102' title='bbox 488 961 559 994; x_wconf 89' lang='lat' dir='ltr'>aut</span> <span class='ocrx_word' id='word_1_103' title='bbox 574 969 655 994; x_wconf 89' lang='lat' dir='ltr'>non</span> <span class='ocrx_word' id='word_1_104' title='bbox 669 956 874 995; x_wconf 85' lang='lat' dir='ltr'>retineant</span> <span class='ocrx_word' id='word_1_105' title='bbox 888 956 1069 995; x_wconf 85' lang='lat' dir='ltr'>debitam</span> <span class='ocrx_word' id='word_1_106' title='bbox 1086 969 1179 995; x_wconf 89' lang='lat' dir='ltr'>cum</span> <span class='ocrx_word' id='word_1_107' title='bbox 1189 955 1338 995; x_wconf 89' lang='lat' dir='ltr'>delicto</span> <span class='ocrx_word' id='word_1_108' title='bbox 1350 956 1673 1008; x_wconf 86' lang='lat' dir='ltr'>proportionem.</span> 
     </span>
     <span class='ocr_line' id='line_1_13' title="bbox 107 1020 1675 1073; baseline -0.001 -12"><span class='ocrx_word' id='word_1_109' title='bbox 107 1022 164 1061; x_wconf 93' lang='lat' dir='ltr'>Ut</span> <span class='ocrx_word' id='word_1_110' title='bbox 181 1020 290 1061; x_wconf 90' lang='lat' dir='ltr'>enim</span> <span class='ocrx_word' id='word_1_111' title='bbox 309 1034 360 1060; x_wconf 80' lang='lat' dir='ltr'>ex</span> <span class='ocrx_word' id='word_1_112' title='bbox 378 1020 500 1060; x_wconf 88' lang='lat' dir='ltr'>dictis</span> <span class='ocrx_word' id='word_1_113' title='bbox 521 1031 703 1073; x_wconf 83' lang='lat' dir='ltr'>apparet,</span> <span class='ocrx_word' id='word_1_114' title='bbox 726 1035 861 1073; x_wconf 87' lang='lat' dir='ltr'>poena</span> <span class='ocrx_word' id='word_1_115' title='bbox 877 1035 959 1061; x_wconf 88' lang='lat' dir='ltr'>non</span> <span class='ocrx_word' id='word_1_116' title='bbox 976 1022 1098 1061; x_wconf 92' lang='lat' dir='ltr'>modo</span> <span class='ocrx_word' id='word_1_117' title='bbox 1119 1021 1171 1061; x_wconf 91' lang='lat' dir='ltr'>ad</span> <span class='ocrx_word' id='word_1_118' title='bbox 1187 1022 1431 1062; x_wconf 86' lang='lat' dir='ltr'>societatem</span> <span class='ocrx_word' id='word_1_119' title='bbox 1453 1035 1477 1060; x_wconf 87' lang='lat' dir='ltr'>a</span> <span class='ocrx_word' id='word_1_120' title='bbox 1493 1021 1675 1061; x_wconf 89' lang='lat' dir='ltr'>redituro</span> 
     </span>
     <span class='ocr_line' id='line_1_14' title="bbox 105 1085 1673 1133; baseline -0.001 -7"><span class='ocrx_word' id='word_1_121' title='bbox 105 1085 279 1126; x_wconf 91' lang='lat' dir='ltr'>crimine</span> <span class='ocrx_word' id='word_1_122' title='bbox 303 1086 614 1133; x_wconf 86' lang='lat' dir='ltr'>defendendam,</span> <span class='ocrx_word' id='word_1_123' title='bbox 645 1087 717 1126; x_wconf 89' lang='lat' dir='ltr'>sed</span> <span class='ocrx_word' id='word_1_124' title='bbox 740 1087 862 1126; x_wconf 88' lang='lat' dir='ltr'>etiam</span> <span class='ocrx_word' id='word_1_125' title='bbox 889 1087 941 1125; x_wconf 90' lang='lat' dir='ltr'>ad</span> <span class='ocrx_word' id='word_1_126' title='bbox 962 1086 1158 1126; x_wconf 84' lang='lat' dir='ltr'>violatum</span> <span class='ocrx_word' id='word_1_127' title='bbox 1180 1087 1364 1126; x_wconf 87' lang='lat' dir='ltr'>ordinem</span> <span class='ocrx_word' id='word_1_128' title='bbox 1388 1087 1673 1127; x_wconf 88' lang='lat' dir='ltr'>ulciscendum</span> 
     </span>
     <span class='ocr_line' id='line_1_15' title="bbox 105 1151 1673 1205; baseline 0.001 -14"><span class='ocrx_word' id='word_1_129' title='bbox 105 1151 299 1204; x_wconf 85' lang='lat' dir='ltr'>exigitur.</span> <span class='ocrx_word' id='word_1_130' title='bbox 334 1151 469 1197; x_wconf 80' lang='lat' dir='ltr'>Quare</span> <span class='ocrx_word' id='word_1_131' title='bbox 491 1165 572 1191; x_wconf 91' lang='lat' dir='ltr'>non</span> <span class='ocrx_word' id='word_1_132' title='bbox 596 1153 729 1192; x_wconf 83' lang='lat' dir='ltr'>solum</span> <span class='ocrx_word' id='word_1_133' title='bbox 750 1153 966 1205; x_wconf 50' lang='lat' dir='ltr'>defensata</span> <span class='ocrx_word' id='word_1_134' title='bbox 988 1159 1062 1198; x_wconf 90' lang='lat' dir='ltr'>est,</span> <span class='ocrx_word' id='word_1_135' title='bbox 1094 1165 1234 1191; x_wconf 88' lang='lat' dir='ltr'>verum</span> <span class='ocrx_word' id='word_1_136' title='bbox 1259 1153 1380 1192; x_wconf 86' lang='lat' dir='ltr'>etiam</span> <span class='ocrx_word' id='word_1_137' title='bbox 1405 1153 1673 1193; x_wconf 71' lang='lat' dir='ltr'>rz&#39;nclz‘cativa.</span> 
     </span>
    </p>

    <p class='ocr_par' dir='ltr' id='par_1_3' title="bbox 105 1215 1674 1656">
     <span class='ocr_line' id='line_1_16' title="bbox 156 1215 1671 1268; baseline 0.001 -12"><span class='ocrx_word' id='word_1_138' title='bbox 156 1216 218 1256; x_wconf 86' lang='lat'>94.</span> <span class='ocrx_word' id='word_1_139' title='bbox 249 1217 305 1256; x_wconf 87' lang='lat' dir='ltr'>De</span> <span class='ocrx_word' id='word_1_140' title='bbox 328 1227 462 1267; x_wconf 84' lang='lat' dir='ltr'>poena</span> <span class='ocrx_word' id='word_1_141' title='bbox 482 1217 664 1268; x_wconf 83' lang='lat' dir='ltr'>capitali.</span> <span class='ocrx_word' id='word_1_142' title='bbox 695 1218 830 1268; x_wconf 81' lang='lat' dir='ltr'>Atque</span> <span class='ocrx_word' id='word_1_143' title='bbox 860 1215 928 1255; x_wconf 92' lang='lat' dir='ltr'>hic</span> <span class='ocrx_word' id='word_1_144' title='bbox 950 1223 1203 1268; x_wconf 88' lang='lat' dir='ltr'>opportunus</span> <span class='ocrx_word' id='word_1_145' title='bbox 1224 1217 1341 1256; x_wconf 86' lang='lat' dir='ltr'>locus</span> <span class='ocrx_word' id='word_1_146' title='bbox 1371 1218 1515 1258; x_wconf 85' lang='lat' dir='ltr'>incidit</span> <span class='ocrx_word' id='word_1_147' title='bbox 1545 1218 1671 1258; x_wconf 87' lang='lat' dir='ltr'>disse-</span> 
     </span>
     <span class='ocr_line' id='line_1_17' title="bbox 108 1279 1670 1333; baseline 0.001 -15"><span class='ocrx_word' id='word_1_148' title='bbox 108 1279 227 1318; x_wconf 91' lang='lat' dir='ltr'>rendi</span> <span class='ocrx_word' id='word_1_149' title='bbox 258 1279 306 1318; x_wconf 92' lang='lat' dir='ltr'>de</span> <span class='ocrx_word' id='word_1_150' title='bbox 327 1291 462 1331; x_wconf 86' lang='lat' dir='ltr'>poena</span> <span class='ocrx_word' id='word_1_151' title='bbox 492 1280 653 1332; x_wconf 85' lang='lat' dir='ltr'>capitis,</span> <span class='ocrx_word' id='word_1_152' title='bbox 684 1288 830 1320; x_wconf 90' lang='lat' dir='ltr'>contra</span> <span class='ocrx_word' id='word_1_153' title='bbox 850 1294 973 1332; x_wconf 87' lang='lat' dir='ltr'>quam</span> <span class='ocrx_word' id='word_1_154' title='bbox 1003 1280 1153 1320; x_wconf 87' lang='lat' dir='ltr'>acriter</span> <span class='ocrx_word' id='word_1_155' title='bbox 1182 1281 1433 1333; x_wconf 85' lang='lat' dir='ltr'>disputatum</span> <span class='ocrx_word' id='word_1_156' title='bbox 1456 1289 1518 1321; x_wconf 86' lang='lat' dir='ltr'>est</span> <span class='ocrx_word' id='word_1_157' title='bbox 1548 1290 1587 1323; x_wconf 90' lang='lat' dir='ltr'>et</span> <span class='ocrx_word' id='word_1_158' title='bbox 1609 1283 1670 1321; x_wconf 82' lang='lat' dir='ltr'>di-</span> 
     </span>
     <span class='ocr_line' id='line_1_18' title="bbox 111 1346 1671 1403; baseline 0.002 -18"><span class='ocrx_word' id='word_1_159' title='bbox 111 1351 298 1398; x_wconf 88' lang='lat' dir='ltr'>sputatur</span> <span class='ocrx_word' id='word_1_160' title='bbox 318 1360 343 1386; x_wconf 88' lang='lat' dir='ltr'>a</span> <span class='ocrx_word' id='word_1_161' title='bbox 360 1346 579 1403; x_wconf 80' lang='lat' dir='ltr'>nonnullis.</span> <span class='ocrx_word' id='word_1_162' title='bbox 613 1346 815 1386; x_wconf 85' lang='lat' dir='ltr'>Beccaria</span> <span class='ocrx_word' id='word_1_163' title='bbox 831 1347 939 1385; x_wconf 88' lang='lat' dir='ltr'>enim</span> <span class='ocrx_word' id='word_1_164' title='bbox 957 1352 997 1386; x_wconf 88' lang='lat' dir='ltr'>et</span> <span class='ocrx_word' id='word_1_165' title='bbox 1018 1347 1223 1386; x_wconf 87' lang='lat' dir='ltr'>Bentham</span> <span class='ocrx_word' id='word_1_166' title='bbox 1246 1354 1283 1387; x_wconf 90' lang='lat' dir='ltr'>et</span> <span class='ocrx_word' id='word_1_167' title='bbox 1303 1348 1470 1387; x_wconf 79' lang='lat' dir='ltr'>Ahrens</span> <span class='ocrx_word' id='word_1_168' title='bbox 1491 1349 1556 1389; x_wconf 88' lang='lat' dir='ltr'>ius</span> <span class='ocrx_word' id='word_1_169' title='bbox 1579 1363 1671 1389; x_wconf 85' lang='lat' dir='ltr'>earn</span> 
     </span>
     <span class='ocr_line' id='line_1_19' title="bbox 110 1410 1669 1465; baseline 0.003 -16"><span class='ocrx_word' id='word_1_170' title='bbox 110 1410 329 1462; x_wconf 83' lang='lat' dir='ltr'>infligendi</span> <span class='ocrx_word' id='word_1_171' title='bbox 359 1411 527 1450; x_wconf 89' lang='lat' dir='ltr'>omnino</span> <span class='ocrx_word' id='word_1_172' title='bbox 558 1411 777 1463; x_wconf 81' lang='lat' dir='ltr'>denegant,</span> <span class='ocrx_word' id='word_1_173' title='bbox 808 1411 955 1463; x_wconf 90' lang='lat' dir='ltr'>quibus</span> <span class='ocrx_word' id='word_1_174' title='bbox 985 1424 1140 1463; x_wconf 82' lang='lat' dir='ltr'>magna</span> <span class='ocrx_word' id='word_1_175' title='bbox 1160 1411 1291 1459; x_wconf 86' lang='lat' dir='ltr'>turba,</span> <span class='ocrx_word' id='word_1_176' title='bbox 1322 1419 1456 1452; x_wconf 86' lang='lat' dir='ltr'>aetate</span> <span class='ocrx_word' id='word_1_177' title='bbox 1487 1427 1669 1465; x_wconf 87' lang='lat' dir='ltr'>praeser-</span> 
     </span>
     <span class='ocr_line' id='line_1_20' title="bbox 105 1474 1672 1528; baseline 0.002 -15"><span class='ocrx_word' id='word_1_178' title='bbox 105 1474 177 1514; x_wconf 89' lang='lat' dir='ltr'>tim</span> <span class='ocrx_word' id='word_1_179' title='bbox 199 1480 353 1524; x_wconf 84' lang='lat' dir='ltr'>nostra,</span> <span class='ocrx_word' id='word_1_180' title='bbox 384 1477 650 1528; x_wconf 81' lang='lat' dir='ltr'>suffragatur.</span> <span class='ocrx_word' id='word_1_181' title='bbox 682 1477 733 1514; x_wconf 83' lang='lat' dir='ltr'>At</span> <span class='ocrx_word' id='word_1_182' title='bbox 763 1475 804 1514; x_wconf 91' lang='lat' dir='ltr'>hi</span> <span class='ocrx_word' id='word_1_183' title='bbox 825 1488 995 1527; x_wconf 87' lang='lat' dir='ltr'>prorsus</span> <span class='ocrx_word' id='word_1_184' title='bbox 1024 1475 1197 1527; x_wconf 86' lang='lat' dir='ltr'>ineptire</span> <span class='ocrx_word' id='word_1_185' title='bbox 1228 1476 1390 1515; x_wconf 83' lang='lat' dir='ltr'>dicendi</span> <span class='ocrx_word' id='word_1_186' title='bbox 1422 1484 1530 1516; x_wconf 86' lang='lat' dir='ltr'>sunt.</span> <span class='ocrx_word' id='word_1_187' title='bbox 1566 1479 1672 1516; x_wconf 84' lang='lat' dir='ltr'>Nam</span> 
     </span>
     <span class='ocr_line' id='line_1_21' title="bbox 108 1538 1671 1594; baseline 0.003 -17"><span class='ocrx_word' id='word_1_188' title='bbox 108 1538 175 1578; x_wconf 89' lang='lat' dir='ltr'>ius</span> <span class='ocrx_word' id='word_1_189' title='bbox 207 1539 429 1578; x_wconf 88' lang='lat' dir='ltr'>adhibendi</span> <span class='ocrx_word' id='word_1_190' title='bbox 459 1552 636 1592; x_wconf 86' lang='lat' dir='ltr'>poenam</span> <span class='ocrx_word' id='word_1_191' title='bbox 667 1540 886 1592; x_wconf 82' lang='lat' dir='ltr'>capitalem</span> <span class='ocrx_word' id='word_1_192' title='bbox 917 1539 1104 1579; x_wconf 86' lang='lat' dir='ltr'>societati</span> <span class='ocrx_word' id='word_1_193' title='bbox 1135 1541 1355 1581; x_wconf 86' lang='lat' dir='ltr'>detrectari</span> <span class='ocrx_word' id='word_1_194' title='bbox 1398 1542 1564 1581; x_wconf 86' lang='lat' dir='ltr'>minime</span> <span class='ocrx_word' id='word_1_195' title='bbox 1595 1556 1671 1594; x_wconf 90' lang='lat' dir='ltr'>po-</span> 
     </span>
     <span class='ocr_line' id='line_1_22' title="bbox 107 1603 1674 1656; baseline 0.001 -13"><span class='ocrx_word' id='word_1_196' title='bbox 107 1610 199 1653; x_wconf 80' lang='lat' dir='ltr'>test3</span> <span class='ocrx_word' id='word_1_197' title='bbox 231 1610 352 1656; x_wconf 89' lang='lat' dir='ltr'>atque</span> <span class='ocrx_word' id='word_1_198' title='bbox 381 1603 423 1642; x_wconf 92' lang='lat' dir='ltr'>id</span> <span class='ocrx_word' id='word_1_199' title='bbox 452 1611 536 1642; x_wconf 88' lang='lat' dir='ltr'>tum</span> <span class='ocrx_word' id='word_1_200' title='bbox 566 1617 616 1644; x_wconf 80' lang='lat' dir='ltr'>ex</span> <span class='ocrx_word' id='word_1_201' title='bbox 647 1609 850 1653; x_wconf 88' lang='lat' dir='ltr'>conceptu</span> <span class='ocrx_word' id='word_1_202' title='bbox 880 1603 1048 1650; x_wconf 85' lang='lat' dir='ltr'>ordinis,</span> <span class='ocrx_word' id='word_1_203' title='bbox 1074 1604 1116 1642; x_wconf 91' lang='lat' dir='ltr'>in</span> <span class='ocrx_word' id='word_1_204' title='bbox 1146 1618 1225 1656; x_wconf 87' lang='lat' dir='ltr'>quo</span> <span class='ocrx_word' id='word_1_205' title='bbox 1249 1605 1384 1644; x_wconf 86' lang='lat' dir='ltr'>omnis</span> <span class='ocrx_word' id='word_1_206' title='bbox 1410 1618 1546 1656; x_wconf 87' lang='lat' dir='ltr'>poena</span> <span class='ocrx_word' id='word_1_207' title='bbox 1576 1605 1674 1645; x_wconf 86' lang='lat' dir='ltr'>fun-</span> 
     </span>
    </p>
   </div>
   <div class='ocr_carea' id='block_1_3' title="bbox 49 1666 1675 1719">
    <p class='ocr_par' dir='ltr' id='par_1_4' title="bbox 49 1666 1675 1719">
     <span class='ocr_line' id='line_1_23' title="bbox 49 1666 1675 1719; baseline 0.001 -11"><span class='ocrx_word' id='word_1_208' title='bbox 49 1696 55 1700; x_wconf 84' lang='lat'>·</span> <span class='ocrx_word' id='word_1_209' title='bbox 107 1670 240 1716; x_wconf 85' lang='lat' dir='ltr'>datur,</span> <span class='ocrx_word' id='word_1_210' title='bbox 271 1674 355 1707; x_wconf 92' lang='lat' dir='ltr'>tum</span> <span class='ocrx_word' id='word_1_211' title='bbox 378 1681 428 1707; x_wconf 80' lang='lat' dir='ltr'>ex</span> <span class='ocrx_word' id='word_1_212' title='bbox 450 1668 610 1707; x_wconf 87' lang='lat' dir='ltr'>ratione</span> <span class='ocrx_word' id='word_1_213' title='bbox 631 1668 822 1719; x_wconf 90' lang='lat' dir='ltr'>propriae</span> <span class='ocrx_word' id='word_1_214' title='bbox 844 1666 1096 1706; x_wconf 87' lang='lat' dir='ltr'>defensionis</span> <span class='ocrx_word' id='word_1_215' title='bbox 1121 1668 1342 1708; x_wconf 87' lang='lat' dir='ltr'>derivatur.</span> <span class='ocrx_word' id='word_1_216' title='bbox 1376 1669 1427 1708; x_wconf 90' lang='lat' dir='ltr'>Et</span> <span class='ocrx_word' id='word_1_217' title='bbox 1443 1682 1545 1709; x_wconf 89' lang='lat' dir='ltr'>sane</span> <span class='ocrx_word' id='word_1_218' title='bbox 1569 1676 1675 1709; x_wconf 87' lang='lat' dir='ltr'>atro-</span> 
     </span>
    </p>
   </div>
   <div class='ocr_carea' id='block_1_4' title="bbox 106 1733 1677 2824">
    <p class='ocr_par' dir='ltr' id='par_1_5' title="bbox 106 1733 1677 2824">
     <span class='ocr_line' id='line_1_24' title="bbox 107 1733 1674 1786; baseline 0.001 -12"><span class='ocrx_word' id='word_1_219' title='bbox 107 1735 174 1775; x_wconf 84' lang='lat' dir='ltr'>cia</span> <span class='ocrx_word' id='word_1_220' title='bbox 204 1735 405 1786; x_wconf 90' lang='lat' dir='ltr'>quaedam</span> <span class='ocrx_word' id='word_1_221' title='bbox 437 1733 594 1785; x_wconf 80' lang='lat' dir='ltr'>flagitia</span> <span class='ocrx_word' id='word_1_222' title='bbox 623 1734 776 1786; x_wconf 87' lang='lat' dir='ltr'>patrari</span> <span class='ocrx_word' id='word_1_223' title='bbox 798 1740 988 1786; x_wconf 88' lang='lat' dir='ltr'>poterunt</span> <span class='ocrx_word' id='word_1_224' title='bbox 1020 1733 1177 1786; x_wconf 80' lang='lat' dir='ltr'>(cogita</span> <span class='ocrx_word' id='word_1_225' title='bbox 1206 1734 1484 1786; x_wconf 86' lang='lat' dir='ltr'>parricidium,</span> <span class='ocrx_word' id='word_1_226' title='bbox 1517 1736 1674 1776; x_wconf 85' lang='lat' dir='ltr'>delibe—</span> 
     </span>
     <span class='ocr_line' id='line_1_25' title="bbox 107 1797 1677 1851; baseline 0 -13"><span class='ocrx_word' id='word_1_227' title='bbox 107 1805 242 1838; x_wconf 89' lang='lat' dir='ltr'>ratum</span> <span class='ocrx_word' id='word_1_228' title='bbox 273 1797 539 1837; x_wconf 87' lang='lat' dir='ltr'>homicidium</span> <span class='ocrx_word' id='word_1_229' title='bbox 558 1799 668 1849; x_wconf 87' lang='lat' dir='ltr'>etc.),</span> <span class='ocrx_word' id='word_1_230' title='bbox 699 1811 803 1850; x_wconf 86' lang='lat' dir='ltr'>quae</span> <span class='ocrx_word' id='word_1_231' title='bbox 825 1804 982 1838; x_wconf 90' lang='lat' dir='ltr'>tantam</span> <span class='ocrx_word' id='word_1_232' title='bbox 1011 1798 1330 1851; x_wconf 88' lang='lat' dir='ltr'>perversitatem</span> <span class='ocrx_word' id='word_1_233' title='bbox 1360 1799 1613 1846; x_wconf 86' lang='lat' dir='ltr'>contineant,</span> <span class='ocrx_word' id='word_1_234' title='bbox 1634 1807 1677 1838; x_wconf 88' lang='lat' dir='ltr'>ut</span> 
     </span>
     <span class='ocr_line' id='line_1_26' title="bbox 106 1863 1675 1917; baseline 0.001 -13"><span class='ocrx_word' id='word_1_235' title='bbox 106 1865 260 1904; x_wconf 90' lang='lat' dir='ltr'>nullius</span> <span class='ocrx_word' id='word_1_236' title='bbox 281 1864 450 1903; x_wconf 89' lang='lat' dir='ltr'>alterius</span> <span class='ocrx_word' id='word_1_237' title='bbox 482 1863 577 1903; x_wconf 90' lang='lat' dir='ltr'>boni</span> <span class='ocrx_word' id='word_1_238' title='bbox 599 1864 842 1905; x_wconf 87' lang='lat' dir='ltr'>detrimento</span> <span class='ocrx_word' id='word_1_239' title='bbox 873 1864 976 1904; x_wconf 88' lang='lat' dir='ltr'>satis</span> <span class='ocrx_word' id='word_1_240' title='bbox 1004 1864 1278 1912; x_wconf 53' lang='lat' dir='ltr'>vindiceatum</span> <span class='ocrx_word' id='word_1_241' title='bbox 1310 1864 1382 1903; x_wconf 87' lang='lat' dir='ltr'>sed</span> <span class='ocrx_word' id='word_1_242' title='bbox 1406 1865 1576 1904; x_wconf 86' lang='lat' dir='ltr'>omnino</span> <span class='ocrx_word' id='word_1_243' title='bbox 1597 1879 1675 1917; x_wconf 87' lang='lat' dir='ltr'>po-</span> 
     </span>
     <span class='ocr_line' id='line_1_27' title="bbox 108 1929 1673 1982; baseline 0 -12"><span class='ocrx_word' id='word_1_244' title='bbox 108 1931 275 1979; x_wconf 85' lang='lat' dir='ltr'>stulent,</span> <span class='ocrx_word' id='word_1_245' title='bbox 305 1937 348 1969; x_wconf 86' lang='lat' dir='ltr'>ut</span> <span class='ocrx_word' id='word_1_246' title='bbox 377 1930 443 1982; x_wconf 91' lang='lat' dir='ltr'>qui</span> <span class='ocrx_word' id='word_1_247' title='bbox 473 1943 517 1969; x_wconf 92' lang='lat' dir='ltr'>se</span> <span class='ocrx_word' id='word_1_248' title='bbox 548 1929 598 1969; x_wconf 85' lang='lat' dir='ltr'>iis</span> <span class='ocrx_word' id='word_1_249' title='bbox 626 1930 867 1982; x_wconf 87' lang='lat' dir='ltr'>inquinavit,</span> <span class='ocrx_word' id='word_1_250' title='bbox 898 1930 1080 1969; x_wconf 87' lang='lat' dir='ltr'>maximo</span> <span class='ocrx_word' id='word_1_251' title='bbox 1111 1931 1191 1969; x_wconf 88' lang='lat' dir='ltr'>hoc</span> <span class='ocrx_word' id='word_1_252' title='bbox 1221 1930 1341 1978; x_wconf 87' lang='lat' dir='ltr'>bono,</span> <span class='ocrx_word' id='word_1_253' title='bbox 1364 1931 1449 1969; x_wconf 68' lang='lat' dir='ltr'>vita</span> <span class='ocrx_word' id='word_1_254' title='bbox 1466 1931 1673 1980; x_wconf 90' lang='lat' dir='ltr'>nimirum,</span> 
     </span>
     <span class='ocr_line' id='line_1_28' title="bbox 107 1994 1673 2049; baseline 0 -13"><span class='ocrx_word' id='word_1_255' title='bbox 107 1996 213 2049; x_wconf 90' lang='lat' dir='ltr'>quod</span> <span class='ocrx_word' id='word_1_256' title='bbox 255 2002 485 2035; x_wconf 88' lang='lat' dir='ltr'>ceterorum</span> <span class='ocrx_word' id='word_1_257' title='bbox 516 1995 824 2034; x_wconf 82' lang='lat' dir='ltr'>fundamentum</span> <span class='ocrx_word' id='word_1_258' title='bbox 857 2000 943 2043; x_wconf 89' lang='lat' dir='ltr'>est,</span> <span class='ocrx_word' id='word_1_259' title='bbox 976 1994 1198 2046; x_wconf 88' lang='lat' dir='ltr'>spolietur,</span> <span class='ocrx_word' id='word_1_260' title='bbox 1231 2001 1271 2034; x_wconf 91' lang='lat' dir='ltr'>et</span> <span class='ocrx_word' id='word_1_261' title='bbox 1301 1995 1342 2035; x_wconf 90' lang='lat' dir='ltr'>in</span> <span class='ocrx_word' id='word_1_262' title='bbox 1374 2004 1617 2048; x_wconf 85' lang='lat' dir='ltr'>perpetuum</span> <span class='ocrx_word' id='word_1_263' title='bbox 1648 2012 1673 2036; x_wconf 91' lang='lat' dir='ltr'>a</span> 
     </span>
     <span class='ocr_line' id='line_1_29' title="bbox 111 2060 1672 2113; baseline 0 -11"><span class='ocrx_word' id='word_1_264' title='bbox 111 2062 311 2102; x_wconf 87' lang='lat' dir='ltr'>societate</span> <span class='ocrx_word' id='word_1_265' title='bbox 340 2062 536 2109; x_wconf 88' lang='lat' dir='ltr'>humana,</span> <span class='ocrx_word' id='word_1_266' title='bbox 565 2074 645 2113; x_wconf 89' lang='lat' dir='ltr'>qua</span> <span class='ocrx_word' id='word_1_267' title='bbox 674 2074 719 2100; x_wconf 90' lang='lat' dir='ltr'>se</span> <span class='ocrx_word' id='word_1_268' title='bbox 749 2060 912 2113; x_wconf 89' lang='lat' dir='ltr'>penitus</span> <span class='ocrx_word' id='word_1_269' title='bbox 941 2060 1154 2112; x_wconf 81' lang='lat' dir='ltr'>indignum</span> <span class='ocrx_word' id='word_1_270' title='bbox 1177 2061 1325 2109; x_wconf 82' lang='lat' dir='ltr'>effecit,</span> <span class='ocrx_word' id='word_1_271' title='bbox 1350 2068 1672 2102; x_wconf 85' lang='lat' dir='ltr'>summoveatur.</span> 
     </span>
     <span class='ocr_line' id='line_1_30' title="bbox 111 2124 1674 2177; baseline 0.001 -12"><span class='ocrx_word' id='word_1_272' title='bbox 111 2126 244 2166; x_wconf 87' lang='lat' dir='ltr'>Secus</span> <span class='ocrx_word' id='word_1_273' title='bbox 282 2126 389 2164; x_wconf 90' lang='lat' dir='ltr'>enim</span> <span class='ocrx_word' id='word_1_274' title='bbox 421 2125 525 2164; x_wconf 86' lang='lat' dir='ltr'>inter</span> <span class='ocrx_word' id='word_1_275' title='bbox 556 2125 748 2164; x_wconf 87' lang='lat' dir='ltr'>delictum</span> <span class='ocrx_word' id='word_1_276' title='bbox 780 2130 818 2164; x_wconf 87' lang='lat' dir='ltr'>et</span> <span class='ocrx_word' id='word_1_277' title='bbox 846 2137 1022 2176; x_wconf 88' lang='lat' dir='ltr'>poenam</span> <span class='ocrx_word' id='word_1_278' title='bbox 1065 2124 1320 2164; x_wconf 83' lang='lat' dir='ltr'>conveniens</span> <span class='ocrx_word' id='word_1_279' title='bbox 1350 2125 1560 2177; x_wconf 82' lang='lat' dir='ltr'>proportio</span> <span class='ocrx_word' id='word_1_280' title='bbox 1591 2140 1674 2166; x_wconf 89' lang='lat' dir='ltr'>non</span> 
     </span>
     <span class='ocr_line' id='line_1_31' title="bbox 109 2189 1672 2243; baseline 0.001 -14"><span class='ocrx_word' id='word_1_281' title='bbox 109 2191 406 2239; x_wconf 81' lang='lat' dir='ltr'>intercederet3</span> <span class='ocrx_word' id='word_1_282' title='bbox 440 2204 563 2243; x_wconf 84' lang='lat' dir='ltr'>quam</span> <span class='ocrx_word' id='word_1_283' title='bbox 594 2190 693 2229; x_wconf 88' lang='lat' dir='ltr'>ordo</span> <span class='ocrx_word' id='word_1_284' title='bbox 716 2189 907 2237; x_wconf 86' lang='lat' dir='ltr'>iustitiae,</span> <span class='ocrx_word' id='word_1_285' title='bbox 939 2189 1004 2229; x_wconf 89' lang='lat' dir='ltr'>cui</span> <span class='ocrx_word' id='word_1_286' title='bbox 1034 2189 1200 2241; x_wconf 89' lang='lat' dir='ltr'>publica</span> <span class='ocrx_word' id='word_1_287' title='bbox 1221 2190 1408 2242; x_wconf 75' lang='lat' dir='ltr'>providet</span> <span class='ocrx_word' id='word_1_288' title='bbox 1429 2192 1672 2240; x_wconf 85' lang='lat' dir='ltr'>auctoritas,</span> 
     </span>
     <span class='ocr_line' id='line_1_32' title="bbox 112 2256 1675 2310; baseline 0.002 -16"><span class='ocrx_word' id='word_1_289' title='bbox 112 2256 281 2296; x_wconf 91' lang='lat' dir='ltr'>omnino</span> <span class='ocrx_word' id='word_1_290' title='bbox 310 2256 482 2309; x_wconf 81' lang='lat' dir='ltr'>flagitat.</span> <span class='ocrx_word' id='word_1_291' title='bbox 515 2257 666 2304; x_wconf 81' lang='lat' dir='ltr'>Quare,</span> <span class='ocrx_word' id='word_1_292' title='bbox 695 2263 739 2297; x_wconf 88' lang='lat' dir='ltr'>ut</span> <span class='ocrx_word' id='word_1_293' title='bbox 767 2256 918 2308; x_wconf 87' lang='lat' dir='ltr'>liquido</span> <span class='ocrx_word' id='word_1_294' title='bbox 949 2256 1093 2304; x_wconf 88' lang='lat' dir='ltr'>fatear,</span> <span class='ocrx_word' id='word_1_295' title='bbox 1123 2257 1333 2296; x_wconf 88' lang='lat' dir='ltr'>molliores</span> <span class='ocrx_word' id='word_1_296' title='bbox 1353 2257 1408 2295; x_wconf 90' lang='lat' dir='ltr'>illi</span> <span class='ocrx_word' id='word_1_297' title='bbox 1440 2258 1675 2310; x_wconf 88' lang='lat' dir='ltr'>philosophi</span> 
     </span>
     <span class='ocr_line' id='line_1_33' title="bbox 111 2320 1673 2374; baseline 0.002 -16"><span class='ocrx_word' id='word_1_298' title='bbox 111 2320 177 2372; x_wconf 91' lang='lat' dir='ltr'>qui</span> <span class='ocrx_word' id='word_1_299' title='bbox 208 2332 382 2372; x_wconf 84' lang='lat' dir='ltr'>poenam</span> <span class='ocrx_word' id='word_1_300' title='bbox 414 2320 560 2373; x_wconf 88' lang='lat' dir='ltr'>capitis</span> <span class='ocrx_word' id='word_1_301' title='bbox 591 2320 651 2360; x_wconf 84' lang='lat' dir='ltr'>sic</span> <span class='ocrx_word' id='word_1_302' title='bbox 682 2326 942 2367; x_wconf 79' lang='lat' dir='ltr'>aversantur,</span> <span class='ocrx_word' id='word_1_303' title='bbox 972 2330 1016 2359; x_wconf 86' lang='lat' dir='ltr'>ut</span> <span class='ocrx_word' id='word_1_304' title='bbox 1045 2320 1230 2361; x_wconf 85' lang='lat' dir='ltr'>dictitent</span> <span class='ocrx_word' id='word_1_305' title='bbox 1260 2322 1414 2360; x_wconf 85' lang='lat' dir='ltr'>nullum</span> <span class='ocrx_word' id='word_1_306' title='bbox 1435 2321 1536 2361; x_wconf 87' lang='lat' dir='ltr'>adeo</span> <span class='ocrx_word' id='word_1_307' title='bbox 1554 2328 1673 2374; x_wconf 89' lang='lat' dir='ltr'>turpe</span> 
     </span>
     <span class='ocr_line' id='line_1_34' title="bbox 108 2383 1674 2437; baseline 0.001 -14"><span class='ocrx_word' id='word_1_308' title='bbox 108 2397 202 2423; x_wconf 89' lang='lat' dir='ltr'>esse</span> <span class='ocrx_word' id='word_1_309' title='bbox 233 2384 447 2436; x_wconf 82' lang='lat' dir='ltr'>flagitium,</span> <span class='ocrx_word' id='word_1_310' title='bbox 478 2391 645 2437; x_wconf 89' lang='lat' dir='ltr'>propter</span> <span class='ocrx_word' id='word_1_311' title='bbox 674 2385 782 2437; x_wconf 88' lang='lat' dir='ltr'>quod</span> <span class='ocrx_word' id='word_1_312' title='bbox 811 2384 940 2436; x_wconf 77' lang='lat' dir='ltr'>infligi</span> <span class='ocrx_word' id='word_1_313' title='bbox 970 2383 1124 2435; x_wconf 78' lang='lat' dir='ltr'>possit3</span> <span class='ocrx_word' id='word_1_314' title='bbox 1156 2384 1338 2423; x_wconf 82' lang='lat' dir='ltr'>animuin</span> <span class='ocrx_word' id='word_1_315' title='bbox 1369 2390 1520 2437; x_wconf 78' lang='lat' dir='ltr'>gerunt</span> <span class='ocrx_word' id='word_1_316' title='bbox 1548 2385 1674 2436; x_wconf 88' lang='lat' dir='ltr'>plane</span> 
     </span>
     <span class='ocr_line' id='line_1_35' title="bbox 107 2450 1673 2503; baseline -0.001 -14"><span class='ocrx_word' id='word_1_317' title='bbox 107 2450 344 2498; x_wconf 82' lang='lat' dir='ltr'>femineum,</span> <span class='ocrx_word' id='word_1_318' title='bbox 375 2450 442 2503; x_wconf 86' lang='lat' dir='ltr'>qui</span> <span class='ocrx_word' id='word_1_319' title='bbox 473 2451 561 2502; x_wconf 88' lang='lat' dir='ltr'>plus</span> <span class='ocrx_word' id='word_1_320' title='bbox 583 2451 679 2489; x_wconf 90' lang='lat' dir='ltr'>mali</span> <span class='ocrx_word' id='word_1_321' title='bbox 709 2450 887 2498; x_wconf 83' lang='lat' dir='ltr'>sensilis,</span> <span class='ocrx_word' id='word_1_322' title='bbox 917 2463 1042 2502; x_wconf 89' lang='lat' dir='ltr'>quam</span> <span class='ocrx_word' id='word_1_323' title='bbox 1063 2450 1160 2488; x_wconf 87' lang='lat' dir='ltr'>mali</span> <span class='ocrx_word' id='word_1_324' title='bbox 1190 2450 1360 2489; x_wconf 86' lang='lat' dir='ltr'>moralis</span> <span class='ocrx_word' id='word_1_325' title='bbox 1381 2450 1554 2490; x_wconf 88' lang='lat' dir='ltr'>horrore</span> <span class='ocrx_word' id='word_1_326' title='bbox 1577 2456 1673 2490; x_wconf 87' lang='lat' dir='ltr'>tan-</span> 
     </span>
     <span class='ocr_line' id='line_1_36' title="bbox 106 2514 1671 2568; baseline 0 -13"><span class='ocrx_word' id='word_1_327' title='bbox 106 2516 231 2566; x_wconf 81' lang='lat' dir='ltr'>gitur.</span> <span class='ocrx_word' id='word_1_328' title='bbox 262 2516 420 2556; x_wconf 90' lang='lat' dir='ltr'>Deinde</span> <span class='ocrx_word' id='word_1_329' title='bbox 450 2515 638 2567; x_wconf 89' lang='lat' dir='ltr'>publicae</span> <span class='ocrx_word' id='word_1_330' title='bbox 666 2514 906 2555; x_wconf 85' lang='lat' dir='ltr'>securitatis</span> <span class='ocrx_word' id='word_1_331' title='bbox 936 2521 973 2553; x_wconf 91' lang='lat' dir='ltr'>et</span> <span class='ocrx_word' id='word_1_332' title='bbox 995 2514 1183 2566; x_wconf 85' lang='lat' dir='ltr'>propriae</span> <span class='ocrx_word' id='word_1_333' title='bbox 1216 2514 1468 2553; x_wconf 87' lang='lat' dir='ltr'>defensionis</span> <span class='ocrx_word' id='word_1_334' title='bbox 1490 2515 1566 2564; x_wconf 88' lang='lat' dir='ltr'>ius,</span> <span class='ocrx_word' id='word_1_335' title='bbox 1589 2529 1671 2568; x_wconf 87' lang='lat' dir='ltr'>quo</span> 
     </span>
     <span class='ocr_line' id='line_1_37' title="bbox 107 2578 1676 2631; baseline 0 -13"><span class='ocrx_word' id='word_1_336' title='bbox 107 2586 219 2618; x_wconf 91' lang='lat' dir='ltr'>certe</span> <span class='ocrx_word' id='word_1_337' title='bbox 249 2580 429 2619; x_wconf 89' lang='lat' dir='ltr'>societas</span> <span class='ocrx_word' id='word_1_338' title='bbox 450 2579 614 2631; x_wconf 78' lang='lat' dir='ltr'>gaudet,</span> <span class='ocrx_word' id='word_1_339' title='bbox 643 2579 725 2617; x_wconf 89' lang='lat' dir='ltr'>hoc</span> <span class='ocrx_word' id='word_1_340' title='bbox 745 2578 835 2626; x_wconf 84' lang='lat' dir='ltr'>fert,</span> <span class='ocrx_word' id='word_1_341' title='bbox 864 2583 907 2617; x_wconf 87' lang='lat' dir='ltr'>ut</span> <span class='ocrx_word' id='word_1_342' title='bbox 929 2578 1110 2618; x_wconf 89' lang='lat' dir='ltr'>societas</span> <span class='ocrx_word' id='word_1_343' title='bbox 1140 2591 1186 2616; x_wconf 90' lang='lat' dir='ltr'>se</span> <span class='ocrx_word' id='word_1_344' title='bbox 1207 2578 1329 2618; x_wconf 84' lang='lat' dir='ltr'>tutari</span> <span class='ocrx_word' id='word_1_345' title='bbox 1361 2579 1508 2619; x_wconf 86' lang='lat' dir='ltr'>debeat</span> <span class='ocrx_word' id='word_1_346' title='bbox 1529 2587 1676 2618; x_wconf 87' lang='lat' dir='ltr'>contra</span> 
     </span>
     <span class='ocr_line' id='line_1_38' title="bbox 107 2643 1673 2697; baseline 0 -14"><span class='ocrx_word' id='word_1_347' title='bbox 107 2645 284 2685; x_wconf 91' lang='lat' dir='ltr'>reditum</span> <span class='ocrx_word' id='word_1_348' title='bbox 313 2644 511 2692; x_wconf 88' lang='lat' dir='ltr'>criminis;</span> <span class='ocrx_word' id='word_1_349' title='bbox 543 2644 663 2697; x_wconf 82' lang='lat' dir='ltr'>quod,</span> <span class='ocrx_word' id='word_1_350' title='bbox 695 2643 730 2682; x_wconf 92' lang='lat' dir='ltr'>si</span> <span class='ocrx_word' id='word_1_351' title='bbox 751 2656 835 2682; x_wconf 90' lang='lat' dir='ltr'>non</span> <span class='ocrx_word' id='word_1_352' title='bbox 863 2643 977 2690; x_wconf 85' lang='lat' dir='ltr'>satis,</span> <span class='ocrx_word' id='word_1_353' title='bbox 1009 2648 1208 2695; x_wconf 88' lang='lat' dir='ltr'>quantum</span> <span class='ocrx_word' id='word_1_354' title='bbox 1231 2643 1401 2695; x_wconf 83' lang='lat' dir='ltr'>dignum</span> <span class='ocrx_word' id='word_1_355' title='bbox 1433 2650 1507 2692; x_wconf 89' lang='lat' dir='ltr'>est,</span> <span class='ocrx_word' id='word_1_356' title='bbox 1530 2644 1673 2696; x_wconf 86' lang='lat' dir='ltr'>punia-</span> 
     </span>
     <span class='ocr_line' id='line_1_39' title="bbox 108 2707 1675 2759; baseline -0.001 -12"><span class='ocrx_word' id='word_1_357' title='bbox 108 2715 184 2757; x_wconf 86' lang='lat' dir='ltr'>tur,</span> <span class='ocrx_word' id='word_1_358' title='bbox 215 2708 268 2747; x_wconf 92' lang='lat' dir='ltr'>ad</span> <span class='ocrx_word' id='word_1_359' title='bbox 289 2722 333 2748; x_wconf 83' lang='lat' dir='ltr'>se</span> <span class='ocrx_word' id='word_1_360' title='bbox 363 2707 593 2748; x_wconf 90' lang='lat' dir='ltr'>iterandum</span> <span class='ocrx_word' id='word_1_361' title='bbox 624 2707 764 2751; x_wconf 88' lang='lat' dir='ltr'>tendit,</span> <span class='ocrx_word' id='word_1_362' title='bbox 795 2712 961 2759; x_wconf 88' lang='lat' dir='ltr'>propter</span> <span class='ocrx_word' id='word_1_363' title='bbox 982 2719 1203 2758; x_wconf 87' lang='lat' dir='ltr'>pravorum</span> <span class='ocrx_word' id='word_1_364' title='bbox 1235 2707 1450 2746; x_wconf 86' lang='lat' dir='ltr'>hominum</span> <span class='ocrx_word' id='word_1_365' title='bbox 1481 2708 1675 2747; x_wconf 85' lang='lat' dir='ltr'>volunta-</span> 
     </span>
     <span class='ocr_line' id='line_1_40' title="bbox 109 2769 1673 2824; baseline -0.001 -14"><span class='ocrx_word' id='word_1_366' title='bbox 109 2777 202 2819; x_wconf 90' lang='lat' dir='ltr'>tem,</span> <span class='ocrx_word' id='word_1_367' title='bbox 224 2771 292 2824; x_wconf 90' lang='lat' dir='ltr'>qui</span> <span class='ocrx_word' id='word_1_368' title='bbox 312 2771 479 2810; x_wconf 82' lang='lat' dir='ltr'>nonnisi</span> <span class='ocrx_word' id='word_1_369' title='bbox 501 2770 717 2810; x_wconf 83' lang='lat' dir='ltr'>formidine</span> <span class='ocrx_word' id='word_1_370' title='bbox 739 2770 834 2809; x_wconf 88' lang='lat' dir='ltr'>mali</span> <span class='ocrx_word' id='word_1_371' title='bbox 865 2769 1031 2810; x_wconf 81' lang='lat' dir='ltr'>sensilis</span> <span class='ocrx_word' id='word_1_372' title='bbox 1052 2783 1077 2809; x_wconf 93' lang='lat' dir='ltr'>a</span> <span class='ocrx_word' id='word_1_373' title='bbox 1099 2770 1310 2822; x_wconf 86' lang='lat' dir='ltr'>peccando</span> <span class='ocrx_word' id='word_1_374' title='bbox 1326 2770 1547 2811; x_wconf 88' lang='lat' dir='ltr'>abstinent.</span> <span class='ocrx_word' id='word_1_375' title='bbox 1567 2770 1673 2809; x_wconf 90' lang='lat' dir='ltr'>Hinc</span> 
     </span>
    </p>
   </div>
   <div class='ocr_carea' id='block_1_5' title="bbox 158 2925 924 2969">
    <p class='ocr_par' dir='ltr' id='par_1_6' title="bbox 158 2925 924 2969">
     <span class='ocr_line' id='line_1_41' title="bbox 158 2925 924 2969; baseline -0.003 -10"><span class='ocrx_word' id='word_1_376' title='bbox 158 2926 207 2968; x_wconf 88' lang='lat'>(1)</span> <span class='ocrx_word' id='word_1_377' title='bbox 235 2926 391 2969; x_wconf 74' lang='lat' dir='ltr'>L’esprit</span> <span class='ocrx_word' id='word_1_378' title='bbox 414 2925 479 2958; x_wconf 67' lang='lat' dir='ltr'>&#39;des</span> <span class='ocrx_word' id='word_1_379' title='bbox 503 2926 584 2965; x_wconf 69' lang='lat' dir='ltr'>lois,</span> <span class='ocrx_word' id='word_1_380' title='bbox 605 2929 619 2958; x_wconf 88' lang='lat' dir='ltr'>t</span> <span class='ocrx_word' id='word_1_381' title='bbox 653 2926 676 2965; x_wconf 92' lang='lat' dir='ltr'>I,</span> <span class='ocrx_word' id='word_1_382' title='bbox 699 2926 719 2957; x_wconf 91' lang='lat' dir='ltr'>l.</span> <span class='ocrx_word' id='word_1_383' title='bbox 741 2926 772 2964; x_wconf 82' lang='lat'>6,</span> <span class='ocrx_word' id='word_1_384' title='bbox 799 2926 848 2958; x_wconf 86' lang='lat' dir='ltr'>ch.</span> <span class='ocrx_word' id='word_1_385' title='bbox 876 2925 924 2957; x_wconf 77' lang='lat'>12.</span> 
     </span>
    </p>
   </div>
  </div>
 </body>
</html>
