<?xml version="1.0" encoding="UTF-8"?>
<!DOCTYPE html PUBLIC "-//W3C//DTD XHTML 1.0 Transitional//EN"
    "http://www.w3.org/TR/xhtml1/DTD/xhtml1-transitional.dtd">
<html xmlns="http://www.w3.org/1999/xhtml" xml:lang="en" lang="en">
 <head>
  <title>
</title>
<meta http-equiv="Content-Type" content="text/html;charset=utf-8" />
  <meta name='ocr-system' content='tesseract 3.04.00' />
  <meta name='ocr-capabilities' content='ocr_page ocr_carea ocr_par ocr_line ocrx_word'/>
</head>
<body>
  <div class='ocr_page' id='page_1' title='image "./institutioneseth00libe_0134.png"; bbox 0 0 1970 3203; ppageno 0'>
   <div class='ocr_carea' id='block_1_1' title="bbox 245 218 1477 259">
    <p class='ocr_par' dir='ltr' id='par_1_1' title="bbox 245 218 1477 259">
     <span class='ocr_line' id='line_1_1' title="bbox 245 218 1477 259; baseline -0.006 0"><span class='ocrx_word' id='word_1_1' title='bbox 245 218 323 259; x_wconf 86' lang='lat'>130</span> <span class='ocrx_word' id='word_1_2' title='bbox 557 229 625 256; x_wconf 85' lang='lat' dir='ltr'>lus</span> <span class='ocrx_word' id='word_1_3' title='bbox 654 226 855 255; x_wconf 79' lang='lat' dir='ltr'>NATURAE</span> <span class='ocrx_word' id='word_1_4' title='bbox 879 235 896 241; x_wconf 95' lang='lat'>-</span> <span class='ocrx_word' id='word_1_5' title='bbox 920 224 1027 252; x_wconf 76' lang='lat' dir='ltr'>PARS</span> <span class='ocrx_word' id='word_1_6' title='bbox 1056 226 1079 251; x_wconf 92' lang='lat'>1.</span> <span class='ocrx_word' id='word_1_7' title='bbox 1112 224 1176 252; x_wconf 82' lang='lat' dir='ltr'>ius</span> <span class='ocrx_word' id='word_1_8' title='bbox 1207 225 1477 252; x_wconf 72' lang='lat' dir='ltr'>1Nn1vinUALE</span> 
     </span>
    </p>
   </div>
   <div class='ocr_carea' id='block_1_2' title="bbox 246 303 1822 491">
    <p class='ocr_par' dir='ltr' id='par_1_2' title="bbox 246 303 1822 491">
     <span class='ocr_line' id='line_1_2' title="bbox 246 303 1822 361; baseline -0.003 -13"><span class='ocrx_word' id='word_1_9' title='bbox 246 308 527 361; x_wconf 88' lang='lat' dir='ltr'>pendentiam,</span> <span class='ocrx_word' id='word_1_10' title='bbox 559 320 683 359; x_wconf 87' lang='lat' dir='ltr'>quam</span> <span class='ocrx_word' id='word_1_11' title='bbox 713 304 930 352; x_wconf 87' lang='lat' dir='ltr'>habemus,</span> <span class='ocrx_word' id='word_1_12' title='bbox 949 317 975 343; x_wconf 90' lang='lat' dir='ltr'>a</span> <span class='ocrx_word' id='word_1_13' title='bbox 1004 304 1105 352; x_wconf 90' lang='lat' dir='ltr'>Deo,</span> <span class='ocrx_word' id='word_1_14' title='bbox 1127 317 1232 356; x_wconf 89' lang='lat' dir='ltr'>quae</span> <span class='ocrx_word' id='word_1_15' title='bbox 1254 317 1356 343; x_wconf 89' lang='lat' dir='ltr'>sane</span> <span class='ocrx_word' id='word_1_16' title='bbox 1378 303 1564 344; x_wconf 89' lang='lat' dir='ltr'>maxima</span> <span class='ocrx_word' id='word_1_17' title='bbox 1585 310 1647 344; x_wconf 89' lang='lat' dir='ltr'>est</span> <span class='ocrx_word' id='word_1_18' title='bbox 1667 318 1676 354; x_wconf 88' lang='lat'>;</span> <span class='ocrx_word' id='word_1_19' title='bbox 1708 305 1822 344; x_wconf 88' lang='lat' dir='ltr'>nulla</span> 
     </span>
     <span class='ocr_line' id='line_1_3' title="bbox 246 367 1822 425; baseline -0.003 -13"><span class='ocrx_word' id='word_1_20' title='bbox 246 372 448 425; x_wconf 78' lang='lat' dir='ltr'>siquidem</span> <span class='ocrx_word' id='word_1_21' title='bbox 480 368 758 423; x_wconf 87' lang='lat' dir='ltr'>dependentia</span> <span class='ocrx_word' id='word_1_22' title='bbox 778 367 910 408; x_wconf 84' lang='lat' dir='ltr'>maior</span> <span class='ocrx_word' id='word_1_23' title='bbox 930 367 1163 420; x_wconf 85' lang='lat' dir='ltr'>excogitari</span> <span class='ocrx_word' id='word_1_24' title='bbox 1185 373 1332 420; x_wconf 88' lang='lat' dir='ltr'>potest,</span> <span class='ocrx_word' id='word_1_25' title='bbox 1357 381 1480 421; x_wconf 91' lang='lat' dir='ltr'>quam</span> <span class='ocrx_word' id='word_1_26' title='bbox 1510 382 1614 422; x_wconf 90' lang='lat' dir='ltr'>quae</span> <span class='ocrx_word' id='word_1_27' title='bbox 1646 382 1672 407; x_wconf 92' lang='lat' dir='ltr'>a</span> <span class='ocrx_word' id='word_1_28' title='bbox 1691 368 1822 421; x_wconf 88' lang='lat' dir='ltr'>primo</span> 
     </span>
     <span class='ocr_line' id='line_1_4' title="bbox 249 433 1059 491; baseline -0.006 -13"><span class='ocrx_word' id='word_1_29' title='bbox 249 437 451 491; x_wconf 87' lang='lat' dir='ltr'>principio</span> <span class='ocrx_word' id='word_1_30' title='bbox 482 444 522 477; x_wconf 92' lang='lat' dir='ltr'>et</span> <span class='ocrx_word' id='word_1_31' title='bbox 551 435 694 475; x_wconf 88' lang='lat' dir='ltr'>ultimo</span> <span class='ocrx_word' id='word_1_32' title='bbox 723 434 807 474; x_wconf 90' lang='lat' dir='ltr'>fine</span> <span class='ocrx_word' id='word_1_33' title='bbox 836 433 1059 474; x_wconf 90' lang='lat' dir='ltr'>derivatur.</span> 
     </span>
    </p>
   </div>
   <div class='ocr_carea' id='block_1_3' title="bbox 807 565 1264 606">
    <p class='ocr_par' dir='ltr' id='par_1_3' title="bbox 807 565 1264 606">
     <span class='ocr_line' id='line_1_5' title="bbox 807 565 1264 606; baseline 0.002 -1"><span class='ocrx_word' id='word_1_34' title='bbox 807 565 1264 606; x_wconf 82' lang='lat' dir='ltr'>PROPOSITIONES</span> 
     </span>
    </p>
   </div>
   <div class='ocr_carea' id='block_1_4' title="bbox 236 671 1826 2880">
    <p class='ocr_par' dir='ltr' id='par_1_4' title="bbox 245 671 1819 791">
     <span class='ocr_line' id='line_1_6' title="bbox 295 671 1819 725; baseline -0.003 -10"><span class='ocrx_word' id='word_1_35' title='bbox 295 676 360 717; x_wconf 77' lang='lat'>28.</span> <span class='ocrx_word' id='word_1_36' title='bbox 391 676 646 715; x_wconf 61' lang='lat' dir='ltr'>Paoposmo</span> <span class='ocrx_word' id='word_1_37' title='bbox 678 675 734 714; x_wconf 62' lang='lat'>1³.</span> <span class='ocrx_word' id='word_1_38' title='bbox 760 672 910 725; x_wconf 79' lang='lat' dir='ltr'>Officia</span> <span class='ocrx_word' id='word_1_39' title='bbox 929 672 1172 724; x_wconf 58' lang='lat' dir='ltr'>Religionis</span> <span class='ocrx_word' id='word_1_40' title='bbox 1184 671 1426 725; x_wconf 75' lang='lat' dir='ltr'>praecipua</span> <span class='ocrx_word' id='word_1_41' title='bbox 1446 675 1547 712; x_wconf 75' lang='lat' dir='ltr'>sunt</span> <span class='ocrx_word' id='word_1_42' title='bbox 1568 672 1610 711; x_wconf 88' lang='lat' dir='ltr'>in</span> <span class='ocrx_word' id='word_1_43' title='bbox 1633 672 1726 711; x_wconf 77' lang='lat' dir='ltr'>iure</span> <span class='ocrx_word' id='word_1_44' title='bbox 1750 684 1819 710; x_wconf 87' lang='grc' dir='ltr'>ηα-</span> 
     </span>
     <span class='ocr_line' id='line_1_7' title="bbox 245 738 1204 791; baseline -0.002 -12"><span class='ocrx_word' id='word_1_45' title='bbox 245 744 383 790; x_wconf 75' lang='lat' dir='ltr'>turae,</span> <span class='ocrx_word' id='word_1_46' title='bbox 421 744 463 781; x_wconf 79' lang='lat' dir='ltr'>et</span> <span class='ocrx_word' id='word_1_47' title='bbox 492 740 641 780; x_wconf 76' lang='lat' dir='ltr'>ceteris</span> <span class='ocrx_word' id='word_1_48' title='bbox 670 738 865 778; x_wconf 74' lang='lat' dir='ltr'>omnibus</span> <span class='ocrx_word' id='word_1_49' title='bbox 896 738 1204 791; x_wconf 76' lang='lat' dir='ltr'>anteponenda.</span> 
     </span>
    </p>

    <p class='ocr_par' dir='ltr' id='par_1_5' title="bbox 245 802 1826 1050">
     <span class='ocr_line' id='line_1_8' title="bbox 300 802 1825 855; baseline -0.003 -9"><span class='ocrx_word' id='word_1_50' title='bbox 300 807 423 846; x_wconf 89' lang='lat' dir='ltr'>Prob.</span> <span class='ocrx_word' id='word_1_51' title='bbox 456 806 568 846; x_wconf 86' lang='lat' dir='ltr'>Ordo</span> <span class='ocrx_word' id='word_1_52' title='bbox 590 805 824 845; x_wconf 90' lang='lat' dir='ltr'>officiorum</span> <span class='ocrx_word' id='word_1_53' title='bbox 847 802 1034 843; x_wconf 81' lang='lat' dir='ltr'>ordinem</span> <span class='ocrx_word' id='word_1_54' title='bbox 1056 803 1243 855; x_wconf 88' lang='lat' dir='ltr'>sequitur</span> <span class='ocrx_word' id='word_1_55' title='bbox 1263 802 1524 851; x_wconf 71' lang='lat' dir='ltr'>relationum,</span> <span class='ocrx_word' id='word_1_56' title='bbox 1547 816 1653 855; x_wconf 89' lang='lat' dir='ltr'>quae</span> <span class='ocrx_word' id='word_1_57' title='bbox 1681 802 1724 842; x_wconf 92' lang='lat' dir='ltr'>in</span> <span class='ocrx_word' id='word_1_58' title='bbox 1746 815 1825 841; x_wconf 87' lang='lat' dir='ltr'>na-</span> 
     </span>
     <span class='ocr_line' id='line_1_9' title="bbox 245 868 1825 922; baseline -0.004 -10"><span class='ocrx_word' id='word_1_59' title='bbox 245 879 338 912; x_wconf 89' lang='lat' dir='ltr'>tura</span> <span class='ocrx_word' id='word_1_60' title='bbox 354 872 590 912; x_wconf 85' lang='lat' dir='ltr'>fundantur.</span> <span class='ocrx_word' id='word_1_61' title='bbox 608 868 735 922; x_wconf 84' lang='lat' dir='ltr'><strong>Atqui</strong></span> <span class='ocrx_word' id='word_1_62' title='bbox 752 868 895 909; x_wconf 88' lang='lat' dir='ltr'>relatio</span> <span class='ocrx_word' id='word_1_63' title='bbox 917 869 970 908; x_wconf 90' lang='lat' dir='ltr'>ad</span> <span class='ocrx_word' id='word_1_64' title='bbox 992 869 1125 908; x_wconf 92' lang='lat' dir='ltr'>Deum</span> <span class='ocrx_word' id='word_1_65' title='bbox 1148 869 1281 921; x_wconf 88' lang='lat' dir='ltr'>prima</span> <span class='ocrx_word' id='word_1_66' title='bbox 1299 869 1483 908; x_wconf 90' lang='lat' dir='ltr'>omnium</span> <span class='ocrx_word' id='word_1_67' title='bbox 1501 874 1564 909; x_wconf 90' lang='lat' dir='ltr'>est</span> <span class='ocrx_word' id='word_1_68' title='bbox 1580 875 1619 909; x_wconf 91' lang='lat' dir='ltr'>et</span> <span class='ocrx_word' id='word_1_69' title='bbox 1639 868 1825 908; x_wconf 84' lang='lat' dir='ltr'>maxima</span> 
     </span>
     <span class='ocr_line' id='line_1_10' title="bbox 245 933 1826 986; baseline -0.003 -10"><span class='ocrx_word' id='word_1_70' title='bbox 245 937 354 977; x_wconf 87' lang='lat' dir='ltr'>inter</span> <span class='ocrx_word' id='word_1_71' title='bbox 384 948 531 975; x_wconf 89' lang='lat' dir='ltr'>omnes</span> <span class='ocrx_word' id='word_1_72' title='bbox 560 933 802 981; x_wconf 78' lang='lat' dir='ltr'>relationes,</span> <span class='ocrx_word' id='word_1_73' title='bbox 833 933 983 985; x_wconf 86' lang='lat' dir='ltr'>quibus</span> <span class='ocrx_word' id='word_1_74' title='bbox 1013 933 1232 972; x_wconf 89' lang='lat' dir='ltr'>afficimur.</span> <span class='ocrx_word' id='word_1_75' title='bbox 1264 934 1376 986; x_wconf 89' lang='lat' dir='ltr'>Ergo</span> <span class='ocrx_word' id='word_1_76' title='bbox 1407 933 1557 982; x_wconf 86' lang='lat' dir='ltr'>officia,</span> <span class='ocrx_word' id='word_1_77' title='bbox 1582 946 1688 986; x_wconf 89' lang='lat' dir='ltr'>quae</span> <span class='ocrx_word' id='word_1_78' title='bbox 1725 933 1826 972; x_wconf 89' lang='lat' dir='ltr'>hinc</span> 
     </span>
     <span class='ocr_line' id='line_1_11' title="bbox 247 998 1165 1050; baseline -0.005 -7"><span class='ocrx_word' id='word_1_79' title='bbox 247 1004 466 1050; x_wconf 86' lang='lat' dir='ltr'>resultant,</span> <span class='ocrx_word' id='word_1_80' title='bbox 497 1000 648 1041; x_wconf 79' lang='lat' dir='ltr'>ceteris</span> <span class='ocrx_word' id='word_1_81' title='bbox 679 998 871 1039; x_wconf 89' lang='lat' dir='ltr'>omnibus</span> <span class='ocrx_word' id='word_1_82' title='bbox 900 999 1165 1038; x_wconf 89' lang='lat' dir='ltr'>antecellunt.</span> 
     </span>
    </p>

    <p class='ocr_par' dir='ltr' id='par_1_6' title="bbox 241 1065 1826 1576">
     <span class='ocr_line' id='line_1_12' title="bbox 294 1065 1826 1120; baseline -0.002 -12"><span class='ocrx_word' id='word_1_83' title='bbox 294 1070 346 1109; x_wconf 90' lang='lat' dir='ltr'>Et</span> <span class='ocrx_word' id='word_1_84' title='bbox 362 1081 478 1117; x_wconf 80' lang='lat' dir='ltr'>sane,</span> <span class='ocrx_word' id='word_1_85' title='bbox 496 1066 669 1120; x_wconf 77' lang='lat' dir='ltr'>quaevis</span> <span class='ocrx_word' id='word_1_86' title='bbox 686 1066 769 1106; x_wconf 89' lang='lat' dir='ltr'>alia</span> <span class='ocrx_word' id='word_1_87' title='bbox 784 1065 944 1113; x_wconf 87' lang='lat' dir='ltr'>relatio,</span> <span class='ocrx_word' id='word_1_88' title='bbox 963 1079 1045 1118; x_wconf 89' lang='lat' dir='ltr'>qua</span> <span class='ocrx_word' id='word_1_89' title='bbox 1066 1066 1191 1106; x_wconf 89' lang='lat' dir='ltr'>homo</span> <span class='ocrx_word' id='word_1_90' title='bbox 1211 1065 1444 1107; x_wconf 88' lang='lat' dir='ltr'>instructus</span> <span class='ocrx_word' id='word_1_91' title='bbox 1466 1065 1712 1119; x_wconf 87' lang='lat' dir='ltr'>concipitur,</span> <span class='ocrx_word' id='word_1_92' title='bbox 1734 1066 1826 1106; x_wconf 90' lang='lat' dir='ltr'>eius</span> 
     </span>
     <span class='ocr_line' id='line_1_13' title="bbox 244 1131 1823 1186; baseline -0.002 -12"><span class='ocrx_word' id='word_1_93' title='bbox 244 1135 479 1175; x_wconf 85' lang='lat' dir='ltr'>realitatem</span> <span class='ocrx_word' id='word_1_94' title='bbox 497 1140 536 1174; x_wconf 86' lang='lat' dir='ltr'>et</span> <span class='ocrx_word' id='word_1_95' title='bbox 555 1132 843 1172; x_wconf 80' lang='lat' dir='ltr'>exsistentiam</span> <span class='ocrx_word' id='word_1_96' title='bbox 860 1131 1067 1173; x_wconf 77' lang='lat' dir='ltr'>subaudit.</span> <span class='ocrx_word' id='word_1_97' title='bbox 1090 1133 1221 1171; x_wconf 91' lang='lat' dir='ltr'>Immo</span> <span class='ocrx_word' id='word_1_98' title='bbox 1242 1132 1331 1184; x_wconf 90' lang='lat' dir='ltr'>ipse</span> <span class='ocrx_word' id='word_1_99' title='bbox 1346 1138 1563 1186; x_wconf 89' lang='lat' dir='ltr'>respectus</span> <span class='ocrx_word' id='word_1_100' title='bbox 1583 1132 1823 1179; x_wconf 86' lang='lat' dir='ltr'>identitatis,</span> 
     </span>
     <span class='ocr_line' id='line_1_14' title="bbox 245 1198 1816 1254; baseline -0.003 -13"><span class='ocrx_word' id='word_1_101' title='bbox 245 1215 325 1254; x_wconf 90' lang='lat' dir='ltr'>quo</span> <span class='ocrx_word' id='word_1_102' title='bbox 356 1202 482 1241; x_wconf 89' lang='lat' dir='ltr'>homo</span> <span class='ocrx_word' id='word_1_103' title='bbox 513 1213 608 1239; x_wconf 87' lang='lat' dir='ltr'>cum</span> <span class='ocrx_word' id='word_1_104' title='bbox 638 1203 770 1238; x_wconf 84' lang='lat' dir='ltr'>semet</span> <span class='ocrx_word' id='word_1_105' title='bbox 799 1198 888 1250; x_wconf 90' lang='lat' dir='ltr'>ipse</span> <span class='ocrx_word' id='word_1_106' title='bbox 918 1204 1198 1250; x_wconf 87' lang='lat' dir='ltr'>comparatur,</span> <span class='ocrx_word' id='word_1_107' title='bbox 1233 1198 1408 1251; x_wconf 89' lang='lat' dir='ltr'>cogitari</span> <span class='ocrx_word' id='word_1_108' title='bbox 1440 1212 1526 1239; x_wconf 91' lang='lat' dir='ltr'>non</span> <span class='ocrx_word' id='word_1_109' title='bbox 1555 1205 1704 1251; x_wconf 87' lang='lat' dir='ltr'>potest,</span> <span class='ocrx_word' id='word_1_110' title='bbox 1735 1198 1816 1239; x_wconf 89' lang='lat' dir='ltr'>nisi</span> 
     </span>
     <span class='ocr_line' id='line_1_15' title="bbox 246 1261 1818 1316; baseline -0.003 -10"><span class='ocrx_word' id='word_1_111' title='bbox 246 1267 330 1306; x_wconf 88' lang='lat' dir='ltr'>iam</span> <span class='ocrx_word' id='word_1_112' title='bbox 362 1271 459 1305; x_wconf 86' lang='lat' dir='ltr'>ante</span> <span class='ocrx_word' id='word_1_113' title='bbox 488 1264 530 1304; x_wconf 93' lang='lat' dir='ltr'>in</span> <span class='ocrx_word' id='word_1_114' title='bbox 560 1262 728 1316; x_wconf 81' lang='lat' dir='ltr'>propria</span> <span class='ocrx_word' id='word_1_115' title='bbox 756 1269 907 1302; x_wconf 92' lang='lat' dir='ltr'>natura</span> <span class='ocrx_word' id='word_1_116' title='bbox 937 1262 1187 1302; x_wconf 88' lang='lat' dir='ltr'>constitutus</span> <span class='ocrx_word' id='word_1_117' title='bbox 1209 1261 1475 1314; x_wconf 78' lang='lat' dir='ltr'>intelligatur.</span> <span class='ocrx_word' id='word_1_118' title='bbox 1496 1263 1551 1303; x_wconf 90' lang='lat' dir='ltr'>At</span> <span class='ocrx_word' id='word_1_119' title='bbox 1566 1263 1712 1302; x_wconf 80' lang='lat' dir='ltr'>relatio</span> <span class='ocrx_word' id='word_1_120' title='bbox 1743 1262 1818 1301; x_wconf 90' lang='lat' dir='ltr'>de-</span> 
     </span>
     <span class='ocr_line' id='line_1_16' title="bbox 241 1327 1816 1385; baseline -0.003 -14"><span class='ocrx_word' id='word_1_121' title='bbox 241 1330 504 1385; x_wconf 88' lang='lat' dir='ltr'>pendentiae,</span> <span class='ocrx_word' id='word_1_122' title='bbox 534 1343 657 1383; x_wconf 89' lang='lat' dir='ltr'>quam</span> <span class='ocrx_word' id='word_1_123' title='bbox 687 1328 893 1368; x_wconf 87' lang='lat' dir='ltr'>habemus</span> <span class='ocrx_word' id='word_1_124' title='bbox 923 1341 949 1367; x_wconf 85' lang='lat' dir='ltr'>a</span> <span class='ocrx_word' id='word_1_125' title='bbox 979 1329 1079 1376; x_wconf 87' lang='lat' dir='ltr'>Deo,</span> <span class='ocrx_word' id='word_1_126' title='bbox 1100 1327 1141 1366; x_wconf 91' lang='lat' dir='ltr'>in</span> <span class='ocrx_word' id='word_1_127' title='bbox 1171 1327 1264 1380; x_wconf 91' lang='lat' dir='ltr'>ipsa</span> <span class='ocrx_word' id='word_1_128' title='bbox 1292 1328 1461 1368; x_wconf 91' lang='lat' dir='ltr'>notione</span> <span class='ocrx_word' id='word_1_129' title='bbox 1491 1333 1661 1369; x_wconf 85' lang='lat' dir='ltr'>nostrae</span> <span class='ocrx_word' id='word_1_130' title='bbox 1690 1328 1816 1368; x_wconf 85' lang='lat' dir='ltr'>reali-</span> 
     </span>
     <span class='ocr_line' id='line_1_17' title="bbox 244 1393 1822 1446; baseline -0.003 -9"><span class='ocrx_word' id='word_1_131' title='bbox 244 1397 340 1437; x_wconf 85' lang='lat' dir='ltr'>tatis</span> <span class='ocrx_word' id='word_1_132' title='bbox 370 1395 604 1443; x_wconf 72' lang='lat' dir='ltr'>imbibitur,</span> <span class='ocrx_word' id='word_1_133' title='bbox 636 1407 742 1446; x_wconf 90' lang='lat' dir='ltr'>quae</span> <span class='ocrx_word' id='word_1_134' title='bbox 774 1399 885 1433; x_wconf 85' lang='lat' dir='ltr'>certe</span> <span class='ocrx_word' id='word_1_135' title='bbox 915 1393 1010 1433; x_wconf 85' lang='lat' dir='ltr'>talis</span> <span class='ocrx_word' id='word_1_136' title='bbox 1035 1393 1075 1432; x_wconf 94' lang='lat' dir='ltr'>in</span> <span class='ocrx_word' id='word_1_137' title='bbox 1107 1406 1152 1433; x_wconf 91' lang='lat' dir='ltr'>se</span> <span class='ocrx_word' id='word_1_138' title='bbox 1182 1399 1261 1441; x_wconf 87' lang='lat' dir='ltr'>est,</span> <span class='ocrx_word' id='word_1_139' title='bbox 1297 1402 1343 1434; x_wconf 91' lang='lat' dir='ltr'>ut</span> <span class='ocrx_word' id='word_1_140' title='bbox 1371 1393 1425 1433; x_wconf 89' lang='lat' dir='ltr'>ad</span> <span class='ocrx_word' id='word_1_141' title='bbox 1455 1394 1589 1433; x_wconf 88' lang='lat' dir='ltr'>Deum</span> <span class='ocrx_word' id='word_1_142' title='bbox 1618 1393 1822 1433; x_wconf 86' lang='lat' dir='ltr'>referatur</span> 
     </span>
     <span class='ocr_line' id='line_1_18' title="bbox 241 1455 1820 1514; baseline -0.004 -13"><span class='ocrx_word' id='word_1_143' title='bbox 241 1467 454 1514; x_wconf 87' lang='lat' dir='ltr'>tamquam</span> <span class='ocrx_word' id='word_1_144' title='bbox 474 1460 528 1499; x_wconf 91' lang='lat' dir='ltr'>ad</span> <span class='ocrx_word' id='word_1_145' title='bbox 544 1459 720 1512; x_wconf 78' lang='lat' dir='ltr'>primam</span> <span class='ocrx_word' id='word_1_146' title='bbox 737 1463 776 1497; x_wconf 90' lang='lat' dir='ltr'>et</span> <span class='ocrx_word' id='word_1_147' title='bbox 792 1457 1073 1497; x_wconf 86' lang='lat' dir='ltr'>universalem</span> <span class='ocrx_word' id='word_1_148' title='bbox 1092 1471 1264 1497; x_wconf 86' lang='lat' dir='ltr'>causam</span> <span class='ocrx_word' id='word_1_149' title='bbox 1282 1457 1407 1497; x_wconf 89' lang='lat' dir='ltr'>totius</span> <span class='ocrx_word' id='word_1_150' title='bbox 1425 1456 1705 1506; x_wconf 81' lang='lat' dir='ltr'>exsistentiae,</span> <span class='ocrx_word' id='word_1_151' title='bbox 1724 1455 1820 1496; x_wconf 88' lang='lat' dir='ltr'>uni-</span> 
     </span>
     <span class='ocr_line' id='line_1_19' title="bbox 249 1521 1390 1576; baseline -0.005 -11"><span class='ocrx_word' id='word_1_152' title='bbox 249 1539 343 1566; x_wconf 88' lang='lat' dir='ltr'>cam</span> <span class='ocrx_word' id='word_1_153' title='bbox 360 1531 500 1564; x_wconf 89' lang='lat' dir='ltr'>autem</span> <span class='ocrx_word' id='word_1_154' title='bbox 530 1530 570 1563; x_wconf 89' lang='lat' dir='ltr'>et</span> <span class='ocrx_word' id='word_1_155' title='bbox 598 1523 832 1576; x_wconf 84' lang='lat' dir='ltr'>proximam</span> <span class='ocrx_word' id='word_1_156' title='bbox 861 1521 1121 1562; x_wconf 83' lang='lat' dir='ltr'>substantiae</span> <span class='ocrx_word' id='word_1_157' title='bbox 1152 1521 1390 1574; x_wconf 88' lang='lat' dir='ltr'>spiritualis.</span> 
     </span>
    </p>

    <p class='ocr_par' dir='ltr' id='par_1_7' title="bbox 239 1586 1825 2223">
     <span class='ocr_line' id='line_1_20' title="bbox 293 1586 1817 1641; baseline -0.004 -9"><span class='ocrx_word' id='word_1_158' title='bbox 293 1594 523 1632; x_wconf 87' lang='lat' dir='ltr'>Praeterea</span> <span class='ocrx_word' id='word_1_159' title='bbox 541 1623 552 1637; x_wconf 92' lang='lat'>,</span> <span class='ocrx_word' id='word_1_160' title='bbox 584 1589 620 1630; x_wconf 91' lang='lat' dir='ltr'>si</span> <span class='ocrx_word' id='word_1_161' title='bbox 651 1590 719 1629; x_wconf 88' lang='lat' dir='ltr'>lex</span> <span class='ocrx_word' id='word_1_162' title='bbox 749 1586 953 1627; x_wconf 87' lang='lat' dir='ltr'>naturalis</span> <span class='ocrx_word' id='word_1_163' title='bbox 983 1601 1132 1627; x_wconf 87' lang='lat' dir='ltr'>norma</span> <span class='ocrx_word' id='word_1_164' title='bbox 1170 1587 1374 1640; x_wconf 89' lang='lat' dir='ltr'>quaedam</span> <span class='ocrx_word' id='word_1_165' title='bbox 1405 1592 1493 1635; x_wconf 91' lang='lat' dir='ltr'>est,</span> <span class='ocrx_word' id='word_1_166' title='bbox 1523 1600 1630 1641; x_wconf 90' lang='lat' dir='ltr'>quae</span> <span class='ocrx_word' id='word_1_167' title='bbox 1660 1586 1817 1626; x_wconf 85' lang='lat' dir='ltr'>idcirco</span> 
     </span>
     <span class='ocr_line' id='line_1_21' title="bbox 243 1651 1824 1704; baseline -0.005 -6"><span class='ocrx_word' id='word_1_168' title='bbox 243 1657 403 1698; x_wconf 90' lang='lat' dir='ltr'>homini</span> <span class='ocrx_word' id='word_1_169' title='bbox 434 1655 621 1702; x_wconf 85' lang='lat' dir='ltr'>traditur,</span> <span class='ocrx_word' id='word_1_170' title='bbox 643 1658 688 1693; x_wconf 89' lang='lat' dir='ltr'>ut</span> <span class='ocrx_word' id='word_1_171' title='bbox 708 1666 800 1693; x_wconf 90' lang='lat' dir='ltr'>eum</span> <span class='ocrx_word' id='word_1_172' title='bbox 824 1653 877 1691; x_wconf 89' lang='lat' dir='ltr'>ad</span> <span class='ocrx_word' id='word_1_173' title='bbox 897 1651 1107 1704; x_wconf 86' lang='lat' dir='ltr'>proprium</span> <span class='ocrx_word' id='word_1_174' title='bbox 1128 1653 1254 1692; x_wconf 89' lang='lat' dir='ltr'>finem</span> <span class='ocrx_word' id='word_1_175' title='bbox 1276 1657 1441 1703; x_wconf 88' lang='lat' dir='ltr'>coaptet</span> <span class='ocrx_word' id='word_1_176' title='bbox 1462 1657 1502 1691; x_wconf 92' lang='lat' dir='ltr'>et</span> <span class='ocrx_word' id='word_1_177' title='bbox 1531 1651 1701 1703; x_wconf 88' lang='lat' dir='ltr'>dirigat;</span> <span class='ocrx_word' id='word_1_178' title='bbox 1724 1663 1824 1703; x_wconf 87' lang='lat' dir='ltr'>pro-</span> 
     </span>
     <span class='ocr_line' id='line_1_22' title="bbox 245 1717 1814 1774; baseline -0.004 -11"><span class='ocrx_word' id='word_1_179' title='bbox 245 1724 354 1763; x_wconf 83' lang='lat' dir='ltr'>fecto</span> <span class='ocrx_word' id='word_1_180' title='bbox 384 1721 604 1774; x_wconf 89' lang='lat' dir='ltr'>potissima</span> <span class='ocrx_word' id='word_1_181' title='bbox 632 1719 738 1759; x_wconf 88' lang='lat' dir='ltr'>inter</span> <span class='ocrx_word' id='word_1_182' title='bbox 766 1724 1006 1769; x_wconf 87' lang='lat' dir='ltr'>praecepta,</span> <span class='ocrx_word' id='word_1_183' title='bbox 1039 1731 1146 1769; x_wconf 91' lang='lat' dir='ltr'>quae</span> <span class='ocrx_word' id='word_1_184' title='bbox 1175 1718 1373 1765; x_wconf 90' lang='lat' dir='ltr'>continet,</span> <span class='ocrx_word' id='word_1_185' title='bbox 1395 1718 1465 1757; x_wconf 86' lang='lat' dir='ltr'>illa</span> <span class='ocrx_word' id='word_1_186' title='bbox 1495 1723 1627 1765; x_wconf 88' lang='lat' dir='ltr'>erunt,</span> <span class='ocrx_word' id='word_1_187' title='bbox 1645 1729 1751 1768; x_wconf 89' lang='lat' dir='ltr'>quae</span> <span class='ocrx_word' id='word_1_188' title='bbox 1770 1717 1814 1756; x_wconf 92' lang='lat' dir='ltr'>fi-</span> 
     </span>
     <span class='ocr_line' id='line_1_23' title="bbox 244 1782 1820 1839; baseline -0.005 -10"><span class='ocrx_word' id='word_1_189' title='bbox 244 1803 338 1829; x_wconf 91' lang='lat' dir='ltr'>nem</span> <span class='ocrx_word' id='word_1_190' title='bbox 369 1789 482 1828; x_wconf 88' lang='lat' dir='ltr'>hunc</span> <span class='ocrx_word' id='word_1_191' title='bbox 504 1785 693 1839; x_wconf 86' lang='lat' dir='ltr'>proxime</span> <span class='ocrx_word' id='word_1_192' title='bbox 714 1783 955 1836; x_wconf 87' lang='lat' dir='ltr'>respiciunt,</span> <span class='ocrx_word' id='word_1_193' title='bbox 978 1788 1018 1823; x_wconf 90' lang='lat' dir='ltr'>et</span> <span class='ocrx_word' id='word_1_194' title='bbox 1038 1783 1323 1823; x_wconf 86' lang='lat' dir='ltr'>immediatum</span> <span class='ocrx_word' id='word_1_195' title='bbox 1345 1783 1531 1823; x_wconf 84' lang='lat' dir='ltr'>ordinem</span> <span class='ocrx_word' id='word_1_196' title='bbox 1553 1783 1606 1822; x_wconf 89' lang='lat' dir='ltr'>ad</span> <span class='ocrx_word' id='word_1_197' title='bbox 1628 1782 1820 1822; x_wconf 92' lang='lat' dir='ltr'>eumdem</span> 
     </span>
     <span class='ocr_line' id='line_1_24' title="bbox 240 1847 1822 1905; baseline -0.004 -13"><span class='ocrx_word' id='word_1_198' title='bbox 240 1854 472 1905; x_wconf 91' lang='lat' dir='ltr'>imponunt.</span> <span class='ocrx_word' id='word_1_199' title='bbox 503 1850 628 1902; x_wconf 88' lang='lat' dir='ltr'>Atqui</span> <span class='ocrx_word' id='word_1_200' title='bbox 657 1849 698 1888; x_wconf 89' lang='lat' dir='ltr'>id</span> <span class='ocrx_word' id='word_1_201' title='bbox 728 1853 944 1901; x_wconf 84' lang='lat' dir='ltr'>praestant</span> <span class='ocrx_word' id='word_1_202' title='bbox 967 1847 1118 1896; x_wconf 87' lang='lat' dir='ltr'>officia,</span> <span class='ocrx_word' id='word_1_203' title='bbox 1140 1860 1246 1899; x_wconf 87' lang='lat' dir='ltr'>quae</span> <span class='ocrx_word' id='word_1_204' title='bbox 1267 1848 1321 1887; x_wconf 90' lang='lat' dir='ltr'>ad</span> <span class='ocrx_word' id='word_1_205' title='bbox 1341 1847 1587 1900; x_wconf 83' lang='lat' dir='ltr'>religionem</span> <span class='ocrx_word' id='word_1_206' title='bbox 1616 1852 1822 1899; x_wconf 74' lang='lat' dir='ltr'>spectant,</span> 
     </span>
     <span class='ocr_line' id='line_1_25' title="bbox 244 1913 1825 1968; baseline -0.004 -9"><span class='ocrx_word' id='word_1_207' title='bbox 244 1924 332 1959; x_wconf 93' lang='lat' dir='ltr'>tota</span> <span class='ocrx_word' id='word_1_208' title='bbox 362 1917 473 1958; x_wconf 92' lang='lat' dir='ltr'>enim</span> <span class='ocrx_word' id='word_1_209' title='bbox 503 1920 740 1968; x_wconf 84' lang='lat' dir='ltr'>quantaque</span> <span class='ocrx_word' id='word_1_210' title='bbox 770 1920 893 1963; x_wconf 87' lang='lat' dir='ltr'>sunt,</span> <span class='ocrx_word' id='word_1_211' title='bbox 922 1913 964 1953; x_wconf 91' lang='lat' dir='ltr'>in</span> <span class='ocrx_word' id='word_1_212' title='bbox 994 1913 1077 1954; x_wconf 91' lang='lat' dir='ltr'>hoc</span> <span class='ocrx_word' id='word_1_213' title='bbox 1105 1914 1229 1966; x_wconf 87' lang='lat' dir='ltr'>plane</span> <span class='ocrx_word' id='word_1_214' title='bbox 1262 1919 1506 1962; x_wconf 77' lang='lat' dir='ltr'>versantur,</span> <span class='ocrx_word' id='word_1_215' title='bbox 1537 1919 1581 1953; x_wconf 91' lang='lat' dir='ltr'>ut</span> <span class='ocrx_word' id='word_1_216' title='bbox 1609 1914 1825 1954; x_wconf 87' lang='lat' dir='ltr'>hominem</span> 
     </span>
     <span class='ocr_line' id='line_1_26' title="bbox 239 1979 1820 2034; baseline -0.003 -10"><span class='ocrx_word' id='word_1_217' title='bbox 239 1985 292 2024; x_wconf 88' lang='lat' dir='ltr'>ad</span> <span class='ocrx_word' id='word_1_218' title='bbox 323 1985 471 2031; x_wconf 87' lang='lat' dir='ltr'>Deum,</span> <span class='ocrx_word' id='word_1_219' title='bbox 503 1982 571 2034; x_wconf 93' lang='lat' dir='ltr'>qui</span> <span class='ocrx_word' id='word_1_220' title='bbox 601 1995 699 2021; x_wconf 89' lang='lat' dir='ltr'>vere</span> <span class='ocrx_word' id='word_1_221' title='bbox 730 1980 899 2020; x_wconf 87' lang='lat' dir='ltr'>ultimus</span> <span class='ocrx_word' id='word_1_222' title='bbox 928 1980 1024 2020; x_wconf 86' lang='lat' dir='ltr'>finis</span> <span class='ocrx_word' id='word_1_223' title='bbox 1056 1979 1145 2020; x_wconf 90' lang='lat' dir='ltr'>eius</span> <span class='ocrx_word' id='word_1_224' title='bbox 1176 1985 1251 2029; x_wconf 89' lang='lat' dir='ltr'>est,</span> <span class='ocrx_word' id='word_1_225' title='bbox 1283 1986 1496 2028; x_wconf 87' lang='lat' dir='ltr'>revocent,</span> <span class='ocrx_word' id='word_1_226' title='bbox 1520 1993 1615 2020; x_wconf 90' lang='lat' dir='ltr'>cum</span> <span class='ocrx_word' id='word_1_227' title='bbox 1644 1979 1820 2033; x_wconf 88' lang='lat' dir='ltr'>ipsoque</span> 
     </span>
     <span class='ocr_line' id='line_1_27' title="bbox 242 2046 1820 2102; baseline -0.003 -12"><span class='ocrx_word' id='word_1_228' title='bbox 242 2050 370 2090; x_wconf 90' lang='lat' dir='ltr'>veluti</span> <span class='ocrx_word' id='word_1_229' title='bbox 399 2050 530 2102; x_wconf 89' lang='lat' dir='ltr'>ligent</span> <span class='ocrx_word' id='word_1_230' title='bbox 559 2046 940 2087; x_wconf 77' lang='lat' dir='ltr'>communicatione</span> <span class='ocrx_word' id='word_1_231' title='bbox 972 2047 1151 2099; x_wconf 91' lang='lat' dir='ltr'>quadam</span> <span class='ocrx_word' id='word_1_232' title='bbox 1173 2047 1410 2087; x_wconf 88' lang='lat' dir='ltr'>constituta.</span> <span class='ocrx_word' id='word_1_233' title='bbox 1440 2047 1552 2099; x_wconf 90' lang='lat' dir='ltr'>Ergo</span> <span class='ocrx_word' id='word_1_234' title='bbox 1583 2046 1820 2098; x_wconf 80' lang='lat' dir='ltr'>Religionis</span> 
     </span>
     <span class='ocr_line' id='line_1_28' title="bbox 242 2112 1816 2168; baseline -0.003 -11"><span class='ocrx_word' id='word_1_235' title='bbox 242 2116 382 2157; x_wconf 83' lang='lat' dir='ltr'>officia</span> <span class='ocrx_word' id='word_1_236' title='bbox 410 2116 544 2168; x_wconf 92' lang='lat' dir='ltr'>prima</span> <span class='ocrx_word' id='word_1_237' title='bbox 574 2120 672 2155; x_wconf 87' lang='lat' dir='ltr'>sunt</span> <span class='ocrx_word' id='word_1_238' title='bbox 701 2119 824 2166; x_wconf 79' lang='lat' dir='ltr'>atque</span> <span class='ocrx_word' id='word_1_239' title='bbox 854 2112 1074 2165; x_wconf 87' lang='lat' dir='ltr'>potissima</span> <span class='ocrx_word' id='word_1_240' title='bbox 1104 2112 1300 2162; x_wconf 88' lang='lat' dir='ltr'>omnium,</span> <span class='ocrx_word' id='word_1_241' title='bbox 1322 2126 1429 2165; x_wconf 89' lang='lat' dir='ltr'>quae</span> <span class='ocrx_word' id='word_1_242' title='bbox 1458 2126 1485 2152; x_wconf 90' lang='lat' dir='ltr'>a</span> <span class='ocrx_word' id='word_1_243' title='bbox 1513 2113 1606 2165; x_wconf 89' lang='lat' dir='ltr'>lege</span> <span class='ocrx_word' id='word_1_244' title='bbox 1635 2112 1816 2153; x_wconf 89' lang='lat' dir='ltr'>naturali</span> 
     </span>
     <span class='ocr_line' id='line_1_29' title="bbox 242 2186 509 2223; baseline -0.015 0"><span class='ocrx_word' id='word_1_245' title='bbox 242 2186 509 2223; x_wconf 89' lang='lat' dir='ltr'>enascuntur.</span> 
     </span>
    </p>

    <p class='ocr_par' dir='ltr' id='par_1_8' title="bbox 236 2243 1819 2880">
     <span class='ocr_line' id='line_1_30' title="bbox 291 2243 1818 2296; baseline -0.001 -11"><span class='ocrx_word' id='word_1_246' title='bbox 291 2246 412 2294; x_wconf 86' lang='lat' dir='ltr'>Quod</span> <span class='ocrx_word' id='word_1_247' title='bbox 444 2259 538 2285; x_wconf 91' lang='lat' dir='ltr'>cum</span> <span class='ocrx_word' id='word_1_248' title='bbox 569 2245 628 2285; x_wconf 90' lang='lat' dir='ltr'>ita</span> <span class='ocrx_word' id='word_1_249' title='bbox 657 2244 720 2293; x_wconf 87' lang='lat' dir='ltr'>sit,</span> <span class='ocrx_word' id='word_1_250' title='bbox 741 2244 974 2284; x_wconf 79' lang='lat' dir='ltr'>luculenter</span> <span class='ocrx_word' id='word_1_251' title='bbox 993 2248 1165 2296; x_wconf 89' lang='lat' dir='ltr'>apparet</span> <span class='ocrx_word' id='word_1_252' title='bbox 1185 2249 1386 2296; x_wconf 88' lang='lat' dir='ltr'>quantum</span> <span class='ocrx_word' id='word_1_253' title='bbox 1415 2256 1439 2282; x_wconf 89' lang='lat' dir='ltr'>a</span> <span class='ocrx_word' id='word_1_254' title='bbox 1469 2243 1644 2283; x_wconf 89' lang='lat' dir='ltr'>veritate</span> <span class='ocrx_word' id='word_1_255' title='bbox 1676 2243 1818 2283; x_wconf 89' lang='lat' dir='ltr'>desci-</span> 
     </span>
     <span class='ocr_line' id='line_1_31' title="bbox 242 2306 1818 2360; baseline -0.002 -11"><span class='ocrx_word' id='word_1_256' title='bbox 242 2310 347 2351; x_wconf 88' lang='lat' dir='ltr'>verit</span> <span class='ocrx_word' id='word_1_257' title='bbox 363 2309 686 2357; x_wconf 79' lang='lat' dir='ltr'>Puffendorfius3</span> <span class='ocrx_word' id='word_1_258' title='bbox 709 2308 788 2360; x_wconf 86' lang='lat' dir='ltr'>qui,</span> <span class='ocrx_word' id='word_1_259' title='bbox 812 2321 908 2347; x_wconf 89' lang='lat' dir='ltr'>cum</span> <span class='ocrx_word' id='word_1_260' title='bbox 926 2307 1067 2347; x_wconf 85' lang='lat' dir='ltr'>officia</span> <span class='ocrx_word' id='word_1_261' title='bbox 1083 2307 1264 2348; x_wconf 89' lang='lat' dir='ltr'>hominis</span> <span class='ocrx_word' id='word_1_262' title='bbox 1283 2320 1336 2347; x_wconf 91' lang='lat' dir='ltr'>ex</span> <span class='ocrx_word' id='word_1_263' title='bbox 1351 2307 1552 2360; x_wconf 86' lang='lat' dir='ltr'>principio</span> <span class='ocrx_word' id='word_1_264' title='bbox 1568 2306 1818 2348; x_wconf 87' lang='lat' dir='ltr'>socialitatis</span> 
     </span>
     <span class='ocr_line' id='line_1_32' title="bbox 238 2370 1818 2425; baseline -0.002 -11"><span class='ocrx_word' id='word_1_265' title='bbox 238 2375 451 2414; x_wconf 82' lang='lat' dir='ltr'>deducere</span> <span class='ocrx_word' id='word_1_266' title='bbox 478 2373 613 2421; x_wconf 88' lang='lat' dir='ltr'>vellet,</span> <span class='ocrx_word' id='word_1_267' title='bbox 644 2377 767 2424; x_wconf 91' lang='lat' dir='ltr'>atque</span> <span class='ocrx_word' id='word_1_268' title='bbox 783 2370 880 2410; x_wconf 91' lang='lat' dir='ltr'>inde</span> <span class='ocrx_word' id='word_1_269' title='bbox 897 2371 1040 2411; x_wconf 84' lang='lat' dir='ltr'>officia</span> <span class='ocrx_word' id='word_1_270' title='bbox 1051 2385 1153 2424; x_wconf 89' lang='lat' dir='ltr'>erga</span> <span class='ocrx_word' id='word_1_271' title='bbox 1169 2373 1302 2411; x_wconf 89' lang='lat' dir='ltr'>Deum</span> <span class='ocrx_word' id='word_1_272' title='bbox 1320 2372 1392 2412; x_wconf 90' lang='lat' dir='ltr'>vix</span> <span class='ocrx_word' id='word_1_273' title='bbox 1408 2379 1480 2413; x_wconf 89' lang='lat' dir='ltr'>aut</span> <span class='ocrx_word' id='word_1_274' title='bbox 1497 2386 1548 2413; x_wconf 88' lang='lat' dir='ltr'>ne</span> <span class='ocrx_word' id='word_1_275' title='bbox 1565 2373 1635 2412; x_wconf 90' lang='lat' dir='ltr'>vix</span> <span class='ocrx_word' id='word_1_276' title='bbox 1653 2372 1818 2425; x_wconf 90' lang='lat' dir='ltr'>quidem</span> 
     </span>
     <span class='ocr_line' id='line_1_33' title="bbox 238 2438 1819 2491; baseline -0.001 -12"><span class='ocrx_word' id='word_1_277' title='bbox 238 2452 285 2479; x_wconf 88' lang='lat' dir='ltr'>se</span> <span class='ocrx_word' id='word_1_278' title='bbox 315 2439 508 2479; x_wconf 87' lang='lat' dir='ltr'>derivare</span> <span class='ocrx_word' id='word_1_279' title='bbox 538 2451 664 2491; x_wconf 86' lang='lat' dir='ltr'>posse</span> <span class='ocrx_word' id='word_1_280' title='bbox 685 2438 947 2490; x_wconf 84' lang='lat' dir='ltr'>conspiceret</span> <span class='ocrx_word' id='word_1_281' title='bbox 964 2452 973 2487; x_wconf 91' lang='lat'>;</span> <span class='ocrx_word' id='word_1_282' title='bbox 1005 2450 1197 2477; x_wconf 82' lang='lat' dir='ltr'>asserere</span> <span class='ocrx_word' id='word_1_283' title='bbox 1226 2451 1311 2478; x_wconf 89' lang='lat' dir='ltr'>non</span> <span class='ocrx_word' id='word_1_284' title='bbox 1342 2438 1542 2479; x_wconf 86' lang='lat' dir='ltr'>dubitavit</span> <span class='ocrx_word' id='word_1_285' title='bbox 1571 2440 1614 2478; x_wconf 92' lang='lat' dir='ltr'>in</span> <span class='ocrx_word' id='word_1_286' title='bbox 1642 2438 1819 2478; x_wconf 88' lang='lat' dir='ltr'>materia</span> 
     </span>
     <span class='ocr_line' id='line_1_34' title="bbox 236 2500 1808 2555; baseline 0.001 -14"><span class='ocrx_word' id='word_1_287' title='bbox 236 2502 451 2554; x_wconf 87' lang='lat' dir='ltr'>religionis</span> <span class='ocrx_word' id='word_1_288' title='bbox 465 2515 546 2541; x_wconf 90' lang='lat' dir='ltr'>non</span> <span class='ocrx_word' id='word_1_289' title='bbox 563 2500 998 2542; x_wconf 84' lang='lat' dir='ltr'>aliudanaturaliiure</span> <span class='ocrx_word' id='word_1_290' title='bbox 1011 2502 1265 2553; x_wconf 87' lang='lat' dir='ltr'>persuaderi,</span> <span class='ocrx_word' id='word_1_291' title='bbox 1278 2502 1359 2542; x_wconf 90' lang='lat' dir='ltr'>nisi</span> <span class='ocrx_word' id='word_1_292' title='bbox 1379 2503 1489 2555; x_wconf 90' lang='lat' dir='ltr'>quod</span> <span class='ocrx_word' id='word_1_293' title='bbox 1506 2504 1642 2542; x_wconf 90' lang='lat' dir='ltr'>cultus</span> <span class='ocrx_word' id='word_1_294' title='bbox 1653 2502 1808 2542; x_wconf 87' lang='lat' dir='ltr'>divini—</span> 
     </span>
     <span class='ocr_line' id='line_1_35' title="bbox 238 2566 1810 2621; baseline 0.001 -14"><span class='ocrx_word' id='word_1_295' title='bbox 238 2567 335 2608; x_wconf 85' lang='lat' dir='ltr'>tatis</span> <span class='ocrx_word' id='word_1_296' title='bbox 356 2568 508 2620; x_wconf 89' lang='lat' dir='ltr'>optime</span> <span class='ocrx_word' id='word_1_297' title='bbox 529 2568 871 2608; x_wconf 88' lang='lat' dir='ltr'>accommodetur</span> <span class='ocrx_word' id='word_1_298' title='bbox 891 2566 1077 2607; x_wconf 86' lang='lat' dir='ltr'>felicitati</span> <span class='ocrx_word' id='word_1_299' title='bbox 1101 2581 1152 2607; x_wconf 87' lang='lat' dir='ltr'>ac</span> <span class='ocrx_word' id='word_1_300' title='bbox 1174 2568 1456 2620; x_wconf 88' lang='lat' dir='ltr'>tranquillitati</span> <span class='ocrx_word' id='word_1_301' title='bbox 1477 2568 1586 2608; x_wconf 86' lang='lat' dir='ltr'>vitae</span> <span class='ocrx_word' id='word_1_302' title='bbox 1614 2581 1810 2621; x_wconf 88' lang='lat' dir='ltr'>praesen-</span> 
     </span>
     <span class='ocr_line' id='line_1_36' title="bbox 238 2631 1818 2684; baseline 0.001 -13"><span class='ocrx_word' id='word_1_303' title='bbox 238 2631 295 2672; x_wconf 89' lang='lat' dir='ltr'>tis</span> <span class='ocrx_word' id='word_1_304' title='bbox 318 2632 392 2682; x_wconf 83' lang='lat'>(1).</span> <span class='ocrx_word' id='word_1_305' title='bbox 411 2632 467 2671; x_wconf 89' lang='lat' dir='ltr'>At</span> <span class='ocrx_word' id='word_1_306' title='bbox 491 2631 698 2683; x_wconf 87' lang='lat' dir='ltr'>opinionis</span> <span class='ocrx_word' id='word_1_307' title='bbox 715 2644 855 2672; x_wconf 87' lang='lat' dir='ltr'>errore</span> <span class='ocrx_word' id='word_1_308' title='bbox 867 2631 1066 2684; x_wconf 88' lang='lat' dir='ltr'>deceptus</span> <span class='ocrx_word' id='word_1_309' title='bbox 1083 2638 1156 2672; x_wconf 91' lang='lat' dir='ltr'>est.</span> <span class='ocrx_word' id='word_1_310' title='bbox 1174 2634 1231 2673; x_wconf 85' lang='lat' dir='ltr'>Ut</span> <span class='ocrx_word' id='word_1_311' title='bbox 1247 2632 1358 2672; x_wconf 90' lang='lat' dir='ltr'>enim</span> <span class='ocrx_word' id='word_1_312' title='bbox 1376 2646 1430 2672; x_wconf 86' lang='lat' dir='ltr'>ex</span> <span class='ocrx_word' id='word_1_313' title='bbox 1448 2632 1568 2673; x_wconf 90' lang='lat' dir='ltr'>dictis</span> <span class='ocrx_word' id='word_1_314' title='bbox 1585 2634 1727 2681; x_wconf 85' lang='lat' dir='ltr'>claret,</span> <span class='ocrx_word' id='word_1_315' title='bbox 1750 2645 1818 2673; x_wconf 89' lang='lat' dir='ltr'>ne-</span> 
     </span>
     <span class='ocr_line' id='line_1_37' title="bbox 239 2696 1818 2749; baseline 0.001 -12"><span class='ocrx_word' id='word_1_316' title='bbox 239 2696 422 2737; x_wconf 82' lang='lat' dir='ltr'>cessitas</span> <span class='ocrx_word' id='word_1_317' title='bbox 438 2696 652 2748; x_wconf 86' lang='lat' dir='ltr'>religionis</span> <span class='ocrx_word' id='word_1_318' title='bbox 669 2697 823 2737; x_wconf 82' lang='lat' dir='ltr'>eruitur</span> <span class='ocrx_word' id='word_1_319' title='bbox 840 2710 893 2736; x_wconf 91' lang='lat' dir='ltr'>ex</span> <span class='ocrx_word' id='word_1_320' title='bbox 908 2696 1054 2738; x_wconf 89' lang='lat' dir='ltr'>intima</span> <span class='ocrx_word' id='word_1_321' title='bbox 1068 2702 1108 2737; x_wconf 86' lang='lat' dir='ltr'>et</span> <span class='ocrx_word' id='word_1_322' title='bbox 1125 2697 1339 2738; x_wconf 83' lang='lat' dir='ltr'>essentiali</span> <span class='ocrx_word' id='word_1_323' title='bbox 1350 2697 1626 2749; x_wconf 89' lang='lat' dir='ltr'>dependentia</span> <span class='ocrx_word' id='word_1_324' title='bbox 1642 2706 1818 2740; x_wconf 87' lang='lat' dir='ltr'>naturae</span> 
     </span>
     <span class='ocr_line' id='line_1_38' title="bbox 237 2761 1811 2815; baseline 0.002 -14"><span class='ocrx_word' id='word_1_325' title='bbox 237 2766 407 2801; x_wconf 88' lang='lat' dir='ltr'>nostrae</span> <span class='ocrx_word' id='word_1_326' title='bbox 437 2773 462 2800; x_wconf 89' lang='lat' dir='ltr'>a</span> <span class='ocrx_word' id='word_1_327' title='bbox 492 2762 593 2808; x_wconf 92' lang='lat' dir='ltr'>Deo,</span> <span class='ocrx_word' id='word_1_328' title='bbox 624 2766 663 2801; x_wconf 88' lang='lat' dir='ltr'>et</span> <span class='ocrx_word' id='word_1_329' title='bbox 684 2775 736 2801; x_wconf 86' lang='lat' dir='ltr'>ex</span> <span class='ocrx_word' id='word_1_330' title='bbox 757 2761 914 2810; x_wconf 87' lang='lat' dir='ltr'>ordine,</span> <span class='ocrx_word' id='word_1_331' title='bbox 931 2775 1054 2814; x_wconf 88' lang='lat' dir='ltr'>quem</span> <span class='ocrx_word' id='word_1_332' title='bbox 1070 2762 1123 2801; x_wconf 88' lang='lat' dir='ltr'>ad</span> <span class='ocrx_word' id='word_1_333' title='bbox 1142 2762 1290 2814; x_wconf 87' lang='lat' dir='ltr'>ipsum,</span> <span class='ocrx_word' id='word_1_334' title='bbox 1309 2768 1525 2815; x_wconf 87' lang='lat' dir='ltr'>tamquam</span> <span class='ocrx_word' id='word_1_335' title='bbox 1546 2764 1600 2803; x_wconf 91' lang='lat' dir='ltr'>ad</span> <span class='ocrx_word' id='word_1_336' title='bbox 1621 2764 1811 2804; x_wconf 87' lang='lat' dir='ltr'>ultimum</span> 
     </span>
     <span class='ocr_line' id='line_1_39' title="bbox 237 2826 1810 2880; baseline 0.004 -15"><span class='ocrx_word' id='word_1_337' title='bbox 237 2827 378 2875; x_wconf 89' lang='lat' dir='ltr'>finem,</span> <span class='ocrx_word' id='word_1_338' title='bbox 409 2826 625 2866; x_wconf 90' lang='lat' dir='ltr'>habemus.</span> <span class='ocrx_word' id='word_1_339' title='bbox 658 2827 796 2873; x_wconf 83' lang='lat' dir='ltr'>Quare</span> <span class='ocrx_word' id='word_1_340' title='bbox 827 2827 914 2867; x_wconf 88' lang='lat' dir='ltr'>eius</span> <span class='ocrx_word' id='word_1_341' title='bbox 934 2834 1203 2880; x_wconf 89' lang='lat' dir='ltr'>praeceptum</span> <span class='ocrx_word' id='word_1_342' title='bbox 1223 2828 1399 2880; x_wconf 85' lang='lat' dir='ltr'>primum</span> <span class='ocrx_word' id='word_1_343' title='bbox 1421 2835 1484 2869; x_wconf 89' lang='lat' dir='ltr'>est</span> <span class='ocrx_word' id='word_1_344' title='bbox 1514 2835 1554 2869; x_wconf 87' lang='lat' dir='ltr'>et</span> <span class='ocrx_word' id='word_1_345' title='bbox 1581 2830 1810 2870; x_wconf 86' lang='lat' dir='ltr'>maximum</span> 
     </span>
    </p>
   </div>
   <div class='ocr_carea' id='block_1_5' title="bbox 279 2932 1311 2976">
    <p class='ocr_par' dir='ltr' id='par_1_9' title="bbox 279 2932 1311 2976">
     <span class='ocr_line' id='line_1_40' title="bbox 279 2932 1311 2976; baseline 0.001 -10"><span class='ocrx_word' id='word_1_346' title='bbox 279 2934 330 2975; x_wconf 89' lang='lat'>(1)</span> <span class='ocrx_word' id='word_1_347' title='bbox 357 2933 410 2966; x_wconf 80' lang='lat' dir='ltr'>De</span> <span class='ocrx_word' id='word_1_348' title='bbox 435 2932 580 2976; x_wconf 70' lang='lat' dir='ltr'>ijfieiis</span> <span class='ocrx_word' id='word_1_349' title='bbox 604 2932 765 2966; x_wconf 77' lang='lat' dir='ltr'>hominis</span> <span class='ocrx_word' id='word_1_350' title='bbox 790 2936 825 2966; x_wconf 80' lang='lat' dir='ltr'>et</span> <span class='ocrx_word' id='word_1_351' title='bbox 849 2932 950 2966; x_wconf 66' lang='lat' dir='ltr'>civis.</span> <span class='ocrx_word' id='word_1_352' title='bbox 975 2932 1045 2966; x_wconf 88' lang='lat' dir='ltr'>Lib.</span> <span class='ocrx_word' id='word_1_353' title='bbox 1072 2933 1095 2972; x_wconf 92' lang='lat' dir='ltr'>I,</span> <span class='ocrx_word' id='word_1_354' title='bbox 1119 2944 1146 2967; x_wconf 89' lang='lat' dir='ltr'>c.</span> <span class='ocrx_word' id='word_1_355' title='bbox 1173 2935 1201 2973; x_wconf 88' lang='lat'>3,</span> <span class='ocrx_word' id='word_1_356' title='bbox 1223 2934 1241 2975; x_wconf 68' lang='grc' dir='ltr'><strong>ἓ</strong></span> <span class='ocrx_word' id='word_1_357' title='bbox 1266 2935 1311 2967; x_wconf 89' lang='grc'>13.</span> 
     </span>
    </p>
   </div>
  </div>
 </body>
</html>
