1970 3203
335 218 471 245 CAPUT
489 217 542 242 111.
563 216 615 242 DE
637 216 868 244 soeissTATE
889 215 1116 250 ΒΕωοῐοεΑ,
1138 214 1320 241 NlMlRUM
1341 213 1538 240 ECCLESIA
1650 199 1726 239 319

153 293 188 333 si
209 305 385 344 corpora
403 291 580 330 moralia
600 290 814 343 possidere
834 303 918 330 non
948 294 1132 341 possunt;
1164 301 1238 327 cur
1258 287 1299 326 id
1320 287 1370 327 de
1399 287 1490 339 ispa
1516 285 1716 326 societate

149 359 256 399 civili
285 370 368 397 non
399 357 556 404 dicitur,
586 370 691 409 quae
721 356 904 407 profecto
931 367 1014 393 non
1035 360 1096 393 est
1126 366 1277 405 corpus
1297 352 1517 405 physicum
1538 351 1612 391 sed
1633 364 1717 390 mo-

146 420 262 461 mle?
282 422 433 460 Fateor
453 420 640 472 equidem
653 419 989 459 consociationes
1011 418 1192 457 minores
1213 417 1363 456 maiori
1380 429 1473 456 esse
1490 415 1716 463 subiectas,

148 496 371 536 earumque
408 483 501 522 iura
530 483 581 523 ab
611 484 692 523 hac
722 482 955 535 temperari.
988 481 1069 521 Sed
1106 481 1148 519 in
1178 480 1322 532 primis
1353 486 1727 531 temperamentum

143 562 356 602 nunquam
386 555 521 600 porest
550 561 643 589 esse
673 549 767 596 tale,
798 555 840 588 ut
869 549 1004 601 ipsum
1033 547 1098 586 ius
1118 544 1286 595 adimat,
1310 556 1381 586 aut
1402 545 1542 597 aliqua
1561 544 1723 584 ratione

145 615 396 668 praepediat.
426 614 584 654 Deinde
607 647 616 663 ,
645 615 686 653 id
714 615 851 653 locum
881 614 1003 653 habet
1039 622 1232 666 respectu
1261 612 1508 652 societatum
1539 609 1725 649 eiusdem

146 679 313 726 ordinis,
343 685 382 718 et
411 691 585 730 quarum
615 679 721 717 fines
750 678 821 717 fini
852 678 974 724 illius,
995 690 1100 729 quae
1122 678 1258 716 maior
1280 682 1356 724 est,
1377 675 1621 715 subduntur.
1647 673 1731 712 Sed

146 743 300 783 nullam
329 744 412 782 vim
442 743 588 784 retinet
616 750 808 795 respectu
837 743 1102 791 societatum,
1133 756 1238 795 quae
1269 742 1344 781 etsi
1368 741 1567 788 minores,
1589 746 1730 778 tamen

146 816 242 848 sunt
281 808 432 848 diversi
470 808 626 847 ordinis
665 813 704 847 et
741 809 867 847 finem
911 807 1255 847 excellentiorum
1300 805 1539 857 respiciunt.
1586 805 1724 851 Quare

147 872 392 925 principium
422 871 520 911 illud
548 885 574 910 a
603 871 782 923 politicis
811 871 1011 923 applicari
1040 874 1191 923 optime
1212 875 1349 922 potest
1370 867 1593 908 consortiis
1614 881 1727 907 mere

148 937 338 977 civilibus
360 942 398 976 et
417 936 625 984 humanis3
647 937 789 988 quales
810 942 907 976 sunt
926 936 1150 976 societates
1171 935 1224 974 ad
1242 933 1498 980 industriam,
1517 945 1726 972 commer-

146 1003 267 1049 cium,
288 1002 459 1049 litteras,
482 1007 552 1040 aut
576 1001 835 1041 consimilem
857 1002 982 1041 aliam
1002 1001 1218 1041 utilitatem
1240 1005 1448 1040 terrenam
1469 1004 1724 1050 spectantes.

144 1068 199 1107 At
228 1067 409 1119 pessime
443 1066 675 1118 applicatur
713 1067 899 1106 coetibus
930 1066 1138 1118 religiosis
1160 1099 1169 1114 ‚
1200 1065 1268 1118 qui
1296 1065 1485 1104 altiorem
1516 1064 1722 1116 originem

143 1131 310 1179 habent,
341 1138 381 1170 et
409 1143 492 1169 non
524 1129 634 1169 civili
664 1130 809 1177 ordini,
841 1130 916 1169 sed
942 1130 1158 1169 Ecclesiae
1188 1134 1351 1169 tantum
1381 1127 1577 1180 potestati
1606 1126 1730 1166 subii-

144 1195 318 1235 ciuntur.
350 1195 484 1235 Multo
516 1200 653 1236 autem
683 1194 820 1233 minus
849 1194 1048 1246 applicari
1078 1200 1212 1246 potest
1241 1192 1467 1232 universali
1489 1191 1720 1239 Ecclesiae,

147 1274 252 1314 quae
283 1261 569 1313 independens
599 1260 766 1300 omnino
796 1267 859 1299 est
888 1260 940 1299 ab
962 1259 1073 1299 omni
1104 1259 1186 1297 alia
1214 1259 1430 1305 societate,
1451 1264 1537 1296 tum
1559 1264 1726 1309 propter

145 1327 438 1367 excellentiam
468 1327 577 1374 finis,
607 1333 692 1365 turn
722 1332 887 1378 propter
916 1324 1228 1376 amplitudinem
1250 1322 1520 1371 extensionis,
1544 1328 1628 1361 tum
1651 1323 1729 1362 de-

146 1392 270 1445 nique
298 1399 464 1444 propter
493 1391 789 1444 praestantiam
821 1390 1008 1442 originis.

202 1458 331 1497 Obc'z'c.
354 1459 427 1498 III.
450 1458 604 1498 Coetus
622 1456 871 1497 eclesiastici
893 1456 1151 1508 appellantur
1168 1468 1321 1494 manus
1342 1456 1549 1494 mortuae.
1568 1456 1730 1493 Harum

146 1537 246 1563 vero
266 1524 496 1576 proprietas
511 1529 635 1562 nocet
651 1522 914 1574 prosperitati
936 1521 1280 1561 commerciorum
1302 1526 1342 1559 et
1359 1520 1597 1560 industriae.
1615 1521 1727 1572 Ergo

144 1600 170 1625 a
200 1587 319 1625 Statu
346 1586 513 1637 politico
543 1585 731 1637 impediri
760 1585 892 1625 debet.

198 1653 246 1691 R.
287 1652 504 1691 Transeat
529 1652 691 1699 maior,
722 1656 761 1690 et
792 1663 896 1702 ηερε)
927 1650 1148 1689 minorem.
1181 1651 1287 1688 Tum
1317 1648 1644 1700 independenter
1676 1648 1728 1688 ab

145 1730 206 1765 ea,
236 1729 346 1767 nego
375 1715 499 1754 etiam
529 1727 798 1766 consequens.

196 1780 431 1833 Appellatio
460 1779 531 1818 illa
552 1778 738 1831 prosecta
758 1783 890 1817 estex
911 1777 1020 1816 malo
1043 1776 1182 1815 animo
1203 1775 1638 1828 pseudopoliticorum,
1660 1776 1730 1827 qui

145 1844 199 1883 ad
228 1842 427 1882 invidiam
456 1841 697 1894 proprietati
727 1841 944 1880 Ecclesiae
975 1840 1200 1880 creandam
1241 1853 1393 1879 nomen
1423 1840 1522 1878 illud
1553 1839 1729 1891 excogi-

143 1913 295 1955 tarunt;
331 1907 440 1960 quod
468 1912 609 1946 tamen
636 1906 821 1959 legitimo
852 1912 892 1946 et
916 1905 1054 1945 veraci
1076 1918 1203 1945 sensu
1219 1918 1391 1956 prorsus
1412 1911 1538 1944 caret.
1556 1906 1607 1944 Et
1624 1917 1729 1944 sane

146 1987 252 2026 quae
282 1972 490 2013 sententia
509 1972 566 2010 illi
586 1970 763 2012 subest?
793 1971 990 2011 Profecto
1012 1970 1230 2011 Ecclesiae
1250 1984 1405 2009 manue
1427 1973 1622 2010 mortuae
1643 1970 1724 2009 dici

145 2045 366 2091 nequeunt,
398 2043 603 2090 quatenus
625 2036 744 2084 bona,
766 2049 872 2088 quae
890 2042 1042 2083 tenent,
1058 2037 1100 2075 in
1119 2035 1224 2075 alios
1242 2048 1324 2075 non
1343 2036 1587 2076 diffundant.
1606 2036 1730 2076 Nulla

147 2102 256 2141 enim
285 2101 395 2141 bona
414 2100 550 2152 magis
572 2100 811 2140 communia
831 2107 927 2139 sunt
946 2099 1135 2151 pluribus
1155 2106 1194 2140 et
1215 2113 1240 2138 a
1261 2100 1447 2151 pluribus
1466 2100 1724 2152 participan-

147 2174 224 2215 tur,
245 2180 368 2219 quam
390 2179 441 2205 ea
459 2179 566 2218 quae
587 2165 779 2206 Ecclesia
800 2165 994 2217 possidet.
1014 2165 1061 2204 In
1082 2165 1225 2217 primis
1247 2166 1357 2205 enim
1375 2165 1578 2214 omnibus,
1600 2172 1728 2218 quot-

148 2238 244 2285 quot
264 2232 316 2271 ad
337 2231 627 2272 ecclesiastica
646 2231 877 2271 ministeria
893 2236 1109 2278 vocantur,
1129 2231 1302 2270 liberum
1323 2232 1481 2271 aditum
1507 2232 1724 2284 praebent.

149 2297 305 2337 Deinde
345 2309 556 2347 nunquam
591 2295 635 2334 in
664 2308 790 2334 unam
820 2295 1036 2334 dumtaxat
1070 2307 1294 2346 personam
1324 2296 1589 2336 cumulantur
1614 2328 1623 2344 ‚
1655 2295 1729 2335 sed

148 2359 380 2400 accomoda
409 2358 695 2399 distributione
724 2359 766 2398 in
795 2359 932 2411 plures
962 2358 1265 2410 dispescuntur;
1296 2358 1544 2410 praesertim
1565 2358 1608 2397 in
1631 2372 1729 2411 pau-

146 2438 279 2478 peres,
311 2424 485 2477 quibus,
514 2424 631 2464 iuxta
660 2424 877 2465 Ecclesiae
907 2437 1118 2472 canones,
1149 2424 1408 2475 erogandum
1439 2431 1501 2464 est
1533 2425 1730 2478 quidquid

145 2490 349 2529 bonorum
380 2487 432 2528 ab
460 2487 620 2527 alendis
649 2487 847 2527 ministris
868 2493 907 2527 et
928 2486 1056 2526 divini
1078 2487 1216 2526 cultus
1243 2486 1378 2526 nitore
1399 2495 1585 2540 superat.
1608 2490 1731 2529 Unde

146 2554 264 2594 nulla
293 2559 390 2592 sunt
416 2551 458 2590 in
479 2550 679 2591 societate
698 2551 819 2599 bona,
842 2564 1014 2603 quorum
1031 2551 1209 2598 diffusio,
1231 2550 1338 2590 inter
1358 2553 1581 2603 populares
1603 2566 1733 2605 prae—

148 2616 288 2656 sertim
320 2622 360 2655 et
390 2628 557 2667 egenos,
575 2615 627 2654 sit
647 2615 790 2654 maior.
815 2615 934 2661 Quod
954 2615 990 2654 si
1011 2615 1123 2654 illam
1144 2620 1287 2653 notam
1308 2616 1526 2656 Ecclesiae
1547 2617 1718 2656 inurunt

146 2685 366 2732 propterea
394 2678 503 2731 quod
532 2678 621 2719 eius
650 2678 925 2731 proprietates
945 2677 1118 2717 alienari
1140 2691 1223 2717 non
1245 2678 1409 2730 possint
1430 2692 1456 2718 a
1475 2671 1732 2732 possessorii

148 2742 238 2790 bus,
269 2741 512 2782 societatem
542 2741 704 2781 civilem
733 2742 776 2781 in
805 2741 1110 2781 mercatoriam
1131 2748 1389 2791 convertunt,
1412 2744 1532 2783 cuius
1553 2756 1732 2796 prospe-

152 2807 254 2846 ritas
283 2807 449 2848 nonnisi
481 2821 533 2848 ex
564 2807 675 2847 sacili
704 2814 744 2848 et
772 2808 939 2847 lucrosa
968 2806 1167 2847 mercium
1184 2809 1510 2849 commutatione
1530 2810 1731 2860 nascitur,

157 2870 211 2908 At
239 2869 280 2908 in
311 2869 509 2911 societate
525 2872 654 2911 multa
673 2870 756 2911 alia
776 2871 887 2911 bona
906 2870 1121 2923 procurari
1145 2871 1307 2921 debent,
1328 2872 1574 2925 praesertim
1590 2873 1729 2926 perfe-
