1970 3203
186 184 263 224 136
515 197 582 224 ius
611 197 812 224 NATURAE
836 206 856 213 —
878 197 985 224 PARs
1015 197 1040 223 1.
1070 197 1136 224 ms
1164 197 1442 225 molvinUALE

185 274 459 327 conceptione
478 274 725 314 relationum
745 272 926 314 hominis
943 280 983 314 et
999 274 1140 314 mundi
1156 274 1209 314 ad
1226 275 1359 313 Deum
1381 274 1664 323 collocaverit,
1686 274 1771 314 cul-

183 345 270 378 tum
287 339 520 391 generatim
541 337 754 378 constituit
774 337 815 376 in
837 338 1106 390 eoepressione
1127 340 1303 377 externa
1324 339 1481 376 harum
1503 338 1766 378 relationum

179 416 260 455 per
289 403 486 456 symbula
518 405 596 441 aut
622 402 749 455 siyna
778 402 991 454 quaedam
1024 400 1239 442 sensibilia
1260 403 1329 452 (1).
1351 403 1406 442 At
1434 416 1592 455 magna
1622 401 1774 442 confu-

184 466 246 506 sio
267 467 336 506 hic
367 480 457 506 cum
480 466 660 506 falsitate
677 466 890 506 miscetur.
909 465 1142 518 Religionis
1159 466 1282 513 enim,
1300 470 1345 505 ut
1360 465 1551 515 diximus,
1570 466 1653 506 alia
1670 479 1769 518 pars

183 533 516 585 speculationem
544 532 727 584 respicit,
759 533 842 572 alia
872 533 1092 572 actionem.
1124 533 1201 571 Illa
1229 532 1343 572 iubet
1372 538 1415 571 ut
1445 533 1766 574 convenientem

183 598 373 638 notitiam
395 600 445 639 de
467 599 555 639 Deo
576 598 745 651 eiusque
762 598 1085 651 perfectionibus
1101 611 1389 651 assequamur;
1406 598 1512 640 haec
1530 606 1669 640 autem
1686 599 1768 638 im-

184 668 303 714 perat
318 668 362 702 ut
378 664 467 702 Deo
484 663 560 703 rite
577 663 746 715 cognito
764 663 944 702 debitum
963 662 1206 715 obsequium
1222 661 1386 703 actibus
1403 663 1557 703 nostris
1574 664 1777 704 exhibea-

186 739 291 765 mus.
314 728 446 767 Porro
468 728 656 767 secunda
676 728 783 767 haec
802 741 898 779 pars
918 729 1074 767 cultum
1095 727 1320 776 constituit;
1339 727 1406 780 qui
1429 727 1621 767 dividitur
1641 728 1682 767 in
1699 728 1765 768 in-

187 798 350 832 ternum
368 797 408 831 et
423 798 656 832 externum.
676 792 821 832 Cultus
836 792 1025 832 internus
1046 798 1109 832 est
1124 791 1362 832 reverentia
1379 798 1419 831 et
1435 791 1677 844 obsequium
1695 805 1769 831 su-

186 869 329 909 premo
360 856 529 895 Numini
549 856 711 896 actibus
733 857 871 895 animo
888 856 1063 896 internis
1080 855 1321 896 exhibitum.
1340 856 1500 895 Horum
1516 855 1768 908 praecipuus

187 929 249 964 est
270 924 483 972 adoratio,
506 936 612 975 quae
631 922 727 962 inde
744 922 885 971 oritur,
904 923 1012 974 quod
1029 924 1142 962 Deus
1159 922 1321 962 anobis
1338 923 1606 975 cognoscitur
1623 929 1666 962 ut
1683 923 1770 964 Ens

186 990 393 1042 quoddam
415 989 645 1029 maximum
675 995 715 1028 et
744 989 1163 1041 praestantissimum,
1193 989 1301 1042 quod
1322 1003 1347 1028 a
1367 990 1481 1028 nulla
1511 989 1594 1029 alia
1622 1002 1666 1028 re
1700 1002 1774 1027 un-

188 1066 311 1105 quam
333 1053 598 1106 aequiparari
619 1053 764 1106 possit,
796 1053 870 1093 sed
900 1053 1105 1093 immenso
1136 1053 1356 1094 intervallo
1387 1053 1585 1093 universa
1606 1059 1773 1106 superet

186 1133 238 1159 ac
259 1119 335 1159 sub
358 1120 513 1160 ditione
535 1125 689 1168 teneat,
710 1126 924 1172 tamquam
947 1120 1149 1169 conditor,
1171 1120 1425 1173 gubernator
1443 1127 1482 1160 et
1498 1127 1644 1160 motor.
1666 1119 1770 1159 Cum

184 1198 285 1225 vero
308 1185 433 1225 etiam
455 1192 497 1224 ut
518 1185 611 1225 sons
633 1186 769 1225 omnis
791 1185 899 1234 boni,
921 1199 1001 1238 quo
1022 1185 1209 1234 fruimur,
1241 1192 1284 1225 ut
1314 1199 1533 1238 supremus
1563 1185 1768 1225 Dominus

186 1263 237 1290 ac
267 1251 496 1304 legislator,
527 1258 571 1291 ut
592 1265 758 1291 summa
787 1252 974 1304 potentia
1005 1259 1043 1292 et
1072 1252 1230 1292 iustitia
1258 1253 1481 1305 praeditus,
1513 1260 1555 1291 ut
1585 1251 1770 1291 maxime

189 1315 406 1355 beneficus
436 1321 476 1355 et
504 1315 680 1368 largitor
709 1316 963 1368 magnificus
994 1317 1245 1365 innotescat;
1274 1316 1457 1356 debitum
1486 1315 1764 1369 gratitudinis,

186 1378 417 1432 gratiarum
442 1379 637 1428 actionis,
659 1380 935 1430 obedientiae,
959 1381 1184 1429 servitutis,
1206 1381 1377 1430 timoris,
1409 1381 1511 1434 spei,
1534 1394 1706 1433 precum
1728 1388 1768 1420 et

183 1445 467 1486 invocationis
489 1448 690 1499 exsurgit.

239 1511 385 1552 Cultus
406 1518 604 1552 externus
625 1520 689 1552 est
708 1514 846 1554 cultus
866 1513 1019 1554 interni
1040 1513 1256 1566 expressio
1287 1513 1498 1553 sensibilis
1528 1518 1568 1553 et
1597 1511 1768 1553 manife-

187 1578 323 1618 statio.
346 1578 487 1625 Quare
508 1578 561 1618 ab
581 1578 758 1618 internis
778 1580 942 1619 actibus
964 1580 1152 1632 separari
1173 1593 1257 1619 non
1280 1585 1426 1631 potest,
1449 1579 1547 1632 quin
1567 1593 1593 1618 a
1614 1579 1678 1619 sui
1700 1592 1768 1618 na-

185 1649 281 1682 tura
302 1643 525 1692 desciscat,
547 1650 587 1683 et
608 1643 650 1682 in
679 1644 937 1696 hypocrisim
959 1650 1228 1684 convertatur
1247 1657 1298 1683 ac
1319 1642 1668 1695 superstitionem.
1692 1642 1766 1681 Di—

184 1705 268 1745 vidi
299 1713 438 1746 autem
461 1713 596 1759 potest
616 1707 659 1746 in
690 1709 939 1747 naturalem
961 1714 1000 1748 et
1031 1709 1329 1756 arbitrarium,
1360 1713 1482 1759 prout
1510 1708 1577 1746 vel
1606 1707 1770 1746 actibus

186 1777 363 1820 constat,
384 1772 452 1824 qui
473 1779 620 1825 suapte
636 1782 787 1814 natura
807 1774 931 1826 signa
952 1782 1050 1814 sunt
1065 1774 1274 1814 interioris
1295 1775 1485 1821 affectus,
1507 1779 1579 1813 aut
1600 1779 1766 1814 constat

184 1839 331 1879 ritibus
354 1851 406 1878 ex
425 1838 562 1878 libera
583 1840 796 1880 voluntate
818 1841 871 1879 ad
892 1840 1077 1880 eiusdem
1095 1840 1448 1893 significationem
1465 1838 1767 1880 determinatis.

184 1904 238 1942 Et
257 1902 423 1955 quidem
446 1903 481 1942 si
502 1917 528 1943 a
548 1905 636 1944 Deo
658 1905 703 1943 fit
725 1904 928 1944 eiusmodi
950 1904 1250 1952 determinatio,
1268 1905 1403 1944 cultus
1424 1903 1477 1943 ad
1496 1903 1562 1942 ius
1583 1902 1768 1942 divinum

184 1966 411 2019 positivum
433 1967 666 2018 pertinebit;
697 1967 761 2008 sin
782 1969 827 2007 fit
856 1968 908 2007 ab
931 1968 1113 2016 homine,
1145 1968 1199 2008 ad
1227 1968 1268 2008 id
1293 1974 1541 2020 potestatem
1571 1966 1764 2014 habente,

185 2032 391 2085 spectabit
412 2033 464 2072 ad
485 2033 550 2073 ius
570 2033 814 2074 humanum.

239 2097 302 2135 34.
317 2097 445 2137 Error
460 2099 764 2139 nonnullorum.
784 2100 974 2139 Iamvero
997 2099 1132 2138 cultus
1154 2098 1314 2140 externi
1335 2097 1643 2144 necessitatem,
1662 2109 1768 2148 qua-

183 2166 305 2200 tenus
325 2174 351 2199 a
370 2160 458 2200 iure
479 2172 654 2202 naturae
675 2162 984 2214 praescribitur,
1002 2162 1174 2202 inficiati
1195 2168 1292 2202 sunt
1310 2161 1576 2208 Thomasius,
1595 2159 1769 2212 eiusque

183 2226 396 2279 pedisequi
410 2227 591 2267 Dunzius
607 2228 1063 2270 etKemmerichiusHi
1081 2227 1289 2278 enim,etsi
1307 2226 1595 2267 concesserint
1608 2226 1768 2265 cultum

186 2298 404 2333 externum
425 2293 582 2333 bonum
604 2307 698 2334 esse
720 2304 759 2334 et
779 2297 945 2344 iustum,
967 2301 1107 2335 tamen
1129 2295 1435 2335 contenderunt
1465 2292 1670 2332 rationem
1692 2291 1771 2332 sibi

184 2358 374 2398 relictam
392 2359 482 2399 eius
499 2360 793 2401 necessitatem
811 2374 1074 2413 nequaquam
1093 2361 1299 2412 detegere.
1316 2361 1485 2400 Ahrens
1503 2371 1616 2407 vero,
1633 2358 1766 2399 ratio-

184 2423 433 2465 nalistarum
456 2426 709 2465 Germaniae
727 2426 1010 2466 deliramentis
1025 2426 1221 2474 imbutus,
1235 2426 1276 2465 in
1290 2425 1433 2478 primis
1445 2425 1690 2477 religionem
1708 2423 1769 2462 sic

186 2490 394 2539 describit,
413 2500 457 2531 ut
477 2493 615 2532 cultus
633 2498 832 2532 externus
848 2492 900 2532 ab
918 2506 968 2532 ea
985 2492 1149 2532 excludi
1167 2505 1338 2544 prorsus
1357 2491 1556 2531 videatur.
1574 2489 1644 2529 Ait
1660 2488 1773 2529 enim

186 2555 432 2607 religionem
455 2557 616 2597 definiri
637 2571 772 2611 posse:
793 2558 1003 2611 Liyamen
1020 2559 1206 2598 hominis
1224 2558 1267 2597 in
1288 2557 1447 2611 spiritu
1467 2558 1508 2596 et
1526 2555 1652 2594 corde
1673 2568 1768 2594 cum

191 2621 299 2661 Ente
318 2634 530 2674 supremo,
549 2625 674 2676 quod,
695 2626 740 2663 ut
757 2624 1029 2677 providentia
1051 2624 1306 2676 intelligens,
1334 2623 1542 2675 yubernet
1562 2621 1768 2660 mundum

191 2689 232 2726 et
252 2688 379 2726 vitam
401 2701 565 2727 omnem
583 2690 897 2742 particularem
920 2692 993 2743 (2).
1017 2690 1176 2730 Deinde
1198 2689 1248 2730 de
1270 2689 1382 2729 cultu
1412 2689 1605 2740 loquens,
1636 2687 1773 2739 ipsum

231 2842 282 2883 (1)
300 2843 390 2876 Vide
407 2845 549 2883 Cousm,
564 2846 749 2884 DAMIRON,
765 2848 952 2880 Jourrnor
967 2849 1002 2879 et
1019 2850 1163 2880 ceteros
1180 2845 1317 2888 passim
1334 2845 1531 2878 eclectismi
1547 2845 1727 2878 asseclas.

232 2893 281 2935 (52)
309 2894 426 2928 Cous-s
449 2895 493 2929 dc
517 2896 618 2930 droit
641 2898 802 2936 nazarei,
825 2898 940 2940 partie
965 2899 1020 2937 ΙΙΙ,
1043 2899 1098 2931 ch.
1123 2899 1151 2930 1.
