1970 3203
308 236 455 264 CAPUT.
482 236 506 261 1.
535 235 588 273 DE.
617 235 806 262 GENTIUM
833 235 1134 262 RELATIONIBUS
1163 235 1206 261 ΙΝ
1235 235 1371 262 STATU
1401 235 1520 262 PACIS
1630 221 1707 261 339

148 310 260 349 niam
278 309 426 349 summi
445 309 698 360 imperantes
718 315 846 349 totam
870 309 1167 361 rempublicam
1186 315 1502 361 repraesentant
1513 323 1522 358 ;
1545 308 1706 356 iniuria,

144 385 250 426 quae
282 371 387 412 forte
415 371 516 423 ipsis
544 372 756 420 inferatur,
785 378 1000 426 tamquam
1031 372 1104 412 toti
1133 373 1323 413 societati
1356 373 1473 412 illata
1508 372 1702 412 conside-

142 438 277 478 randa
304 444 380 477 est.
403 438 535 477 Immo
564 438 740 478 laeditur
768 439 882 479 natio
911 439 1074 479 etiamsi
1105 439 1170 479 vel
1201 452 1326 478 unum
1356 452 1377 479 e
1399 439 1486 479 suis
1507 438 1705 479 membris

138 504 183 544 in
215 516 394 555 persona
427 510 498 542 aut
526 504 685 544 honore
714 512 784 544 aut
812 505 938 544 rebus
966 504 1115 544 iniuste
1145 505 1387 545 offendatur.

191 569 380 621 Denique
410 569 584 621 pertinet
613 570 666 609 ad
681 570 954 610 reverentiam
976 570 1133 610 iuribus
1153 571 1323 611 alterius
1351 571 1487 623 gentis
1505 571 1701 619 debitam,

137 639 181 674 ut
208 635 318 674 haec
348 634 390 673 in
420 648 499 674 usu
531 636 721 687 propriae
750 636 952 675 libertatis
981 636 1150 675 minime
1178 637 1423 688 impediatur
1445 669 1454 684 ‚
1487 638 1623 689 quoad
1655 650 1705 676 ea

137 700 292 749 omnia,
325 714 431 753 quae
458 701 735 741 relationibus
764 708 850 741 tum
869 701 1043 741 internis
1063 708 1147 741 tum
1168 702 1291 741 etiam
1322 703 1509 742 externis
1537 716 1705 755 respon-

139 764 248 803 dent.
282 764 399 810 Quae
428 763 521 803 iura
549 764 734 815 profecto
764 765 1031 813 violarentur,
1062 765 1096 804 si
1126 772 1269 805 extera
1289 766 1402 806 natio
1431 766 1593 806 interno
1615 766 1705 806 eius

137 826 329 878 regimini
359 832 399 866 et
427 827 606 879 negotiis
627 840 673 867 se
696 827 959 876 immisceret,
984 834 1054 867 aut
1074 828 1259 868 eiusdem
1279 830 1531 868 commercia
1559 837 1598 870 et
1614 829 1704 870 foe-

138 890 240 930 dera
270 905 363 930 cum
394 891 489 930 aliis
518 891 660 931 liberis
676 891 913 931 nationibus
935 896 1076 931 vetare
1096 898 1167 931 aut
1188 892 1310 931 etiam
1341 892 1547 931 moderari
1568 894 1703 942 vellet,

135 961 208 993 aut·
230 955 539 994 controversiae
562 956 684 994 ullius
705 955 960 995 dirimendae
980 955 1176 994 iudicium
1198 955 1275 995 sibi
1296 955 1546 994 adsciscere.
1567 956 1703 1008 Atque

136 1020 244 1059 haec
273 1020 410 1072 quoad
440 1021 579 1060 officia
608 1021 943 1062 internationalis
974 1021 1157 1061 iustitiae
1187 1022 1374 1060 innuisse
1403 1021 1596 1061 sufficiat.

190 1087 225 1125 7.
255 1086 396 1126 Officia
423 1087 726 1127 beneficentiae
757 1099 832 1128 seu
860 1100 962 1139 pure
991 1088 1178 1128 moralia.
1210 1088 1356 1134 Quoad
1386 1087 1526 1127 officia
1553 1088 1703 1128 benefi-

136 1148 311 1197 centiae,
344 1162 438 1188 cum
467 1163 550 1188 non
582 1150 717 1189 minus
746 1150 949 1199 nationes,
980 1165 1102 1203 quam
1132 1152 1324 1191 homines
1361 1150 1571 1199 individui,
1607 1152 1700 1203 lege

139 1221 315 1254 naturae
343 1221 576 1263 teneantur;
595 1229 645 1256 ea
660 1229 767 1268 quae
783 1216 936 1268 singuli
958 1217 1150 1256 homines
1166 1217 1273 1257 inter
1288 1230 1346 1265 se,
1363 1217 1556 1256 nationes
1574 1217 1699 1256 etiam

141 1280 219 1320 sibi
237 1281 413 1321 invicem
432 1288 646 1333 praestare
663 1282 822 1322 debent.
841 1284 992 1331 Quare,
1008 1283 1075 1335 qui
1093 1283 1395 1335 rebuspublicis
1411 1283 1700 1323 administran-

137 1346 200 1385 dis
231 1347 430 1396 assident,
447 1360 530 1386 non
559 1348 621 1387 sic
650 1348 827 1400 propriis
848 1348 1009 1388 civibus
1025 1350 1258 1396 consulant,
1279 1354 1323 1387 ut
1343 1348 1578 1388 dilectionis
1596 1362 1698 1401 erga

134 1413 314 1464 reliquas
343 1413 565 1453 societates
596 1420 667 1454 aut
697 1414 937 1454 universum
970 1415 1185 1454 hominum
1219 1428 1350 1465 genus
1384 1415 1695 1455 obliviscantur.

133 1475 199 1514 Ad
230 1489 316 1515 rem
339 1477 524 1516 Tullius:
548 1491 567 1513 «
590 1478 669 1523 Qui
698 1478 850 1517 civium
879 1478 1084 1518 rationem
1113 1479 1254 1518 dicunt
1283 1480 1532 1527 habendam,
1555 1486 1695 1519 exter-

132 1554 280 1580 norum
311 1548 477 1594 negant;
497 1542 540 1581 hi
562 1543 756 1583 dirimunt
777 1557 1038 1584 communem
1054 1544 1225 1584 humani
1245 1545 1411 1596 generis
1437 1545 1694 1585 societatem:

132 1618 215 1656 qua
243 1605 419 1651 sublata,
449 1606 737 1654 beneficentia,
767 1607 1008 1656 liberalitas,
1038 1607 1214 1655 bonitas,
1235 1608 1391 1647 iustitia
1419 1608 1601 1647 funditus
1621 1609 1694 1647 tol-

131 1669 250 1719 litur;
281 1685 387 1723 quae
403 1671 470 1724 qui
493 1673 648 1720 tollunt,
668 1673 791 1712 etiam
812 1675 1015 1713 adversus
1039 1674 1151 1713 Deos
1170 1674 1425 1712 immortales
1454 1673 1566 1725 impii
1586 1673 1694 1712 iudi-

133 1736 257 1775 candi
286 1744 407 1785 sunt,
439 1737 490 1776 ab
534 1736 585 1776 iis
624 1738 733 1777 enim
777 1739 1044 1778 constitutam
1082 1739 1187 1778 inter
1217 1738 1408 1778 homines
1445 1738 1690 1778 societatem

131 1802 403 1849 evertunt(1).
418 1815 438 1838 »
461 1802 592 1840 Immo
611 1802 752 1841 verosi
768 1802 901 1841 civilis
913 1802 1094 1842 societas
1107 1802 1159 1841 ad
1169 1802 1378 1841 hominem
1390 1800 1691 1840 nobilitandum

131 1869 254 1914 atque
275 1864 577 1916 perficiendum
598 1871 784 1916 spectat;
815 1879 866 1905 ex
887 1865 975 1905 eius
992 1865 1250 1905 institutione
1269 1878 1352 1904 non
1368 1864 1489 1903 modo
1512 1877 1595 1902 non
1616 1864 1691 1903 dis-

129 1927 348 1966 solvuntur
362 1934 530 1968 mutuae
542 1929 944 1968 omniumhominum
963 1929 1237 1976 relationes,a
1257 1934 1405 1966 natura
1421 1933 1696 1980 emergenteS,

130 1991 205 2030 sed
225 1992 360 2043 potius
381 1999 616 2044 augescunt
636 1998 677 2032 et
698 1993 929 2032 dilatantur.
952 1994 1001 2031 Et
1022 1992 1215 2044 quoniam
1237 1991 1388 2040 officia,
1407 1991 1554 2043 quibus
1571 1982 1694 2030 homo

137 2053 296 2094 homini
326 2055 570 2105 devincitur,
602 2070 685 2096 non
716 2057 849 2096 solum
878 2057 1078 2109 negantia
1105 2061 1215 2102 sunt,
1245 2062 1450 2108 quatenus
1475 2055 1695 2107 prohibent

131 2131 184 2157 ne
213 2120 317 2159 alter
349 2121 469 2160 alteri
499 2128 663 2169 noceat,
694 2135 836 2162 verum
870 2122 997 2160 etiam
1027 2126 1123 2160 sunt
1144 2120 1408 2168 affirmantia,
1429 2125 1632 2172 quatenus
1652 2126 1696 2157 ut

131 2183 229 2224 aliis
259 2184 574 2225 benefaciamus
603 2186 832 2238 imperant3
862 2187 968 2226 haec
999 2185 1155 2225 fortiori
1185 2186 1271 2224 iure
1300 2185 1407 2224 inter
1436 2184 1624 2223 diversas
1654 2190 1695 2223 et-

131 2245 352 2287 distinctas
381 2254 528 2300 gentes
548 2249 720 2302 vigeant
740 2263 913 2289 necesse
929 2256 1002 2289 est.
1020 2250 1112 2288 Non
1129 2249 1249 2288 modo
1267 2249 1375 2288 enim
1392 2248 1434 2287 in
1448 2248 1498 2287 iis
1516 2247 1693 2286 vividius

130 2313 426 2366 potentiusque
454 2314 639 2354 humana
666 2322 817 2356 natura
846 2316 1020 2364 relucet;
1051 2328 1195 2354 verum
1216 2315 1340 2354 etiarn
1369 2314 1589 2362 iunctione,
1612 2326 1693 2366 qua

131 2384 355 2427 constant,
386 2380 571 2431 pluribus
600 2381 813 2421 abundant
840 2381 1084 2434 praesidiis,
1115 2394 1238 2432 quam
1267 2379 1457 2419 homines
1486 2379 1692 2432 separati;

135 2449 258 2496 atque
286 2445 378 2485 ideo
409 2446 558 2485 officiis
588 2446 790 2487 eiusmodi
818 2448 942 2499 longe
972 2447 1121 2487 melius
1151 2446 1395 2486 satisfacere
1424 2451 1610 2497 possunt.

183 2509 337 2547 Eorum
368 2515 506 2549 autem
536 2510 768 2549 officiorum
800 2511 1000 2550 exhibitio
1020 2511 1102 2550 hac
1123 2509 1414 2562 praeceptione
1444 2508 1625 2561 regitur:
1646 2516 1689 2548 ut

128 2585 314 2625 quaeque
344 2586 450 2625 gens
484 2574 658 2613 aliarum
691 2576 875 2628 gentium
904 2576 1082 2615 salutem
1114 2582 1154 2615 et
1189 2574 1425 2614 felicitatem
1455 2580 1564 2614 amet
1594 2588 1691 2626 pro-

128 2645 335 2692 curetque.
368 2639 621 2681 Subauditur
649 2647 790 2681 tamen
820 2641 1025 2682 conditio:
1053 2654 1107 2681 ne
1136 2641 1196 2680 sic
1227 2640 1389 2688 officiis,
1420 2641 1566 2692 quibus
1587 2653 1684 2692 erga

128 2702 314 2755 seipsam
342 2705 626 2758 adstringitur,
648 2713 811 2746 noceat.
844 2708 947 2747 Cum
977 2707 1084 2747 enim
1106 2719 1292 2759 quaeque
1322 2706 1503 2746 societas
1536 2705 1690 2745 arctis-

127 2766 235 2807 sima
263 2770 443 2821 quadam
485 2771 740 2823 obligatione
779 2778 968 2813 teneatur
995 2771 1273 2825 prospiciendi
1303 2771 1410 2811 bono
1454 2771 1660 2812 sociorum
1680 2801 1689 2818 ,

172 2905 222 2945 (1)
247 2906 302 2940 De
325 2907 479 2951 officiis,
500 2910 525 2949 I,
546 2910 602 2949 111,
624 2921 651 2944 c.
675 2913 718 2944 V.
