1970 3203
501 228 637 254 CAPUT
667 230 688 254 ι.
720 229 772 255 DE
803 230 1035 257 sooffiTA'rE
1065 231 1301 257 DOMESTICA
1649 221 1727 259 217

161 311 323 362 integro
352 307 494 348 referri
523 314 711 360 nequeat,
741 309 815 348 sed
853 309 1044 362 quisque,
1075 323 1205 362 aeque
1234 324 1284 350 ac
1314 310 1485 363 reliqui,
1517 312 1720 353 rationem

159 377 254 416 finis
281 374 458 415 retineat
486 388 589 427 opus
619 381 694 423 est,
723 381 915 427 respectu
945 389 1095 423 rerum,
1117 389 1223 428 quae
1245 377 1286 415 in
1307 378 1460 417 mundo
1482 385 1589 418 sunt.
1613 379 1722 419 Hinc

151 438 413 492 operationes
442 437 603 490 aliquas
632 438 788 478 habere
819 439 950 487 debet,
972 451 1077 490 quae
1108 440 1197 479 eius
1217 440 1433 481 utilitatem
1455 450 1657 493 spectent,
1679 450 1721 483 et

148 504 410 557 personalem
431 503 793 555 independentiam
815 503 1112 555 praeseferant.
1134 506 1251 544 Haec
1274 506 1414 546 omnia
1444 520 1538 546 cum
1569 508 1720 547 condi—

148 568 260 607 tione
288 567 508 618 mancipii,
539 567 799 607 strictissime
829 567 1003 619 sumpti,
1036 568 1202 606 omnino
1232 577 1430 620 pugnant.

200 636 344 685 Neque
368 633 432 672 ius
462 633 568 681 belli,
598 633 665 673 cui
692 633 952 685 potissimum
974 633 1092 685 origo
1118 633 1320 674 eiusmodi
1349 636 1560 676 servitutis
1590 637 1715 677 tribui

145 700 319 747 solebat,
350 699 433 738 vim
465 699 590 738 ullam
611 699 766 738 habere
806 705 940 751 potest
972 699 1025 738 ad
1053 712 1146 738 eam
1176 699 1404 751 legitimam
1431 710 1471 741 et
1491 702 1713 742 honestam

148 764 424 805 efficiendam.
457 763 574 810 Quod
604 763 713 802 enim
733 761 977 803 immutabili
997 776 1135 802 rerum
1157 763 1290 802 ordini
1313 765 1571 812 contradicit,
1602 765 1717 804 nulla

145 830 185 869 vi
214 830 367 869 iustum
397 828 505 867 effici
535 834 683 879 potest.
714 827 897 867 Bellator
926 833 1064 866 autem
1095 826 1260 866 nonnisi
1290 827 1386 866 dum
1416 836 1512 866 actu
1541 836 1714 881 pugnat,

145 906 222 934 seu
242 893 339 931 dum
360 890 593 932 necessitas
614 898 734 942 urget
754 891 978 941 repellendi
1000 892 1083 930 vim
1103 891 1309 939 hostilem,
1332 891 1396 931 ius
1426 892 1551 931 habet
1573 894 1711 932 utendi

144 956 314 1011 gladio,
346 955 415 994 ubi
444 968 542 994 vero
571 968 711 1006 pugna
741 955 918 1002 desierit,
947 968 1030 994 non
1052 955 1157 995 alias
1177 969 1335 1007 poenas
1356 956 1543 1009 infligere
1573 964 1710 1008 potest

147 1021 261 1073 genti
290 1020 438 1067 victae,
468 1019 546 1058 nisi
577 1031 661 1067 eas,
693 1032 798 1070 quae
828 1019 1008 1058 iustitiae
1036 1019 1152 1071 leges
1181 1026 1220 1059 et
1254 1020 1497 1072 dignitatem
1529 1020 1710 1060 hominis

143 1100 436 1140 neaquaquam
465 1086 644 1126 laedant.

197 1150 488 1197 Nihilominus,
518 1150 625 1189 haec
655 1156 769 1188 tanta
785 1149 956 1188 humani
972 1149 1140 1200 generis
1156 1149 1307 1188 iniuria
1324 1151 1428 1189 adeo
1450 1151 1557 1202 apud
1580 1151 1709 1190 ethni-

140 1231 213 1258 cos
242 1218 416 1270 populos
433 1216 719 1268 grassabatur,
742 1222 784 1254 ut
800 1215 924 1254 fidem
946 1228 1110 1255 omnem
1132 1216 1337 1256 excedere
1356 1216 1552 1255 videatur.
1576 1216 1710 1268 Saepe

138 1284 328 1335 integrae
348 1288 494 1334 gentes
516 1281 704 1320 servituti
723 1281 782 1320 illi
802 1280 1110 1328 addicebantur,
1131 1289 1174 1319 ut
1204 1282 1408 1321 Penestae
1437 1282 1546 1333 apud
1576 1282 1706 1321 Thes-

139 1349 266 1395 salos
283 1353 321 1387 et
339 1348 468 1386 Ilotae
485 1345 594 1397 apud
616 1346 969 1385 Lacedaemones.
989 1346 1167 1386 Athenis
1183 1359 1312 1397 supra
1328 1352 1504 1398 quatuor
1525 1353 1702 1386 centena

138 1411 267 1451 millia
282 1410 597 1462 mancipiorum,
615 1410 684 1448 vix
706 1410 850 1462 viginti
868 1410 997 1450 millia
1016 1410 1168 1449 civium
1179 1412 1518 1451 recensebantur.
1541 1413 1702 1452 Romae

139 1477 317 1529 denique
345 1476 467 1515 turba
497 1475 799 1527 mancipiorum
821 1476 881 1516 sic
902 1476 1149 1523 increverat,
1171 1483 1215 1516 ut
1235 1478 1452 1529 plusquam
1482 1485 1567 1518 tres
1596 1478 1708 1518 inco-

96 1566 99 1570 »
137 1542 272 1580 larum
303 1545 442 1591 partes
462 1539 818 1590 complecteretur.
837 1542 1017 1579 Tantum
1041 1540 1245 1592 flagitium
1265 1541 1361 1580 inde
1390 1543 1575 1590 defluxit,
1597 1544 1705 1595 quod

137 1605 419 1655 paganismus
450 1602 584 1641 ideam
622 1603 832 1643 humanae
872 1603 1143 1644 excellentiae
1178 1605 1341 1656 penitus
1374 1606 1668 1647 obliteraverat
1698 1624 1707 1657 3

134 1678 271 1722 atque,
301 1668 471 1707 inducta
503 1667 787 1716 Statolatmd,
819 1669 959 1707 onmia
988 1668 1079 1708 iura
1125 1670 1306 1710 hominis
1336 1685 1361 1709 a
1389 1671 1478 1711 iure
1522 1673 1704 1713 civitatis

135 1734 257 1775 unice
275 1734 497 1786 repetebat.
518 1734 782 1774 Christianae
804 1735 1012 1786 Religioni
1034 1743 1253 1787 acceptum
1274 1737 1419 1776 referri
1440 1738 1572 1785 debet,
1595 1741 1705 1792 quod

135 1799 366 1839 instaurato
396 1806 600 1849 conceptu
629 1799 939 1849 personalitatis
959 1800 1181 1848 humanae,
1202 1802 1400 1853 paulatim
1425 1816 1449 1841 a
1479 1802 1601 1842 foedo
1622 1804 1702 1844 hoc

135 1863 272 1903 ulcere
302 1876 438 1914 genus
466 1863 695 1901 humanum
726 1871 915 1903 curatum
949 1865 1014 1904 sit.

571 1993 816 2045 CAPUT
856 1995 1263 2048 SECUNDUM

682 2144 733 2170 DE
764 2143 995 2170 SOCIETATE
1026 2145 1155 2171 CIVlLI.

183 2259 246 2299 29.
279 2261 381 2308 Quid
409 2262 592 2303 societas
621 2263 770 2303 civilis.
803 2264 902 2302 Sola
930 2263 1097 2312 familia,
1120 2279 1193 2317 per
1213 2279 1259 2306 se
1275 2280 1465 2307 seorsum
1496 2267 1698 2319 inspecta.

135 2324 389 2376 indigentiae
416 2326 626 2367 humanae
655 2329 774 2380 plene
804 2330 1092 2381 cumulateque
1122 2331 1312 2383 opitulari
1351 2333 1520 2373 minime
1549 2341 1700 2385 potest.

132 2388 241 2428 Nam
272 2388 504 2429 domestica
532 2391 713 2431 societas
742 2392 822 2430 hoc
852 2399 1011 2431 tantum
1033 2396 1197 2446 proprie
1218 2402 1391 2447 spectat,
1422 2403 1466 2436 ut
1495 2396 1620 2435 homo
1642 2396 1699 2435 in-

128 2452 322 2493 dividuus
352 2454 479 2494 veluti
510 2457 776 2508 compleatur,
807 2466 1079 2499 conservetur
1109 2465 1147 2498 et
1168 2462 1287 2512 quasi
1304 2461 1563 2512 perennitate
1593 2463 1631 2501 vi
1653 2464 1697 2502 fi-

125 2515 274 2556 liorum
312 2519 506 2569 gaudeat.
547 2521 602 2558 At
644 2527 889 2571 praeterea,
928 2522 1020 2573 ipsa
1054 2537 1233 2575 persona
1274 2524 1471 2572 humana,
1511 2525 1594 2564 iam
1632 2526 1694 2566 sic

113 2574 334 2635 'completa
362 2590 402 2623 et
428 2598 701 2637 permanens,
735 2586 1029 2637 amplificanda
1059 2589 1365 2640 quodammodo
1395 2598 1458 2630 est
1479 2624 1488 2640 ,
1519 2592 1691 2632 ulterius

123 2646 376 2697 perficienda
404 2662 455 2688 ac
485 2650 712 2689 maioribus
742 2650 869 2690 veluti
899 2651 1044 2702 spatiis
1074 2652 1335 2703 explicanda.
1369 2655 1487 2701 Quod
1508 2661 1551 2694 ut
1581 2654 1689 2694 obti-

77 2725 79 2727 ·
123 2715 282 2758 neatur‚
313 2711 495 2763 largiora
524 2720 777 2765 quaeruntur
805 2714 990 2753 subsidia
1011 2748 1020 2763 ‚
1058 2716 1097 2754 vi
1124 2717 1292 2757 maioris
1333 2718 1546 2759 societatis
1568 2734 1577 2767 3
1611 2732 1694 2772 qua

123 2771 326 2812 stabiliter
344 2775 459 2826 ipsae
481 2776 662 2817 familiae
678 2779 856 2818 invicem
874 2780 1127 2830 copulentur,
1144 2794 1275 2833 eoque
1292 2773 1478 2831 numero,
1496 2784 1563 2836 qui
1585 2784 1692 2824 satis

125 2848 331 2888 superque
359 2839 411 2878 sit
440 2841 493 2884 ad
535 2843 655 2894 plene
684 2844 1024 2883 satisfaciendum
1070 2847 1392 2887 necessitatibus
1432 2850 1539 2889 vitae
1569 2857 1607 2889 et
1636 2851 1689 2889 ad

128 2900 380 2941 evolvendas
410 2903 531 2952 vires,
561 2906 708 2955 quibus
729 2907 853 2946 homo
874 2907 926 2946 ad
946 2909 1237 2960 perfectionem
1258 2911 1334 2950 sibi
1356 2920 1686 2953 consentaneam
