1970 3203
585 197 721 223 CAPUT
752 198 787 224 11.
819 198 870 225 DE
900 198 1130 225 socmrATE
1160 200 1279 226 01v1L1
1642 189 1718 226 241

198 273 319 313 Prob.
337 274 559 329 Rousseau
576 282 614 314 et
631 275 846 323 Beccaria,
869 275 1112 315 societatem
1133 289 1216 315 non
1236 289 1261 315 a
1277 282 1428 315 natura
1449 277 1522 315 sed
1539 289 1564 314 a
1582 276 1717 317 libera

147 339 357 378 voluntate
388 337 597 377 sociorum
627 338 877 386 derivantes,
909 351 1002 377 eam
1034 346 1077 377 ut
1106 339 1394 379 collectionem
1416 352 1498 378 non
1531 339 1712 379 familia-

142 415 231 440 rum
260 401 335 440 sed
363 401 585 440 hominum.
609 401 884 453 singularium
917 401 1208 443 traduxerunt.
1247 403 1362 443 Idem
1392 403 1548 442 faciunt
1578 404 1710 443 ratio-

142 466 319 506 nalistae
338 499 346 514 ‚
380 466 449 519 qui
479 467 766 507 abstractione
798 467 947 507 mentis
977 467 1219 507 societatem
1251 468 1505 516 dissolvunt,
1538 482 1715 521 eamque

142 531 275 570 denuo
305 531 598 582 redintegrant
625 544 698 582 per
718 531 960 583 implicitum
991 532 1141 570 saltem
1163 544 1414 572 consensum
1447 533 1613 572 civium.
1636 533 1718 572 Sed

145 595 252 634 haec
282 596 490 634 sententia
519 595 747 635 falsissima
780 605 854 635 est.
890 595 1102 642 Primum,
1133 595 1229 646 quia
1260 596 1321 633 vel
1352 595 1493 634 fabula
1523 596 1572 635 de
1603 599 1718 635 stata

144 662 340 707 naturae,
370 661 435 699 vel
457 660 544 699 eius
565 660 758 699 illudente
790 659 930 698 nititur
949 658 1131 699 fictione.
1157 658 1333 706 Deinde,
1351 660 1447 711 quia
1468 660 1713 700 societatem

144 722 350 762 assimilat
370 736 453 762 non
475 723 637 774 corpori
655 722 819 770 viventi,
842 722 960 761 cuius
982 728 1122 773 partes
1142 721 1224 761 sint
1246 723 1483 773 organicae;
1516 724 1589 762 sed
1611 736 1709 763 cor-

152 786 242 839 pori
262 789 385 839 plane
404 787 588 834 inanimi,
611 787 719 838 quod
749 787 837 826 solo
859 792 1095 838 aggregatu
1112 791 1345 824 atomorum
1368 791 1537 825 constet.
1562 786 1716 834 Tertio,

153 850 248 902 quia
273 864 516 902 processum
547 852 745 903 pervertit
773 857 960 896 naturae,
992 861 1097 901 quae
1126 848 1178 887 ab
1208 848 1449 899 imperfecto
1471 849 1524 887 ad
1554 849 1717 900 perfec-

147 919 231 954 tum
260 915 472 962 incedens,
489 915 664 966 primum
686 913 929 953 societatem
945 913 1116 952 inchoat
1132 912 1173 951 in
1190 912 1398 964 coniugiO,
1420 911 1567 951 deinde
1590 913 1714 952 latius

148 979 330 1032 explicat
360 981 402 1018 in
431 979 604 1027 familia,
636 979 802 1018 tandem
834 979 874 1017 in
904 978 1015 1018 civili
1046 977 1256 1018 consortio
1287 978 1478 1029 complet.

201 1048 263 1086 Ea
278 1046 403 1099 igitur
419 1046 612 1098 opinione
642 1046 810 1092 reiecta,
829 1045 1004 1084 dicimus
1022 1057 1225 1096 personas
1245 1043 1483 1083 individuas
1505 1044 1717 1084 civitatem

145 1110 381 1158 efformare,
413 1114 616 1161 quatenus
648 1108 731 1147 iam
762 1115 858 1147 ante
886 1108 929 1146 in
960 1107 1158 1146 familiam
1192 1112 1344 1147 coeunt
1374 1115 1414 1147 et
1444 1107 1716 1148 domesticam

143 1172 387 1212 societatem
418 1172 688 1212 constituunt.
721 1172 765 1210 Id
794 1178 908 1223 patet
929 1173 1074 1222 primo,
1104 1170 1212 1222 quia,
1246 1178 1288 1210 ut
1319 1171 1472 1210 dictum
1504 1180 1568 1211 est
1596 1172 1637 1211 in
1658 1186 1720 1212 ar·
1763 1176 1767 1178 ’

139 1238 271 1278 ticulo
292 1239 344 1286 II,
376 1238 510 1278 civilis
531 1238 714 1277 societas
736 1236 976 1277 naturaliter
1008 1236 1211 1288 originem
1235 1236 1345 1275 ducit
1371 1251 1396 1276 a
1418 1239 1718 1290 propagatione

145 1301 371 1341 domorum.
405 1301 602 1341 Proxime
634 1302 760 1353 igitur
791 1301 879 1341 eius
909 1302 1116 1340 elementa
1147 1306 1242 1340 sunt
1268 1301 1464 1349 familiae,
1495 1315 1577 1340 non
1608 1302 1718 1341 indi—

142 1367 278 1406 vidua.
311 1368 469 1407 Deinde
500 1367 681 1407 familiae
713 1373 940 1419 conceptus
971 1367 1154 1406 anterior
1185 1375 1246 1405 est
1288 1375 1489 1419 conceptu
1520 1368 1713 1415 civitatis,

144 1438 182 1470 et
213 1432 466 1472 domesticus
498 1432 718 1472 convictus
739 1432 875 1483 magis
898 1430 1057 1470 homini
1081 1437 1145 1469 est
1169 1430 1448 1478 necessarius,
1467 1445 1591 1483 quam
1613 1445 1718 1471 con-

147 1495 283 1536 victus
311 1495 516 1548 politicus.
539 1497 727 1547 Excepto
760 1497 866 1534 enim
889 1494 1020 1546 primo
1051 1500 1239 1545 parente,
1257 1494 1383 1532 ceteri
1406 1494 1599 1534 homines
1620 1507 1718 1533 non-

147 1563 230 1603 nisi
258 1563 300 1601 in
321 1563 476 1602 familia
495 1569 738 1609 nascuntur,
763 1570 801 1601 et
827 1561 864 1599 vi
887 1560 1069 1599 familiae
1091 1566 1406 1607 conservantur,
1439 1573 1532 1598 cum
1556 1567 1716 1608 contra,

152 1626 340 1666 absolute
362 1627 581 1678 loquendo,
605 1633 724 1665 extra
747 1625 990 1664 societatem
1013 1623 1176 1663 civilem
1210 1624 1335 1662 homo
1357 1623 1562 1663 exsistere
1581 1632 1620 1663 et
1642 1625 1719 1662 du-

151 1705 246 1732 rare
264 1698 418 1745 posset.
439 1692 561 1731 Unde
582 1692 708 1730 homo
724 1691 975 1737 individuus,
1004 1690 1119 1728 iuxta
1142 1694 1316 1728 naturae
1338 1689 1524 1728 ordinem
1543 1721 1550 1737 ,
1573 1689 1720 1729 fortius

148 1764 188 1797 et
215 1758 400 1797 intimius
421 1758 691 1809 adstringitur
710 1757 798 1796 iure
820 1756 1014 1804 familiae,
1033 1768 1157 1806 quam
1177 1755 1265 1793 iure
1282 1755 1479 1794 civitatis.
1502 1755 1633 1795 Civile
1650 1756 1721 1808 igi-

142 1828 206 1861 tur
232 1822 444 1862 vinculum
468 1822 663 1861 sabaudit
682 1821 849 1860 vincula
870 1819 1117 1867 domestica,
1139 1832 1189 1858 ac
1209 1819 1381 1870 proinde
1404 1819 1445 1857 in
1466 1825 1627 1858 tantum
1657 1821 1718 1858 ci—

146 1888 254 1927 vitas
285 1901 338 1928 ex
368 1887 592 1927 individuis
614 1886 853 1933 efflorescit,
884 1885 926 1924 in
956 1893 1155 1937 quantum
1175 1883 1390 1922 individua
1420 1883 1501 1922 iam
1533 1890 1628 1923 ante
1650 1884 1718 1923 fa-

143 1954 266 1993 miliis
295 1954 531 2005 alligantur.
564 1952 754 2004 Denique
785 1951 1067 1998 filiifamilias,
1096 1950 1228 1989 donec
1260 1949 1574 2000 emancipentur
1594 1981 1603 1996 ,
1635 1962 1719 1988 non

148 2026 244 2059 sunt
272 2031 444 2072 prorsus
474 2017 537 2058 sui
566 2016 678 2063 iuris,
712 2015 785 2054 sed
806 2015 1028 2054 subiacent
1058 2013 1217 2065 patriae
1238 2014 1446 2065 potestati,
1470 2026 1519 2052 ac
1546 2013 1719 2064 proinde

143 2089 352 2136 nequeunt
372 2096 444 2135 per
466 2095 511 2122 se
530 2079 723 2132 ampliori
745 2078 935 2118 societati
956 2076 1151 2125 adscribi,
1173 2077 1246 2116 sed
1267 2077 1400 2116 eidem
1422 2076 1719 2117 adscribuntur

142 2149 184 2188 vi
213 2148 386 2188 minoris
417 2146 641 2194 societatis,
660 2158 741 2197 qua
772 2143 1017 2183 naturaliter
1046 2142 1320 2182 continentur.

162 2256 164 2259 .
198 2215 261 2256 50.
291 2217 544 2255 PROPOSITIO
574 2215 630 2253 32.
668 2211 922 2251 Constantio
954 2210 1172 2249 naturalis
1210 2210 1428 2248 societatis
1472 2209 1588 2248 debet
1629 2222 1718 2249 esse

147 2278 356 2330 organica
387 2291 471 2317 non
503 2276 762 2316 mechanica.

199 2341 322 2380 Prob.
340 2342 386 2379 In
403 2342 484 2380 hoc
501 2340 767 2393 organismus
785 2352 809 2377 a
827 2337 1116 2378 mechanismo
1134 2336 1400 2389 differt,quod
1417 2336 1483 2375 hic
1500 2336 1718 2376 materiam

142 2407 321 2448 assumit
331 2408 637 2459 homogeneam
653 2414 692 2446 et
708 2418 884 2457 prorsus
900 2405 1086 2452 inertem,
1101 2415 1276 2455 eamque
1293 2402 1519 2442 artificiose
1537 2403 1718 2455 disponit

142 2471 196 2510 ad
217 2484 331 2510 mere
348 2470 633 2522 exequendum
651 2476 818 2516 motum,
836 2481 958 2519 quem
980 2467 1044 2506 vis
1060 2466 1199 2518 aliqua
1216 2474 1393 2506 externa
1415 2466 1487 2506 toti
1507 2466 1716 2519 imprimat

141 2534 251 2583 moli,
272 2533 340 2573 ille
364 2540 511 2573 contra
531 2533 592 2572 sic
614 2532 771 2571 unitate
792 2532 958 2583 gaudet,
980 2538 1023 2570 ut
1044 2537 1183 2570 tamen
1205 2530 1294 2569 eius
1324 2537 1471 2581 partes
1493 2531 1577 2570 sint
1597 2532 1718 2571 hete-

140 2612 365 2651 rogeneae,
381 2597 582 2651 peculiari
602 2603 810 2637 structura
832 2597 1023 2643 donatae,
1043 2600 1167 2646 atque
1182 2593 1309 2633 insita
1328 2593 1475 2633 virtute
1495 2601 1718 2645 operantes

141 2677 216 2716 pro
237 2677 365 2717 scopo
385 2664 645 2715 singularum
666 2661 844 2714 proprio,
875 2661 972 2701 licet
993 2671 1186 2699 connexo
1220 2672 1313 2697 cum
1345 2670 1473 2710 scopo
1496 2659 1716 2698 communi.

146 2729 349 2782 Exemplo
379 2729 432 2769 sit
452 2742 603 2781 corpus
632 2728 874 2774 humanum,
906 2725 966 2765 sic
996 2723 1126 2764 variis
1157 2723 1404 2762 coalescens
1434 2722 1642 2769 membris,
1675 2730 1716 2762 ut

148 2800 273 2845 caput
282 2806 366 2832 non
383 2793 462 2833 sibi
474 2793 656 2832 vindicet
674 2791 855 2831 officium
871 2796 1117 2840 ceterorum,
1134 2790 1207 2830 sed
1219 2802 1270 2829 ea
1285 2794 1445 2828 tantum
1461 2790 1706 2838 moderetur,

148 2866 270 2914 prout
284 2859 550 2899 incolumitas
572 2858 699 2910 exigit
718 2857 842 2898 totius
859 2855 1092 2908 compositi.
1105 2855 1181 2895 Vel
1199 2853 1323 2894 etiam
1338 2854 1527 2906 exemplo
1546 2853 1599 2893 sit
1614 2854 1715 2894 har-

229 2935 660 2969 LIBERATORE—Ethica
685 2937 720 2966 et
742 2935 806 2966 Ias
830 2937 994 2967 naturae
1596 2930 1633 2961 16
