1970 3203
1678 181 1728 221 39

595 335 842 389 CAPUT
883 335 1290 388 SECUNDUM

312 484 365 510 DE
395 484 664 511 OPERATIONE
695 485 874 512 HUMANA
903 484 1045 511 PROUT
1077 484 1322 510 ORDINATUR.
1352 485 1392 510 IN
1424 484 1562 511 FINEM.

199 600 492 640 28 PAm-1T10.
509 600 840 642 Destinationem
858 600 1037 640 hominis
1053 599 1095 638 in
1112 600 1192 639 hac
1207 600 1290 639 vita
1307 613 1397 640 eam
1414 614 1509 641 esse
1523 601 1713 648 diximus,

144 670 188 705 ut
204 667 256 705 ad
273 667 459 706 ordinem
476 667 675 707 moralem
692 668 946 706 servandum
963 666 1251 718 tuendumque,
1265 678 1339 705 seu
1355 667 1408 706 ad
1425 666 1586 707 virtutis
1602 679 1716 706 exer-

146 732 285 772 citium
314 733 511 773 intendat.
544 732 590 771 Id
619 733 743 772 homo
775 732 900 772 efficit
928 732 1091 772 actibus
1121 731 1219 778 suis,
1242 731 1293 770 ad
1323 745 1422 783 quos
1444 731 1714 783 explicandos

144 795 493 843 accedimusQua
508 796 549 835 in
569 809 614 836 re
635 797 741 836 haec
762 795 1025 848 potissimum
1047 794 1304 835 discutienda
1324 801 1433 834 sunt:
1454 796 1483 832 I.
1501 795 1714 842 FacuMas,

145 871 226 910 qua
256 859 355 898 ordo
384 859 554 899 moralis
575 859 789 911 detegitur.
813 860 864 897 ΙΙ.
885 860 1094 906 Facultas‚
1118 871 1223 910 quae
1244 863 1363 897 actus
1384 858 1563 896 morales
1592 857 1714 896 elicit.

145 924 218 962 III.
237 924 459 977 Principia,
477 938 582 978 quae
599 925 875 965 moralitatem
891 924 1053 964 actibus
1069 923 1264 962 humanis
1284 922 1535 975 impertiunt.
1554 922 1622 960 IV.
1642 922 1718 960 Im-

143 987 392 1039 putabilitas,
407 1002 512 1041 quae
530 989 686 1028 homini
703 989 897 1040 competit
914 994 1106 1039 respectu
1125 994 1292 1027 actuum
1305 984 1718 1026 moralium.V.Ratio

146 1052 277 1092 meriti
299 1054 364 1093 vel
385 1053 585 1102 demeriti,
606 1054 700 1094 inde
722 1055 941 1094 resultans.
962 1055 1031 1092 VI.
1052 1053 1290 1100 Passiones,
1313 1066 1417 1104 quae
1438 1051 1719 1091 moralitatem

143 1130 216 1170 per
231 1131 276 1158 se
297 1131 380 1158 non
400 1119 566 1168 habent,
589 1119 662 1160 sed
683 1119 933 1172 participant
954 1133 1006 1159 ex
1028 1118 1200 1158 rationis
1220 1118 1404 1170 imperio.
1426 1118 1517 1156 VII.
1542 1116 1720 1156 Habitus

143 1185 354 1234 morales,
385 1184 532 1236 quibus
561 1185 685 1225 homo
706 1186 758 1224 ad
789 1191 908 1225 actus
938 1186 1117 1224 morales
1149 1184 1404 1224 exserendos
1433 1183 1608 1222 iuvatur.
1640 1181 1717 1219 His

144 1261 243 1288 vero
274 1250 466 1290 omnibus
497 1250 739 1302 disceptatio
774 1250 1075 1302 praemittenda
1105 1256 1168 1290 est
1199 1250 1248 1288 de
1287 1249 1519 1288 moralitate
1551 1254 1716 1287 actuum

144 1315 432 1356 humanorum.

788 1446 1031 1484 AaricULus
1065 1446 1095 1484 Ι.

499 1572 566 1611 De
596 1573 841 1612 moralitate
871 1578 1043 1612 actuum
1073 1574 1372 1612 humanorum.

194 1701 256 1740 29.
273 1700 372 1748 Quid
386 1701 624 1741 moralitas.
642 1700 841 1740 Actiones
858 1702 1079 1749 humanae,
1097 1707 1300 1753 quatenus
1327 1702 1530 1742 honestae
1549 1701 1630 1740 sint
1651 1703 1717 1740 vel

140 1769 292 1814 turpes,
304 1764 483 1803 morales
499 1764 770 1816 appellantur.
782 1765 973 1804 Iamvero
990 1765 1206 1805 moralitas
1221 1779 1247 1805 a
1264 1778 1381 1805 more
1397 1766 1612 1805 nominata
1634 1772 1708 1810 est;

139 1838 231 1865 mos
251 1831 401 1874 autem,
423 1839 575 1879 graece
595 1828 688 1875 ἦθος,
716 1827 981 1867 multifariam
1012 1828 1146 1880 accipi
1167 1830 1271 1869 solet
1288 1830 1408 1868 Nam
1430 1829 1471 1868 in
1497 1828 1708 1880 significa-

141 1891 253 1932 tione
283 1891 488 1931 latissima
517 1898 740 1945 usurpatur
769 1893 822 1932 ad
851 1893 1104 1933 innuendam
1134 1894 1445 1934 inclinationem
1467 1893 1712 1934 naturaliter

139 1954 317 2002 insitam,
336 1962 500 2007 propter
519 1969 643 2007 quam
663 1969 731 1996 res
751 1957 923 2008 quaevis
944 1957 996 1995 ad
1012 1956 1170 1996 similes
1191 1964 1310 1996 actus
1328 1958 1392 1996 vel
1414 1957 1617 1996 motiones
1638 1956 1708 1995 im-

139 2020 311 2072 pellitur.
344 2021 435 2060 Hao
465 2021 710 2073 acceptione
740 2021 903 2061 entibus
933 2022 1057 2062 etiam
1087 2023 1247 2062 ratione
1272 2022 1522 2071 carentibus,
1546 2029 1589 2062 ut
1610 2034 1706 2061 sunt

138 2084 271 2131 bruta,
301 2083 427 2123 immo
438 2083 582 2125 ,‚rebus
611 2085 736 2124 etiam
756 2085 950 2124 inanimis
972 2085 1092 2125 tribui
1114 2086 1229 2126 solet.
1253 2086 1322 2125 Sic
1348 2086 1541 2126 dicuntur
1563 2099 1703 2125 mores

139 2147 258 2196 caeli,
288 2160 427 2187 mores
456 2147 756 2197 animantiam,
774 2156 814 2189 et
830 2155 969 2188 cetera
988 2149 1235 2189 huiusmodi.
1256 2150 1311 2188 At
1332 2150 1517 2201 pressius
1540 2148 1702 2189 entibus

141 2213 354 2252 dumtaxat
373 2213 533 2253 ratione
552 2214 748 2265 praeditis
769 2220 809 2254 et
829 2227 881 2254 ex
899 2214 1172 2266 intelligentia
1192 2228 1242 2254 ac
1264 2216 1478 2254 voluntate
1501 2215 1706 2266 operanti-

140 2275 218 2315 bus
235 2276 422 2316 tribuitur
437 2284 476 2318 et
492 2277 630 2316 varias
646 2278 977 2330 significationes
993 2278 1130 2327 habet,
1143 2292 1248 2331 quae
1270 2288 1506 2330 respectum
1523 2279 1703 2331 aliquem

140 2344 178 2378 et
189 2339 374 2378 ordinem
387 2340 541 2379 habent
551 2339 656 2387 inter
667 2343 837 2381 se.Nam
847 2341 1049 2393 accipitur
1061 2341 1113 2380 ad
1125 2342 1441 2394 exprimendam
1455 2343 1519 2382 vel
1538 2349 1706 2382 actuum

139 2404 334 2443 similium
354 2405 624 2457 frequentiam
647 2407 744 2458 (quo
766 2420 893 2446 sensu
912 2407 1021 2447 idem
1038 2414 1161 2448 sonat
1181 2413 1304 2460 atque
1326 2408 1700 2458 consuetudinem);

140 2468 201 2506 vel
222 2468 536 2519 dispositionem
552 2468 875 2522 facilitatemque
891 2470 1102 2522 operandi,
1119 2483 1224 2522 quae
1244 2470 1392 2510 iisdem
1412 2470 1573 2510 actibus
1590 2483 1702 2522 repe-

138 2533 274 2594 tendis
295 2535 519 2587 acquiritur
540 2535 638 2586 (quo
659 2548 785 2576 sensu
805 2535 913 2575 idem
931 2541 993 2575 est
1008 2540 1130 2588 atque
1147 2535 1345 2586 habitus);
1363 2537 1429 2575 vel
1450 2535 1623 2588 denique
1640 2536 1706 2574 de-

139 2600 325 2639 nominat
344 2600 545 2652 quoslibet
565 2606 684 2640 actus
700 2601 752 2639 ab
774 2607 924 2653 agente
953 2600 1142 2639 rationali
1164 2610 1202 2639 et
1222 2600 1351 2640 libero
1371 2601 1700 2653 proficiscentes,

140 2668 258 2712 prout
277 2662 373 2702 boni
394 2670 490 2703 sunt
511 2664 576 2703 vel
593 2663 702 2712 mali,
724 2676 898 2716 quorum
919 2670 1030 2703 certe
1050 2663 1279 2715 frequentia
1300 2663 1513 2703 constituit
1534 2675 1705 2702 consue·

141 2724 320 2764 tudinem
337 2732 378 2766 et
393 2732 567 2778 generat
582 2726 768 2767 habitum
784 2732 896 2766 recte
909 2733 980 2766 aut
992 2739 1119 2778 prave
1136 2727 1345 2778 operandi.
1358 2728 1488 2766 Porro
1507 2739 1559 2765 ex
1577 2738 1701 2772 more,

141 2788 182 2826 in
211 2789 291 2831 hac
309 2791 451 2831 ultima
467 2792 774 2844 significatione
795 2798 979 2845 accepto,
1000 2793 1225 2832 moralitas
1245 2794 1492 2841 nominatum
1511 2805 1616 2844 quae
1649 2791 1704 2829 nil

143 2853 253 2893 aliud
295 2868 388 2896 esse
418 2857 581 2899 videtur
599 2889 608 2906 ,
646 2857 725 2897 nisi
759 2859 958 2914 Actionis
996 2859 1286 2898 convenientia
1321 2860 1382 2897 vel
1421 2858 1711 2910 discrepantia
