1970 3203
220 232 298 273 366
351 244 417 271 ms
436 242 637 270 NATURAE
653 253 674 260 -
691 244 800 272 PARS
819 244 872 271 111.
894 243 961 272 ius
981 240 1352 274 INTERNATIONALE
1376 245 1453 274 sno
1471 245 1663 274 GENTlUM

222 323 331 364 enim
360 321 459 362 licet
479 321 620 362 omnia
649 321 959 375 sapientissime
991 321 1184 374 disponat
1204 335 1255 361 ac
1276 321 1435 363 fortiter
1456 324 1581 364 finem
1602 323 1799 377 attingat;

219 402 302 429 non
333 394 471 429 tamen
501 388 543 427 in
573 389 790 428 effectibus
820 388 907 428 suis
937 393 1184 440 conceptum
1214 388 1448 441 suppeditat
1481 389 1616 438 seriei,
1647 390 1687 429 in
1715 404 1798 443 qua

219 467 289 494 res
319 453 380 493 sic
410 452 665 501 ordinentur,
698 458 743 492 ut
771 453 978 506 posterior
998 453 1201 505 superiori
1233 466 1398 506 semper
1418 455 1652 495 antecellat.
1686 455 1815 514 Satis*

223 526 285 560 est
315 525 358 558 ut
387 519 623 572 quicunque
653 519 707 560 sit
738 533 888 560 cursus
916 533 1056 559 rerum
1087 519 1152 558 vel
1183 532 1392 568 recursus,
1414 525 1486 559 aut
1516 535 1802 574 quaecumque

221 585 274 626 sit
302 585 498 625 habitudo
529 598 754 625 causarum
784 586 838 625 ad
868 599 967 625 suos
998 585 1199 625 effectus:
1231 589 1319 624 tota
1348 598 1485 624 rerum
1515 592 1638 640 atque
1669 600 1801 627 even-

220 659 356 693 torum
387 652 592 693 ordinatio
623 652 696 692 fini
727 653 990 705 respondeat,
1023 666 1144 704 quem
1175 653 1289 693 Deus
1306 651 1492 702 intendit,
1515 654 1636 694 modo
1660 654 1797 694 aciem

219 719 370 760 mentis
399 725 569 759 nostrae
600 732 775 771 prorsus
806 725 1102 772 exsuperante.

273 785 339 823 Ad
355 797 442 824 rem
464 784 603 837 itaque
622 784 837 824 venientes
859 783 1135 823 observamus
1155 783 1196 821 in
1217 782 1361 835 primis
1378 787 1536 823 motum
1560 783 1686 824 alium
1704 798 1800 825 esse

219 854 398 888 naturae
415 855 746 889 consentaneum
765 855 803 888 et
824 848 991 896 bonum,
1009 847 1138 886 alium
1156 860 1255 886 vero
1276 848 1431 887 malum
1456 854 1495 888 et
1516 853 1690 888 naturae
1712 850 1799 890 dis-

222 914 404 954 cordem.
427 914 473 953 Id
493 920 606 966 patet
627 920 713 954 tum
733 919 929 967 respectu
949 914 1198 964 intellectus,
1223 920 1310 954 tum
1338 920 1533 966 respectu
1562 915 1798 958 voluntatis,

222 979 435 1030 Respectu
465 978 631 1031 quidem
661 979 909 1020 intellectus:
933 985 1153 1032 propterea
1175 980 1283 1032 quod
1302 993 1387 1020 non
1416 980 1474 1020 ita
1494 980 1657 1020 veritati
1678 994 1798 1021 mens

222 1045 412 1085 humana
441 1046 720 1098 coniungitur,
751 1052 794 1086 ut
827 1047 880 1086 ab
912 1060 962 1086 ea
992 1046 1230 1088 desciscere
1258 1061 1522 1100 nequaquam
1552 1048 1703 1100 possit3
1725 1049 1799 1089 sed

221 1124 350 1164 saepe
380 1111 422 1151 in
454 1111 542 1152 suis
574 1112 892 1153 deductionibus
913 1113 1066 1153 falsum
1083 1112 1270 1163 incurrit,
1293 1114 1382 1154 sive
1402 1119 1569 1166 propter
1590 1114 1797 1155 defectum

221 1178 434 1232 legitimae
462 1179 810 1229 ratiocinationis,
843 1179 932 1221 sive
961 1186 1130 1233 propter
1159 1194 1325 1222 errores
1354 1194 1457 1234 quos
1475 1180 1641 1222 veritati
1668 1182 1710 1221 in
1727 1196 1798 1222 ra-

221 1245 462 1285 tiocinando
483 1245 698 1287 admiscet.
717 1246 876 1294 Quibus
892 1247 1175 1300 praeposteris
1191 1248 1446 1287 illationibus
1468 1247 1529 1287 sic
1550 1249 1799 1302 quandoque

222 1308 425 1349 tenaciter
455 1310 682 1360 adhaeret;
713 1317 757 1350 ut
785 1311 919 1363 ipsam
950 1311 1113 1352 amittat
1132 1312 1197 1351 vel
1227 1313 1375 1353 saltem
1396 1312 1594 1354 obscuret
1623 1313 1798 1354 eviden-

220 1373 321 1413 tiam
353 1373 663 1427 principiorum.
678 1376 892 1427 Respectu
911 1389 1011 1416 vero
1033 1376 1283 1417 voluntatis:
1304 1376 1401 1429 quia
1429 1377 1536 1417 haec
1557 1377 1633 1417 etsi
1654 1378 1797 1419 innato

221 1441 407 1494 pondere
422 1440 464 1480 in
485 1441 639 1481 bonum
660 1441 816 1482 feratur
836 1457 845 1492 3
876 1447 1016 1481 tamen
1037 1442 1190 1482 bonum
1211 1443 1292 1483 hoc
1327 1456 1422 1483 esse
1443 1450 1579 1496 potest
1599 1445 1665 1484 vel
1684 1446 1798 1486 reale

222 1506 287 1544 vel
323 1519 544 1558 apparens,
575 1512 616 1546 et
636 1507 838 1547 eiusmodi
867 1513 911 1547 ut
940 1505 1134 1547 sensibus
1164 1521 1248 1547 non
1277 1508 1428 1549 rationi
1457 1510 1720 1561 respondeat.
1754 1511 1797 1551 Si

219 1571 347 1624 igitur
364 1577 434 1611 aut
450 1571 659 1623 opinionis
675 1586 815 1612 errore
831 1578 903 1612 aut
923 1585 1123 1612 sensuum
1140 1573 1339 1613 illecebra
1354 1580 1426 1613 aut
1440 1573 1643 1614 libertatis
1663 1575 1797 1616 abusu

221 1639 416 1679 voluntas
434 1639 487 1678 ad
504 1638 706 1679 eiusmodi
723 1639 853 1680 fallax
870 1640 1023 1680 bonum
1043 1640 1378 1692 amplectendum
1399 1653 1446 1680 se
1467 1646 1695 1691 convertat3
1715 1655 1797 1682 mo-

221 1709 288 1743 tus
310 1704 474 1757 quidem
492 1704 725 1753 habebitur,
747 1706 821 1746 sed
853 1705 921 1758 qui
942 1718 1025 1745 non
1050 1717 1317 1756 progressum
1335 1706 1406 1746 sed
1428 1718 1669 1757 regressum
1693 1719 1797 1746 con-

155 1774 160 1780 '
220 1771 375 1810 stituat.
407 1771 454 1809 Id
478 1771 588 1810 valet
618 1785 701 1811 non
731 1771 854 1811 modo
885 1785 959 1824 pro
989 1770 1226 1810 hominibus
1258 1770 1556 1823 singularibus,
1579 1772 1653 1812 sed
1671 1772 1796 1813 etiam

221 1850 295 1890 pro
326 1836 598 1877 societatibus
627 1851 678 1878 ac
711 1844 794 1878 toto
824 1838 1040 1878 hominum
1070 1851 1239 1889 genere,
1269 1852 1342 1890 per
1372 1853 1417 1879 se
1446 1844 1647 1891 spectato.

275 1905 334 1944 Ut
363 1901 490 1954 igitur
522 1901 724 1954 pernicies
756 1903 862 1943 haec
892 1903 1044 1943 vitetur
1065 1936 1073 1952 ,
1106 1902 1392 1944 necessarium
1436 1903 1514 1942 erit
1542 1903 1797 1956 praesidium

225 1970 333 2010 lucis
364 1969 580 2009 cuiusdam
601 1983 686 2010 non
708 1970 958 2019 defecturae,
976 1985 1082 2023 quae
1102 1971 1400 2023 intelligentiae
1422 1971 1653 2024 opituletur;
1677 1985 1797 2024 quae-

225 2048 304 2087 que
334 2035 430 2074 dum
460 2041 642 2075 mentem
672 2035 725 2074 ad
755 2048 888 2075 novas
918 2035 1118 2076 veritates
1149 2036 1407 2088 detegendas
1437 2042 1568 2089 urget,
1594 2035 1798 2088 principia

223 2100 426 2140 stabiliter
456 2105 647 2149 tueatur,
678 2108 717 2140 et
747 2113 935 2150 errores,
976 2102 1043 2154 qui
1086 2101 1420 2143 ratiocinationis
1451 2102 1631 2142 decursu
1661 2103 1797 2142 offen-

225 2166 387 2215 duntur,
419 2165 560 2206 statim
592 2167 795 2207 ostendat.
827 2168 892 2206 Ex
913 2174 1031 2220 parte
1052 2180 1152 2208 vero
1174 2167 1401 2208 voluntatis
1421 2166 1642 2219 requiritur
1664 2181 1797 2208 causa

223 2232 428 2285 quaedam
445 2232 748 2285 potentissima,
766 2247 873 2287 quae
891 2234 987 2273 dum
1005 2233 1064 2273 illi
1081 2233 1327 2274 desiderium
1339 2233 1497 2274 altioris
1518 2233 1615 2274 boni
1632 2247 1798 2286 semper

223 2297 457 2350 ingenerat,
488 2299 602 2338 vires
632 2299 767 2346 addat,
787 2299 936 2352 quibus
957 2299 1082 2338 homo
1105 2297 1281 2338 faciliter
1301 2299 1456 2337 malum
1479 2310 1631 2338 cavere
1652 2298 1796 2351 possit,

224 2372 263 2407 et
295 2366 347 2405 ad
377 2365 675 2418 perfectionem
705 2366 1020 2418 adipiscendam
1041 2365 1118 2406 iter
1137 2365 1365 2406 intendere.
1389 2365 1508 2404 Haec
1529 2370 1668 2405 autem
1689 2378 1797 2405 non—

225 2431 307 2471 nisi
338 2445 363 2470 a
394 2430 549 2471 Christi
579 2430 780 2483 religione
810 2436 1103 2484 praestantur:
1135 2443 1241 2484 quae
1263 2443 1315 2470 ex
1338 2443 1422 2469 una
1451 2435 1578 2482 parte,
1610 2431 1648 2469 vi
1669 2429 1798 2478 Fidei,

222 2501 404 2536 mentem
436 2495 576 2535 divina
606 2496 698 2536 luce
730 2496 969 2546 collustrat;
1011 2510 1064 2536 ex
1102 2495 1209 2544 alia,
1244 2495 1285 2534 vi
1314 2493 1500 2547 gratiae,
1541 2495 1798 2534 voluntatem

225 2568 354 2615 auget
383 2562 534 2602 robore
563 2575 648 2602 non
678 2562 916 2615 superabili.
939 2562 1049 2602 Hinc
1079 2562 1238 2615 utrique
1259 2560 1447 2601 facultati
1469 2560 1653 2600 calcaria
1673 2560 1799 2609 addit,

224 2626 497 2680 proponendo
529 2641 672 2667 verum
695 2632 735 2667 et
763 2627 917 2667 bonum
934 2627 1140 2666 infinitum
1158 2639 1242 2666 non
1262 2626 1386 2666 modo
1406 2624 1700 2676 vestigandum
1723 2624 1800 2677 (1),

223 2695 297 2734 sed
328 2692 453 2733 etiam
484 2694 780 2745 possidendum
812 2695 873 2746 (⁶2)
906 2700 946 2733 et
974 2693 1218 2733 imitandum
1250 2694 1322 2745 (3).

267 2814 316 2855 (1)
335 2825 350 2843 «
368 2815 469 2846 Haec
491 2816 548 2846 est
572 2816 691 2846 autem
715 2814 787 2847 vita
809 2816 966 2852 aeterna,
989 2815 1028 2846 ut
1051 2814 1276 2854 cognoscant
1291 2815 1327 2845 te
1351 2812 1467 2844 solum
1485 2812 1599 2844 Deum
1623 2821 1749 2844 verum
1767 2813 1802 2845 et

225 2879 332 2910 quem
356 2868 494 2907 misisti,
518 2868 635 2901 Iesum
661 2868 849 2901 Christum.
874 2881 890 2899 »
916 2869 1013 2901 IONN.
1038 2869 1150 2900 XVII.

267 2922 317 2961 (2)
337 2922 448 2962 «Ego
472 2930 534 2954 ero
557 2930 696 2953 merces
720 2923 783 2953 tua
806 2929 938 2962 magna
959 2920 1070 2953 nimis.
1093 2931 1110 2951 »
1137 2921 1218 2953 GEN.
1246 2920 1324 2952 XV.

267 2976 318 3016 (3)
337 2977 489 3009 «Estote
498 2986 564 3010 vos
571 2974 733 3017 perfecti,
741 2975 834 3009 sicut
842 2978 877 3008 et
888 2976 998 3008 Pater
1005 2977 1126 3008 vester
1134 2973 1302 3008 caelestis
1311 2975 1495 3016 perfectus
1508 2976 1593 3007 est.»
1605 2974 1797 3013 MATTflN,
