1970 3203
202 213 282 253 226
576 224 642 250 lUS
671 220 873 248 NATURAE
895 220 1046 247 -·.PARS
1075 220 1112 246 11.
1141 220 1207 246 IUS
1237 219 1411 246 SOCIALE

207 299 337 340 sortio
363 310 447 337 non
477 297 613 336 solum
644 293 872 335 domestico
903 292 977 332 sed
1007 292 1158 341 etiam,
1189 305 1243 333 ex
1271 296 1390 344 parte
1419 292 1583 340 saltem,
1614 290 1782 343 politico

213 362 492 403 continentur.
524 361 719 400 Ceterum
749 357 943 411 quidquid
962 356 1014 396 sit
1039 357 1088 397 de
1109 357 1275 397 miseris
1305 357 1508 398 eiusmodi
1525 356 1782 405 nationibus,

212 428 474 482 probandum
504 426 653 466 fuisset
682 424 947 464 Rousseavio
969 436 1115 463 earum
1136 423 1415 463 conditionem
1437 424 1668 465 naturalem
1690 435 1785 463 esse

213 502 253 536 et
281 508 365 535 non
395 493 534 546 potius
563 504 778 531 recessum
808 489 1166 543 desectionemque
1196 503 1221 528 a
1251 489 1431 528 naturali
1461 495 1584 539 statu,
1615 495 1785 543 propter

217 560 451 614 peculiares
481 554 832 603 circumstantias,
855 554 895 593 in
918 567 1023 606 quas
1044 553 1212 594 fortuito
1233 553 1476 616 inciderunt.
1499 554 1554 594 At
1585 554 1634 594 de
1656 555 1790 594 Rous-

212 623 359 664 seavio
390 621 505 662 satis.

265 686 395 726 Obiz'e.
429 685 480 724 II.
511 698 560 724 eoe
589 683 766 723 Hobbes.
802 685 849 722 In
879 690 993 723 statu
1030 688 1207 723 naturae
1251 683 1424 736 quisque
1460 682 1526 723 ius
1567 682 1695 722 habet
1729 682 1780 721 ab

209 754 363 794 omnia.
396 751 507 790 Hinc
530 750 714 803 sequitur
734 749 926 790 laedendi
950 750 1145 790 voluntas
1166 756 1205 790 et
1221 756 1409 791 mutuum
1426 750 1580 790 bellum
1602 749 1787 789 omnium

210 818 254 858 in
274 829 433 858 omnes.
454 817 541 856 Nec
562 828 662 854 vero
684 814 887 854 eiusmodi
909 814 1088 854 nocendi
1109 814 1233 854 libido
1256 827 1310 854 ex
1331 814 1478 854 eadem
1500 827 1632 853 causa
1646 812 1786 853 omni-

210 885 289 924 bus
309 882 553 922 innascitur.
577 882 682 920 Nam
705 879 898 919 homines
918 879 960 918 in
982 886 1094 920 statu
1123 886 1299 920 naturae
1320 882 1384 920 vel
1412 885 1508 919 sunt
1543 878 1719 919 modesti
1750 885 1789 918 et

210 964 313 991 suas
342 950 453 988 vires
483 960 615 999 aeque
645 946 929 994 aestimantes,
951 947 1016 985 vel
1038 952 1134 986 sunt
1151 946 1303 986 ferocis
1322 946 1479 999 ingenii
1500 959 1551 985 ac
1581 946 1688 985 tales
1706 977 1715 992 ,
1748 952 1792 983 ut

216 1014 318 1054 nihil
337 1013 415 1052 sibi
432 1025 515 1051 non
537 1015 747 1063 arrogent.
764 1010 808 1051 Si
829 1011 910 1050 hoc
925 1010 1154 1063 contingat,
1171 1011 1358 1064 profecto
1378 1011 1421 1051 hi
1441 1011 1493 1050 ad
1513 1010 1617 1051 alios
1642 1008 1793 1049 iniuria

211 1078 460 1120 afficiendos
478 1076 793 1125 incitantur38in
811 1077 1000 1128 primum,
1019 1077 1213 1117 voluntas
1229 1078 1422 1118 laedendi
1443 1077 1485 1116 in
1501 1077 1583 1117 illis
1599 1075 1788 1116 exoritur

211 1157 265 1184 ex
296 1142 549 1183 necessitate
565 1154 611 1181 se
631 1141 770 1180 tuendi
787 1154 838 1180 ac
855 1154 922 1181 res
939 1155 1038 1181 suas
1055 1155 1257 1194 suamque
1274 1142 1505 1182 libertatem
1537 1139 1795 1180 vindicandi.

212 1210 386 1257 Deinde,
418 1207 588 1260 ingenia
604 1207 772 1247 diversa
787 1214 883 1246 sunt
899 1215 938 1247 et
955 1215 1098 1248 mutuo
1116 1207 1379 1248 dissentiunt.
1400 1207 1629 1248 Dissensus
1649 1212 1794 1246 autem

211 1273 350 1314 odium
381 1278 421 1312 et
462 1277 745 1324 contemptum
774 1272 905 1323 parit,
936 1281 1060 1324 atque
1102 1271 1200 1311 hinc
1245 1272 1424 1312 nocendi
1461 1271 1715 1312 desiderium
1745 1275 1789 1310 et

213 1340 379 1380 bellum.
398 1341 588 1387 Demum,
605 1337 686 1377 nisi
701 1338 754 1377 ad
771 1344 956 1377 mutuum
975 1338 1127 1378 bellum
1149 1344 1301 1378 natura
1317 1338 1509 1378 homines
1529 1337 1794 1385 inclinasset,

216 1419 292 1445 cur
320 1405 503 1445 viatores
533 1417 653 1443 arma
682 1410 888 1456 gererent,
919 1404 1035 1443 cives
1056 1404 1168 1444 fores
1189 1404 1407 1444 domorum
1425 1403 1680 1451 clauderent,
1718 1416 1794 1443 su-

220 1484 364 1524 prema
394 1476 580 1523 potestas
609 1468 777 1510 militias
804 1469 1040 1518 instrueret,
1070 1475 1111 1509 et
1139 1469 1326 1510 similia?

273 1538 322 1576 R.
354 1536 525 1577 Hobbes
545 1535 612 1575 his
641 1536 816 1588 argutiis
846 1536 1021 1586 ineptire
1051 1550 1174 1577 nemo
1204 1550 1289 1576 non
1312 1536 1434 1577 videt.
1459 1538 1566 1577 Nam
1595 1537 1661 1576 ius
1690 1534 1792 1575 illud

221 1600 406 1640 omnium
436 1600 489 1639 ad
518 1599 671 1648 omnia,
700 1613 786 1639 non
813 1601 936 1640 modo
957 1613 1010 1640 ex
1031 1606 1260 1652 systemate
1282 1601 1467 1649 resultat,
1499 1601 1609 1654 quod
1637 1600 1790 1640 falsum

221 1680 317 1707 esse
347 1666 538 1719 superius
582 1666 985 1715 demonstravimus5
1018 1667 1093 1708 sed
1136 1667 1260 1707 etiam
1290 1667 1573 1720 pugnantibus
1611 1667 1719 1707 inter
1749 1679 1796 1705 se

220 1732 493 1785 conceptibus
513 1737 702 1772 constat:
715 1733 765 1771 Et
787 1745 889 1772 sane
909 1732 967 1772 ita
988 1732 1120 1772 cuivis
1140 1732 1300 1772 homini
1321 1739 1589 1786 competeret,
1612 1738 1656 1772 ut
1678 1746 1704 1772 a
1735 1745 1798 1773 ce-

226 1796 326 1836 teris
340 1808 474 1848 aequo
490 1795 577 1834 iure
593 1795 785 1848 impediri
806 1801 846 1835 et
866 1796 978 1835 omni
1000 1797 1151 1836 effectu
1175 1797 1341 1837 destitui
1363 1803 1517 1849 posset.
1540 1797 1608 1845 At,
1626 1809 1798 1848 quaese,

221 1862 432 1914 quodnam
453 1874 608 1901 novum
623 1874 759 1914 genus
775 1862 876 1901 iuris
896 1862 938 1901 id
953 1867 1076 1911 esset,
1089 1862 1198 1915 quod
1214 1863 1352 1903 nullus
1369 1862 1553 1903 revereri
1570 1868 1798 1910 teneretur,

224 1927 300 1967 sed
329 1940 475 1967 omnes
504 1927 594 1968 sine
623 1927 807 1968 iustitiae
851 1928 1013 1969 iactura
1057 1928 1284 1982 infringere
1321 1928 1529 1982 possent?
1566 1930 1715 1969 Nonne
1745 1929 1800 1968 ad

228 1993 453 2034 essentiam
482 1993 583 2032 iuris
612 1993 802 2045 pertinet,
831 2001 874 2034 ut
903 2001 1068 2035 ceteros
1097 1996 1219 2048 plane
1249 1995 1302 2034 ad
1332 1995 1516 2035 officium
1546 1993 1743 2047 obliget?

275 2060 392 2105 Quod
423 2058 535 2097 addit
556 2058 606 2098 de
627 2058 861 2100 differentia
876 2060 983 2100 inter
999 2066 1283 2113 temperantes
1301 2060 1494 2100 homines
1516 2066 1555 2101 et
1579 2060 1796 2108 violentos,

230 2125 272 2164 id
292 2137 374 2163 non
396 2125 449 2163 ad
470 2124 749 2164 roborandam
772 2127 846 2166 sed
867 2127 920 2166 ad
942 2127 1238 2167 infirmandam
1267 2127 1402 2180 potius
1432 2127 1522 2167 eius
1542 2126 1796 2167 sententiam

224 2189 379 2228 dictum
410 2188 583 2228 videtur.
605 2190 713 2229 Nam
733 2190 768 2229 si
790 2191 965 2232 modesti
994 2191 1051 2230 illi
1071 2191 1264 2231 homines
1284 2204 1386 2231 suas
1406 2191 1516 2230 vires
1537 2190 1659 2243 aequi
1690 2203 1798 2243 pen-

219 2255 332 2304 dunt,
350 2261 389 2295 et
405 2254 498 2294 aliis
523 2255 643 2304 idem,
661 2256 770 2307 quod
788 2257 876 2305 sibi,
895 2257 1148 2309 permittunt,
1165 2257 1271 2298 inter
1287 2270 1332 2297 se
1345 2270 1493 2309 pacem
1509 2256 1652 2309 procul
1673 2256 1797 2296 dubio

220 2320 463 2360 servabunt.
482 2319 644 2360 Bellum
665 2323 791 2373 igitur
810 2322 862 2361 ab
892 2323 943 2362 iis
964 2323 1220 2371 excluditur3
1241 2323 1350 2376 quod
1380 2323 1433 2362 ad
1454 2336 1661 2364 summum
1690 2321 1800 2361 inter

223 2386 359 2426 bonos
389 2386 544 2438 vigebit
574 2394 615 2427 et
644 2387 790 2436 malos,
820 2388 888 2440 qui
917 2389 970 2427 ad
1000 2387 1259 2429 inferendam
1298 2388 1494 2428 iniuriam
1524 2388 1657 2442 parati
1687 2393 1795 2428 sunt.

225 2450 308 2490 Sed
338 2463 390 2490 ne
419 2451 460 2490 id
481 2451 646 2503 quidem
663 2451 715 2491 ab
732 2451 1002 2492 inclinatione
1019 2459 1193 2492 naturae
1211 2453 1468 2504 procederet,
1495 2453 1569 2493 sed
1596 2466 1622 2491 a
1637 2464 1801 2491 morum»

227 2517 512 2570 perversitate,
535 2530 617 2570 qua
630 2518 823 2558 homines
844 2531 1023 2571 nequam
1046 2519 1210 2571 seipsos
1225 2519 1504 2571 inquinarunt.
1527 2518 1633 2565 Quid
1660 2523 1800 2557 autem

224 2588 376 2623 natura
407 2583 494 2630 sert,
524 2597 608 2623 non
637 2597 663 2623 a
693 2597 916 2636 pravorum
947 2584 1175 2633 hominum,
1198 2585 1272 2625 sed
1301 2598 1326 2624 a
1355 2585 1557 2624 bonorum
1578 2589 1797 2623 consuetu-

227 2648 322 2688 dine
353 2648 663 2688 diiudicandum
694 2654 769 2689 est.

291 2711 561 2765 Ingeniorum
592 2727 692 2754 vero
724 2721 937 2754 certamen
965 2715 1007 2754 in
1032 2715 1177 2767 primis
1207 2726 1426 2754 commune
1454 2725 1540 2753 non
1569 2718 1647 2753 est.
1678 2711 1800 2752 Multi

233 2777 345 2818 enim
376 2776 557 2829 pacifica
586 2784 725 2818 mente
754 2780 962 2821 donantur
982 2788 1022 2820 et
1041 2779 1134 2819 aliis
1149 2779 1272 2819 facile
1293 2778 1576 2831 acquiescunt.
1598 2778 1678 2825 Qui
1699 2790 1799 2818 vero

229 2841 283 2881 ab
316 2840 409 2881 aliis
440 2840 693 2893 discrepant,
715 2843 757 2881 hi
780 2843 814 2882 si
837 2844 995 2883 cordati
1018 2844 1101 2885 sint
1115 2850 1155 2884 et
1175 2844 1411 2896 prudentes,
1443 2842 1545 2883 satis
1566 2842 1801 2895 intelligunt

225 2905 464 2959 opinionum
484 2905 758 2946 differentiam
776 2908 829 2946 nil
850 2909 1099 2949 concordiae
1121 2910 1380 2950 voluntatum
1397 2909 1617 2949 detrahere
1635 2908 1797 2948 debere.
