1970 3203
159 183 238 225 186
490 198 556 226 1us
585 200 824 226 NATURAE-
842 200 949 227 PARS
979 201 1001 226 1.
1031 201 1097 228 1us
1127 202 1397 230 INDIVIDUALE

160 274 288 314 rebus
318 274 411 313 aliis
443 276 777 316 commutandas.
809 276 920 316 Hinc
949 290 1001 317 ex
1032 279 1243 318 communi
1274 279 1582 322 existimatione
1614 282 1745 323 deter—

162 341 322 381 minata
351 343 556 393 quaedam
587 342 800 394 quantitas
830 343 986 383 valoris
1015 345 1074 384 rei
1104 346 1252 398 cuique
1281 345 1402 395 inest,
1434 354 1626 401 respectu
1648 348 1747 388 alia-

160 420 265 456 rum,
298 408 544 460 quibuscum
575 409 824 449 commutari
854 416 1010 461 potest,
1039 424 1145 463 quae
1176 413 1300 451 etiam
1322 414 1517 465 pretium
1546 415 1636 455 eius
1669 415 1736 454 in—

163 474 397 513 trinsecum
426 473 678 513 nominatur.
708 476 763 514 At
793 475 827 515 si
858 477 1184 517 commutatione
1214 492 1353 518 rerum
1383 493 1477 518 cum
1502 481 1637 529 rebus,
1660 493 1738 532 ope

161 539 293 579 solius
323 539 479 578 valoris
510 539 737 588 intrinseci,
771 541 1070 581 commercium
1100 550 1379 592 exerceretur,
1413 545 1628 598 multiplex
1659 545 1739 585 dif-

161 603 331 642 ficultas
361 609 618 654 exsurgeret.
642 604 828 643 Primum
856 605 965 644 enim
995 620 1063 646 res
1093 607 1285 659 singulae
1308 622 1403 648 cum
1424 609 1600 662 singulis
1621 624 1738 650 com-

162 666 378 718 parandae
407 672 575 714 essent;
606 673 650 706 ut
680 681 823 707 earum
855 669 1056 721 pretium,
1096 672 1207 724 quod
1237 686 1290 712 ex
1321 674 1401 713 hac
1432 675 1745 726 comparatione

166 731 356 783 emergit,
386 731 681 772 innotesceret.
713 733 883 783 Deinde,
916 736 1072 775 multae
1103 745 1200 778 sunt
1221 751 1287 778 res
1308 751 1414 790 quae
1436 739 1640 791 asportari
1664 754 1740 780 ne-

162 803 329 849 queunt,
348 804 391 836 ut
411 797 594 850 praedia,
617 798 781 847 domus,
799 813 850 839 ac
871 801 1043 854 reliqua,
1066 816 1172 855 quae
1188 803 1356 843 stabilia
1373 805 1576 844 dicuntur.
1596 807 1735 846 Tertio

161 863 279 915 ipsae
307 877 376 903 res
405 864 581 904 mobiles
611 877 737 916 saepe
759 865 849 905 sine
871 880 1026 918 magno
1047 867 1312 909 incommodo
1334 875 1374 909 et
1393 870 1579 922 periculo
1601 877 1747 911 trans—

163 929 261 969 ferri
290 943 374 970 non
404 941 591 982 possunt.
637 931 748 971 Hinc
779 932 890 984 apud
919 934 1056 974 cultas
1098 941 1247 986 gentes
1275 948 1395 976 merx
1439 936 1579 989 aliqua
1612 937 1747 978 intro—

167 995 293 1035 ducta
314 995 465 1042 est,cui
484 996 603 1034 valor
619 995 785 1048 quidam
805 997 1104 1038 determinatus
1116 1000 1380 1050 tribueretur,
1398 1008 1592 1054 respectu
1606 1016 1742 1042 rerum

165 1060 349 1100 omnium
387 1060 641 1101 commercio
682 1061 993 1103 subiectarum:
1014 1077 1122 1116 quae
1143 1065 1315 1117 proinde
1345 1067 1480 1107 evasit
1510 1069 1746 1108 communis

166 1133 401 1164 ceterarum
418 1124 619 1164 mercium
641 1139 852 1174 mensura,
874 1135 998 1181 atque
1022 1128 1174 1169 idonea
1194 1130 1248 1169 ad
1273 1144 1418 1170 earum
1440 1132 1626 1172 valorem
1649 1145 1745 1185 quo-

164 1191 263 1231 libet
291 1191 660 1231 transvehendum.
684 1193 804 1233 Haec
821 1195 1007 1246 pecunia
1029 1201 1104 1235 est:
1126 1209 1234 1248 quae
1255 1196 1412 1237 idcirco
1434 1198 1621 1238 continet
1635 1212 1743 1251 pre-

169 1256 274 1294 tium
304 1268 443 1294 rerum
475 1258 676 1305 eminens,
697 1265 737 1297 et
759 1258 920 1298 definiri
942 1266 1096 1311 posset.
1119 1260 1247 1299 Meroe
1277 1261 1335 1301 ad
1353 1264 1596 1302 ceterarum
1629 1264 1750 1302 valo-

169 1335 257 1362 rem
287 1322 602 1374 designandum
633 1327 674 1363 et
702 1326 1062 1365 transvehendum
1092 1327 1319 1367 destinata.
1357 1330 1489 1368 Porro
1508 1361 1516 1376 ,
1547 1335 1590 1367 ut
1618 1335 1746 1380 patet,

166 1389 220 1428 ad
249 1402 400 1428 munus
421 1389 502 1428 hoc
523 1389 791 1442 implendum,
821 1404 998 1432 necesse
1028 1392 1198 1432 omnino
1223 1406 1307 1433 non
1338 1400 1428 1433 erat
1458 1401 1501 1433 ut
1532 1395 1745 1434 metallum

167 1455 332 1507 aliquod
347 1454 902 1507 deligeretur.Nihilominus
916 1458 1025 1510 apud
1047 1459 1181 1498 cultas
1193 1465 1342 1511 gentes
1355 1459 1395 1498 id
1407 1460 1592 1508 invaluit,
1606 1466 1749 1512 utpote

165 1518 274 1570 quod
296 1531 369 1569 per
391 1531 437 1558 se
458 1519 685 1570 pretiosum
707 1527 782 1568 est,
803 1521 908 1561 satis
929 1521 1154 1569 dividuum,
1173 1523 1430 1576 corruptioni
1451 1524 1588 1564 minus
1610 1524 1745 1564 obno-

166 1586 297 1633 xium,
323 1584 448 1624 facile
477 1585 531 1624 ad
561 1587 876 1638 asportandum,
899 1594 939 1627 et
959 1601 1097 1641 capax
1117 1589 1344 1642 recipiendi
1373 1590 1662 1642 retinendique
1683 1603 1754 1642 pu-

167 1653 321 1693 blicam
347 1653 573 1705 quamdam
604 1659 762 1701 notam,
794 1668 875 1706 qua
904 1654 1149 1706 obsignetur
1182 1656 1235 1695 ad
1266 1656 1462 1696 vitandas
1494 1656 1676 1696 fraudes.

222 1719 285 1759 85.
315 1719 465 1759 Utrum
493 1719 537 1758 in
566 1719 744 1770 pecunia
774 1721 966 1771 separari
993 1722 1129 1773 possit
1156 1733 1260 1762 usus
1282 1734 1306 1762 a
1327 1722 1521 1763 dominio.
1545 1723 1609 1761 Ex
1631 1721 1754 1761 dictis

169 1783 293 1824 facile
314 1788 426 1834 patet
446 1783 544 1835 quid
566 1796 686 1822 usum
708 1783 914 1835 pecuniae
930 1784 1169 1824 constituat.
1188 1786 1304 1825 Usus
1320 1785 1430 1825 enim
1448 1785 1507 1825 rei
1525 1785 1749 1825 cuiuslibet

169 1852 268 1887 tunc
286 1847 475 1895 habetur,
498 1861 594 1887 cum
613 1847 726 1887 illam
749 1847 997 1888 adhibemus
1017 1862 1090 1901 pro
1102 1848 1277 1888 utilitate
1287 1849 1427 1902 aliqua
1439 1849 1590 1889 exinde
1608 1849 1752 1889 decer-

169 1911 319 1964 penda.
350 1912 406 1950 At
424 1910 464 1949 id
485 1917 679 1963 respectu
700 1911 903 1962 pecuniae
922 1918 1021 1951 tunc
1042 1913 1207 1960 accidit,
1229 1926 1323 1952 cum
1354 1920 1451 1953 actu
1473 1927 1566 1954 eam
1584 1927 1746 1965 expen—

169 1977 318 2024 dimus,
340 1977 394 2016 ad
414 1990 502 2016 rem
522 1977 649 2016 aliam
669 1977 789 2017 nobis
811 1979 1154 2030 comparandam;
1181 1992 1257 2019 seu
1278 1992 1373 2019 cum
1395 1981 1574 2028 valeres,
1596 1979 1749 2032 quibus

170 2043 419 2095 aequivalet,
440 2056 589 2095 reapse
617 2044 850 2084 transvehit
881 2045 930 2084 de
960 2058 1087 2084 manu
1116 2044 1158 2083 in
1189 2046 1471 2094 manum;hoc
1491 2045 1600 2085 enim
1624 2045 1750 2084 dum-

170 2113 290 2148 taxat
319 2107 585 2146 commodum
615 2108 761 2156 affert,
789 2114 995 2160 quatenus
1025 2109 1203 2160 pecunia
1234 2117 1308 2150 est.
1340 2112 1395 2150 At
1427 2123 1526 2149 vero
1556 2110 1750 2162 pecunia,

172 2184 268 2211 cum
290 2170 550 2222 expenditur,
572 2172 786 2220 amittitur,
807 2174 935 2225 fitque
956 2174 1139 2214 alterius.
1163 2176 1274 2226 Ergo
1296 2174 1485 2227 pecunia,
1508 2181 1629 2226 prout
1652 2174 1752 2214 talis

171 2241 248 2283 est,
279 2247 422 2274 earum
443 2247 581 2274 rerum
612 2249 784 2276 numero
815 2237 1062 2286 continetur,
1096 2252 1216 2291 quae,
1247 2240 1342 2278 dum
1372 2238 1634 2286 adhibentur,
1666 2238 1745 2277 ab-

170 2308 402 2341 sumuntur:
434 2309 558 2354 atque
586 2302 678 2342 ideo
708 2316 831 2342 usum
862 2317 957 2343 cum
987 2305 1168 2344 dominio
1198 2305 1468 2344 confundunt.
1501 2306 1603 2344 Eius
1634 2305 1744 2345 enim

170 2374 366 2419 respectu
395 2367 576 2408 facultas
605 2369 749 2408 utendi
779 2383 805 2408 a
836 2370 1034 2411 facultate
1064 2371 1304 2410 destruendi
1334 2373 1400 2411 vel
1429 2371 1639 2411 alienandi
1661 2384 1747 2411 non

173 2433 451 2486 distinguitur.
488 2434 678 2474 Efficitur
707 2435 807 2475 hinc
839 2443 882 2476 ut
915 2437 1094 2488 pecunia
1125 2437 1213 2476 dari
1244 2443 1387 2476 mutua
1424 2438 1543 2477 alteri
1573 2443 1754 2490 nequeat

174 2511 248 2550 pro
279 2497 444 2550 integra
473 2498 649 2539 utilitate
681 2500 900 2552 capienda,
922 2500 1021 2553 quin
1042 2502 1240 2541 continuo
1262 2501 1447 2541 eiusdem
1478 2501 1706 2541 dominium
1729 2513 1756 2538 a

173 2568 390 2602 mutuante
420 2562 461 2601 in
492 2563 791 2604 mutuatarium
824 2564 1116 2605 transferatur.

225 2627 288 2667 86.
319 2628 456 2667 Usura
485 2628 677 2669 absolute
707 2633 901 2681 spectata
927 2633 994 2669 est
1013 2629 1175 2670 illicita.
1197 2630 1254 2670 Ut
1273 2629 1326 2668 ad
1349 2628 1597 2670 solutionem
1620 2641 1752 2680 quae-

169 2691 332 2740 stionis,
353 2691 468 2731 initio
491 2693 740 2745 propositae,
762 2693 994 2741 veniamus,
1016 2693 1120 2733 dico:
1151 2707 1321 2734 usuram
1338 2725 1347 2742 ,
1378 2705 1451 2744 per
1479 2705 1525 2731 se
1556 2698 1596 2732 et
1617 2692 1749 2732 abso—

168 2760 253 2799 lute
275 2763 520 2811 spectatam,
541 2759 628 2798 iure
651 2766 825 2800 naturae
849 2773 945 2800 esse
965 2760 1162 2809 illicitam,
1183 2765 1406 2811 propterea
1436 2758 1545 2812 quod
1575 2765 1749 2798 contra-

175 2831 269 2866 ctus
289 2824 584 2878 aequalitatem
606 2840 690 2866 non
702 2833 853 2867 servat.
876 2830 940 2866 Ac
962 2839 1064 2866 sane
1086 2832 1288 2874 mutuum,
1304 2837 1357 2865 ex
1368 2838 1448 2877 quo
1460 2825 1529 2864 illa
1540 2825 1753 2876 repetitur,

179 2891 233 2932 ad
262 2896 505 2931 contractus
527 2890 762 2932 bilaterales
784 2892 971 2943 pertinet;
993 2904 1168 2943 quorum
1189 2889 1378 2943 aequitas
1394 2889 1434 2929 in
1456 2891 1537 2930 hoc
1555 2890 1752 2940 cernitur,
