1970 3203
187 194 236 232 24
655 193 657 196 ’
871 206 1090 233 ETHloA

742 412 1211 452 PROPOSITIONES.

237 544 299 584 17.
332 544 588 583 Paoposmo
621 541 680 583 La
711 543 915 584 Felicitas
947 539 1031 583 nort
1062 543 1256 585 consistit
1287 544 1330 583 in
1362 544 1586 597 voluptate.

238 610 457 650 Probatur.
489 609 654 662 Duplex
684 609 877 662 voluptas
906 609 1165 650 considerari
1188 616 1334 662 potest:
1357 623 1557 663 corporea
1585 625 1690 664 quae
1711 625 1765 652 ex

186 672 312 712 rebus
342 673 627 722 sensibilibus,
657 679 696 713 et
716 674 966 726 incorporea
986 688 1092 727 quae
1113 688 1166 715 ex
1185 675 1306 715 bonis
1327 675 1610 727 spiritualibus
1631 677 1763 729 carpi-

187 748 263 778 tur.
297 740 345 778 In
375 746 525 780 neutra
553 746 691 793 potest
721 740 908 789 felicitas,
931 754 1038 794 quae
1059 754 1297 793 supremum
1317 741 1370 782 sit
1391 742 1546 782 bonum
1569 742 1764 791 hominis,

185 803 394 845 constitui.
417 805 470 846 Et
489 818 592 845 sane
616 805 650 845 si
667 806 717 845 de
733 818 939 857 corporea
955 818 1092 845 sermo
1110 812 1184 855 est,
1203 805 1343 859 nequit
1359 806 1478 847 aliter
1493 807 1534 846 in
1551 820 1602 847 ea
1627 808 1772 861 reponi

184 868 374 916 felicitas,
393 869 473 909 nisi
490 869 658 909 homine
675 870 729 909 ad
745 870 921 922 gradum
934 870 1164 910 belluarum
1178 871 1351 910 deiecto.
1367 871 1518 924 Nequit
1528 873 1638 911 enim
1659 884 1766 912 sum-

183 947 296 973 mum
313 934 468 974 bonum
486 934 526 973 in
543 947 587 975 re
607 935 753 975 sensili
770 935 1041 984 constabiliri,
1058 935 1138 975 nisi
1155 949 1228 988 pro
1246 941 1352 984 ente,
1365 936 1474 988 quod
1490 942 1655 988 praeter
1673 950 1767 976 sen-

184 1013 289 1048 sum,
308 1000 407 1040 nihil
430 1001 585 1040 habeat
606 1001 912 1054 praestabilius.
935 1002 1148 1049 Quantum
1169 1002 1293 1055 igitur
1313 1002 1356 1041 in
1376 1003 1544 1043 homine
1561 1010 1676 1043 certa
1697 1010 1765 1043 est

182 1066 310 1105 animi
329 1066 562 1119 mentisque
580 1067 838 1116 exsistentia,
858 1072 980 1120 atque
1003 1067 1128 1108 huius
1148 1081 1249 1120 prae
1271 1081 1398 1108 sensu
1420 1068 1627 1117 nobilitas;
1645 1075 1763 1108 tanta

183 1131 276 1171 luce
298 1131 496 1172 clarescit
516 1132 678 1173 falsitas
701 1133 894 1185 Epicurei
917 1133 1153 1173 commenti.
1172 1135 1228 1173 Ut
1244 1133 1347 1173 nihil
1364 1133 1499 1173 dicam
1518 1134 1567 1173 de
1583 1134 1765 1186 turpitu-

182 1197 289 1245 dine,
307 1197 523 1247 brevitate,
541 1198 815 1251 oppositione,
833 1199 1138 1248 vicissitudine,
1157 1199 1392 1252 ceterisque
1408 1200 1648 1248 defectibus,
1669 1200 1762 1252 qui-

181 1263 259 1303 bus
280 1263 476 1315 voluptas
499 1276 700 1303 sensuum
721 1264 918 1313 abundat,
941 1278 1048 1317 quae
1070 1265 1211 1304 omnia
1227 1278 1252 1304 a
1269 1277 1370 1304 vera
1389 1264 1589 1305 felicitate
1610 1265 1761 1305 abesse

182 1328 344 1368 debent.
365 1329 448 1369 Sed
465 1333 507 1368 ut
524 1327 688 1368 facilius
704 1342 772 1369 res
788 1330 1036 1379 innotescat,
1055 1330 1146 1383 quis
1163 1337 1226 1370 est
1241 1331 1298 1370 ita
1317 1330 1500 1370 moribus
1518 1331 1757 1379 dissolutus,

182 1401 224 1434 ut
256 1395 424 1447 optione
444 1395 670 1448 proposita:
696 1396 847 1435 velitne
869 1400 1034 1436 tantum
1057 1397 1270 1449 voluptate
1293 1397 1513 1445 tabescere,
1536 1411 1594 1436 an
1624 1397 1764 1436 virtu-

183 1461 262 1498 tem
294 1462 333 1498 et
351 1458 576 1498 scientiam
600 1460 811 1509 voluptati
829 1460 1102 1512 conz'un9672e,
1124 1459 1301 1512 primum
1323 1474 1374 1500 ex
1395 1460 1461 1500 his
1491 1460 1642 1512 optatis
1665 1460 1764 1500 seli-

181 1522 320 1575 geret?
337 1523 457 1569 Quod
474 1524 509 1563 si
525 1536 649 1563 nemo
666 1531 730 1564 est
747 1530 831 1563 tam
849 1525 1019 1571 effrons,
1037 1532 1078 1563 ut
1094 1532 1260 1576 praeter
1277 1526 1532 1577 voluptatem
1549 1538 1632 1564 non
1652 1525 1764 1564 aliud

182 1589 307 1628 etiam
340 1589 519 1641 optabile
549 1602 645 1629 esse
665 1589 854 1640 fateatur;
877 1590 1142 1643 perspicuum
1165 1589 1349 1642 profecto
1377 1596 1440 1629 est
1462 1589 1701 1630 felicitatem
1721 1589 1764 1630 in

181 1668 231 1694 ea
260 1655 459 1694 collocari
489 1668 572 1695 non
604 1668 740 1707 posse.
774 1656 925 1707 Nequit
954 1655 1064 1695 enim
1085 1655 1263 1694 felicitas
1283 1654 1324 1693 in
1346 1667 1390 1693 re
1418 1654 1630 1703 collocari,
1658 1669 1765 1708 quae

179 1733 254 1772 per
283 1733 328 1760 se
360 1720 481 1772 plene
510 1733 595 1760 non
626 1721 793 1773 expleat
823 1721 1065 1773 appetitum.

233 1786 320 1825 Nec
344 1785 566 1838 quidquam
583 1786 815 1838 proficeret,
832 1785 901 1838 qui
919 1785 1130 1838 corporeis
1146 1785 1325 1833 reiectis,
1343 1785 1396 1825 ad
1418 1785 1676 1837 spiritualem
1694 1785 1761 1825 de-

178 1851 445 1892 lectationem
463 1851 719 1904 confugeret.
740 1853 859 1900 Nam,
879 1858 920 1892 ut
938 1852 1124 1892 omittam
1143 1858 1305 1891 ceteras
1326 1852 1549 1904 qualitates
1567 1852 1760 1905 proprias

178 1916 273 1956 finis
291 1917 434 1965 ultimi,
451 1930 559 1970 quae
573 1917 671 1957 huic
689 1918 813 1957 etiam
831 1918 990 1967 desunt;
1008 1918 1049 1957 id
1065 1931 1193 1957 unum
1210 1917 1314 1957 satis
1326 1925 1389 1958 est
1403 1918 1761 1958 animadvertere:

180 1982 512 2030 delectationem,
545 1995 832 2035 quaecumque
856 1982 919 2030 sit,
943 1995 1026 2022 non
1055 1995 1149 2022 esse
1171 1981 1378 2022 obiectum
1409 1982 1460 2021 ad
1491 1983 1598 2034 quod
1623 1982 1757 2035 adipi-

178 2048 381 2087 scendum
412 2047 595 2096 nitimur,
627 2048 703 2088 sed
723 2049 919 2088 effectum
940 2048 1155 2087 dumtaxat
1177 2054 1217 2087 et
1237 2048 1428 2087 naturale
1450 2048 1760 2101 consectarium

180 2113 413 2165 adeptionis
426 2113 738 2160 obiecti.Quare
750 2113 945 2153 constitui
963 2113 1105 2166 nequit
1120 2119 1163 2152 ut
1179 2113 1277 2153 finis
1293 2113 1485 2161 actionis,
1503 2113 1601 2166 quin
1618 2126 1758 2152 rerum

181 2182 219 2216 et
230 2176 405 2215 rationis
418 2176 518 2215 ordo
532 2175 730 2216 turbetur.
748 2178 987 2225 Praeterea,
999 2176 1033 2216 si
1047 2176 1265 2216 delectatio
1277 2176 1502 2230 spiritualis
1514 2176 1757 2217 felicitatem

180 2241 461 2290 constitueret,
482 2241 588 2281 ratio
610 2248 722 2282 esset
743 2249 910 2295 propter
930 2256 1053 2294 quam
1070 2248 1211 2282 cetera
1227 2241 1336 2281 bona
1357 2247 1619 2294 appetuntur.
1640 2243 1757 2295 Ergo

179 2306 302 2345 etiam
325 2307 478 2346 bonum
499 2306 721 2347 honestum
738 2315 906 2360 propter
922 2308 1241 2347 delectatlonem
1262 2314 1537 2359 appeteretur.
1561 2309 1615 2347 At
1632 2321 1758 2348 nemo

179 2385 262 2411 non
272 2372 393 2419 videt,
413 2373 566 2412 bonum
583 2373 817 2421 honestum,
835 2373 869 2413 si
887 2383 1052 2426 propter
1069 2373 1385 2413 delectationem
1403 2373 1755 2425 appetatur,illico

179 2449 204 2474 a
234 2436 296 2476 sui
326 2444 475 2476 natura
506 2437 753 2479 desciscere.
788 2439 1004 2478 Eiusmodi
1034 2438 1144 2478 enim
1175 2446 1251 2486 est,
1275 2445 1317 2478 ut
1337 2452 1420 2479 non
1441 2439 1523 2479 alia
1553 2440 1602 2480 de
1624 2452 1757 2480 causa

179 2501 404 2553 optandum
427 2503 489 2551 sit,
512 2503 592 2543 nisi
614 2504 711 2556 quia
729 2505 860 2552 decet,
883 2504 1046 2544 etiamsi
1067 2504 1224 2543 nullam
1250 2503 1391 2544 animo
1413 2504 1666 2556 voluptatem
1690 2503 1757 2544 af-

177 2566 552 2614 ferret.Quare,etsi
562 2581 640 2608 nos
656 2568 772 2608 iuxta
786 2574 960 2609 naturae
973 2568 1160 2609 ordinem
1175 2569 1224 2609 de
1237 2569 1457 2621 adeptione
1478 2569 1573 2608 boni
1589 2569 1755 2609 honesti

179 2632 377 2672 delectari
401 2633 621 2684 possimus;
641 2634 760 2673 valde
782 2641 920 2674 tamen
943 2641 1257 2687 praeposterum
1279 2642 1403 2683 esset,
1421 2634 1455 2674 si
1477 2634 1531 2675 ad
1553 2634 1758 2674 eiusmodi

178 2698 498 2738 delectationem
521 2699 674 2738 bonum
694 2699 831 2751 ipsum
854 2701 1076 2740 honestum
1099 2699 1363 2740 referremus.
1387 2699 1456 2739 Sic
1477 2699 1544 2751 qui
1562 2701 1754 2739 virtutem

178 2770 359 2810 exercet,
382 2768 495 2803 recte
513 2763 561 2803 de
579 2764 777 2803 exercitio
794 2765 875 2804 hoc
891 2764 1101 2815 gaudebit,
1119 2777 1252 2816 neque
1274 2763 1431 2803 idcirco
1449 2763 1672 2815 vituperari
1692 2777 1759 2816 po-

179 2827 283 2877 terit,
305 2834 346 2867 at
368 2829 636 2868 vehementer
654 2828 969 2880 vituperaretur;
985 2828 1019 2867 si
1036 2833 1257 2881 propterea
1273 2840 1319 2867 se
1336 2826 1529 2867 virtutem
1551 2840 1751 2867 exercere

180 2894 335 2934 diceret
353 2926 371 2942 „
393 2894 489 2946 quia
514 2894 767 2945 voluptatem
798 2894 980 2946 aliquam
1011 2893 1106 2932 inde
1138 2893 1331 2945 decerpit.
1363 2893 1430 2932 An
1461 2892 1530 2933 tibi
1560 2894 1757 2945 placeret,
