1970 3203
298 222 435 249 CAPUT
463 222 512 247 111.
545 221 597 247 DE
627 221 857 248 socmTATE
886 220 1116 255 RELlGlosA,
1147 221 1329 247 ΝιΜιΗυΜ
1357 220 1551 248 mercem
1630 207 1707 247 327

148 296 371 350 accipiunt.
386 297 450 336 Ex
467 309 545 348 quo
563 302 703 348 aperte
725 295 991 348 consequitur
1012 302 1055 334 ut
1074 309 1155 335 non
1173 295 1365 336 Ecclesia
1381 295 1513 336 Statui
1532 294 1716 347 politico,

151 363 224 403 sed
255 363 395 401 Status
425 361 617 412 politicus
647 361 861 414 Ecclesiae
901 359 1163 400 conformare
1202 373 1247 399 se
1285 360 1445 400 debeat.
1477 361 1570 399 Non
1600 359 1712 399 enim

147 427 318 467 inferior
346 425 560 477 superiori,
592 427 664 467 sed
694 427 916 465 viceversa
944 425 1132 476 superior
1173 425 1355 465 inferiori
1399 431 1601 477 praestat,
1638 439 1717 466 nec

148 490 259 529 bona
289 501 491 540 corporea
511 489 632 529 bonis
649 489 946 541 spiritualibus,
968 488 1041 528 sed
1057 502 1078 527 e
1100 489 1311 529 contrario
1341 489 1452 529 bona
1481 489 1717 542 spiritualia

142 554 264 595 bonis
294 554 505 606 corporeis
527 555 627 594 dant
654 556 803 607 legem.

197 621 289 668 Qua
317 620 358 659 in
388 634 432 660 re
460 621 563 661 nihil
593 621 773 673 iniquius
798 619 959 672 concipi
981 624 1116 672 potest
1145 619 1409 660 simulatione
1438 620 1509 660 illa
1538 620 1714 674 Regali-

143 691 316 735 starum,
346 687 412 739 qui
442 687 518 726 sub
549 690 690 739 specie
718 686 858 726 tuendi
889 685 1122 724 Ecclesiam
1153 684 1323 738 eiusque
1358 686 1512 726 iuribus
1542 686 1715 739 advigi-

142 750 267 798 landi,
298 750 339 789 in
370 764 438 790 res
467 750 703 802 spirituales
733 749 981 800 sacrilegam
1012 761 1181 786 manum
1210 748 1410 796 injiciunt,
1441 749 1551 788 sacri
1586 749 1718 788 mini-

145 815 259 855 sterii
290 815 534 854 exercitium
564 815 816 867 illaqueant,
857 813 1191 853 ecclesiasticam
1229 818 1478 865 potestatem
1517 827 1568 853 ex
1598 820 1718 866 parte

145 883 295 921 saltem
325 881 402 920 sibi
432 880 703 928 submittunt,
734 880 906 932 eiusque
936 879 1157 918 detrahunt
1186 879 1356 918 iuribus.
1388 879 1479 918 Hac
1516 881 1644 919 tutela
1678 885 1718 920 et

144 946 286 986 favore
316 946 463 985 melius
494 952 605 985 esset
633 952 819 998 apertum
850 944 987 984 odium
1018 951 1057 984 et
1086 945 1339 997 oppugnatio
1369 944 1614 992 manifesta3
1653 945 1717 984 sic

144 1010 254 1051 enim
285 1010 436 1049 damno
465 1023 549 1048 non
578 1010 802 1049 adderetur
830 1009 979 1056 irrisio,
1000 1013 1041 1047 et
1069 1008 1230 1048 facilior
1251 1014 1362 1048 esset
1381 1008 1486 1048 ratio
1508 1022 1553 1048 se
1575 1008 1720 1048 defen-

145 1074 278 1115 dendi.
303 1073 570 1113 Meminerint
599 1074 753 1125 politici
775 1075 855 1115 hac
885 1074 927 1112 in
947 1086 991 1112 re
1014 1074 1142 1113 verba
1160 1074 1230 1112 illa
1250 1073 1481 1113 Ambrosii:
1516 1088 1536 1112 ‹<
1559 1073 1652 1113 Noli
1677 1079 1716 1113 te

143 1150 335 1190 gravare,
367 1138 608 1189 Imperator,
631 1144 674 1177 ut
695 1144 812 1189 putes
841 1144 881 1177 te
911 1137 952 1175 in
970 1150 1031 1184 ea,
1054 1150 1158 1189 quae
1190 1136 1329 1176 divina
1358 1142 1466 1185 sunt,
1487 1136 1716 1189 imperiale

144 1201 321 1253 aliquod
342 1201 406 1239 ias
437 1201 603 1248 habere,
625 1201 706 1240 noli
728 1208 768 1241 te
789 1201 1001 1248 extollere;
1023 1201 1109 1247 sed,
1132 1201 1166 1239 si
1189 1204 1251 1240 vis
1274 1200 1469 1239 divinitus
1489 1199 1713 1252 imperare,

143 1272 233 1306 esto
252 1267 339 1306 Deo
361 1266 561 1315 subditus,
584 1266 692 1306 sicut
711 1267 909 1319 scriptum
931 1272 1009 1314 est,
1026 1279 1136 1318 qaae
1157 1266 1242 1304 Dei
1259 1267 1362 1314 Deo,
1385 1279 1495 1319 qaae
1515 1267 1719 1306 Caesaris

149 1332 336 1371 Caesari.
354 1331 418 1371 Ad
437 1332 728 1383 imperatorem
745 1333 899 1385 palatia
915 1333 1133 1384 pertinent,
1145 1333 1198 1371 ad
1216 1332 1484 1372 Sacerdotem
1504 1331 1713 1379 Ecclesia:

145 1398 400 1450 publicorum
430 1399 498 1438 tibi
520 1399 729 1438 moenium
759 1400 822 1439 ius
843 1399 1110 1439 commissum
1141 1406 1216 1446 est,
1239 1412 1321 1438 non
1343 1412 1558 1438 sacrorum
1582 1399 1657 1450 (1).
1690 1412 1711 1435 »

198 1465 308 1504 Hinc
336 1477 506 1516 prorsus
535 1465 777 1513 excluditur,
807 1472 1017 1516 tamquam
1049 1478 1149 1503 vera
1177 1464 1404 1516 usurpatio,
1435 1466 1620 1516 pessima
1639 1463 1710 1501 illa

148 1529 417 1576 consuetudo,
446 1542 551 1581 quae
581 1530 747 1582 reyz’am
759 1530 902 1581 placet
919 1529 1160 1581 appellatur;
1183 1529 1222 1567 vi
1240 1528 1357 1568 cuius
1379 1527 1714 1567 constitutiones

147 1592 320 1639 Brevia,
351 1600 422 1632 aut
450 1593 608 1632 Ballae
639 1595 904 1633 Summorum
934 1593 1182 1632 Pontificum
1203 1625 1211 1640 ,
1241 1593 1366 1632 immo
1397 1592 1521 1632 etiam
1561 1589 1715 1630 alicubi

147 1657 266 1708 ipsae
294 1657 455 1697 litterae
486 1659 716 1709 pastorales
747 1658 1045 1709 Episcoporum
1077 1657 1278 1708 publicari
1299 1664 1370 1697 aut
1399 1656 1616 1696 observari
1646 1669 1712 1696 ve-

147 1725 299 1768 tantur,
329 1720 419 1759 sine
448 1720 582 1760 civilis
612 1720 881 1771 magistratus
897 1720 1182 1772 permissione.
1207 1720 1252 1758 Id
1273 1725 1459 1771 apertam
1475 1718 1707 1757 laesionem

147 1786 319 1825 includit
347 1786 498 1825 iurium
529 1787 758 1826 Ecclesiae.
790 1786 966 1833 Etenim,
997 1786 1032 1825 si
1064 1785 1268 1832 Ecclesia,
1304 1784 1630 1836 independenter
1660 1783 1713 1823 ab

148 1849 394 1889 auctoritate
423 1849 546 1898 civili,
576 1850 640 1890 ius
668 1851 796 1891 habet
825 1851 982 1890 ferendi
1013 1851 1141 1902 leges;
1173 1849 1357 1901 profecto
1386 1848 1713 1900 independenter

148 1913 201 1953 ab
231 1913 477 1952 auctoritate
495 1913 604 1953 civili
620 1914 684 1954 ius
701 1915 826 1955 habet
846 1928 920 1955 eas
937 1914 1240 1966 promulgandi.
1262 1915 1446 1965 Itemque
1467 1912 1502 1951 si
1524 1911 1717 1951 Ecclesia

146 1979 474 2030 independenter
504 1993 529 2019 a
557 1987 761 2032 potestate
792 1981 902 2020 civili
930 1981 995 2020 ius
1024 1981 1149 2020 habet
1180 1980 1376 2032 pascendi
1407 1992 1592 2032 gregem;
1616 1991 1715 2030 pro-

148 2044 255 2084 fecto
284 2045 611 2096 independenter
640 2047 692 2086 ab
713 2047 959 2087 auctoritate
980 2046 1091 2086 civili
1111 2047 1175 2086 ius
1196 2047 1318 2086 habet
1339 2046 1551 2086 imbuendi
1570 2045 1717 2084 fideles

149 2111 324 2151 salutari
355 2111 558 2159 doctrina,
588 2126 695 2164 quae
723 2114 866 2165 gregis
897 2113 1050 2152 Christi
1081 2121 1144 2154 est
1173 2114 1381 2165 pabulum.
1415 2115 1643 2152 Praeterea
1663 2111 1722 2151 ci-

151 2173 244 2212 vilis
260 2180 447 2226 potestas
464 2176 534 2214 illa
549 2189 626 2214 sua
644 2177 910 2229 usurpatione
932 2177 1047 2229 leges
1070 2177 1286 2216 Ecclesiae
1316 2176 1392 2216 sibi
1424 2175 1599 2223 subiicit;
1620 2188 1718 2227 qua-

148 2242 272 2277 tenus
301 2251 374 2277 eas
403 2239 543 2280 irritas
572 2239 671 2280 facit
690 2241 770 2280 hoc
791 2241 893 2292 ipso,
915 2241 1023 2293 quod
1043 2241 1369 2293 independenter
1388 2255 1414 2280 a
1434 2254 1479 2280 se
1500 2241 1541 2279 in
1563 2241 1713 2292 vulgus

151 2301 216 2340 edi
244 2307 315 2340 aut
344 2302 557 2342 observari
587 2304 788 2356 prohibet.
821 2304 867 2343 Id
896 2311 1034 2344 autem
1065 2318 1150 2345 non
1189 2305 1311 2344 modo
1350 2305 1537 2344 ordinem
1575 2303 1716 2344 subie-

150 2366 301 2406 ctionis
329 2366 543 2420 utriusque
574 2369 787 2409 societatis
816 2383 989 2422 prorsus
1018 2370 1213 2417 invertit,
1243 2370 1317 2410 sed
1347 2370 1471 2409 etiam
1507 2369 1717 2409 ecclesia—

151 2429 282 2470 sticae
310 2430 528 2481 potestatis
557 2431 920 2484 independentiam
951 2442 992 2473 et
1021 2435 1253 2474 libertatem
1284 2436 1405 2487 plane
1434 2434 1689 2486 pessumdat.

660 2520 902 2560 Solvuntur·
930 2521 1215 2574 difficultates.

202 2606 293 2646 137.
326 2606 455 2645 Obz'z'e.
480 2609 510 2647 I.
534 2608 729 2647 Ecclesia
749 2615 813 2648 est
833 2609 875 2647 in
897 2609 1032 2657 Statu,
1054 2623 1137 2649 non
1159 2610 1302 2649 Status
1320 2610 1362 2648 in
1383 2610 1587 2650 Ecclesia.
1605 2611 1717 2661 Ergo

150 2671 342 2712 Ecclesia
372 2673 505 2712 statui
535 2673 762 2722 subiicitur,
794 2680 1033 2714 contentum
1063 2675 1172 2715 enim
1202 2675 1418 2717 subiicitur
1448 2675 1688 2716 continenti.

203 2738 252 2776 R.
282 2738 383 2778 Dist
412 2743 503 2778 ant:
534 2739 752 2779 Ecclesiae
780 2746 843 2779 est
871 2739 914 2778 in
943 2741 1063 2780 Statu
1093 2748 1136 2781 ut
1165 2755 1264 2793 pars
1293 2743 1569 2794 quantitative.
1590 2749 1652 2781 est
1671 2741 1715 2780 in

151 2806 250 2849 t010>
280 2817 404 2856 ⁷269ae
434 2815 478 2847 ut.
507 2807 640 2849 forma
668 2815 731 2849 est
758 2809 800 2848 in
834 2810 1020 2859 materia,
1051 2819 1101 2860 et,
1133 2812 1377 2860 distinctius,
1408 2817 1453 2850 ut
1481 2809 1621 2849 anima
1650 2814 1714 2847 est

195 2905 245 2947 (1)
270 2909 381 2952 Epist.
407 2913 456 2951 14,
478 2914 567 2948 allas
592 2917 641 2952 33,
664 2916 709 2948 ad
732 2916 988 2949 Marcellinum.
