1970 3203
245 194 323 234 238
618 207 684 233 ius
713 207 916 233 NATURAE
937 207 1082 234 —PARs
1111 208 1148 234 11.
1178 208 1245 235 ius
1275 208 1445 235 soclALE

241 284 345 324 ritas
375 283 511 336 ipsum
541 283 683 336 exigat
712 297 738 322 a
766 282 940 324 civibus.
973 284 1044 324 Sic
1074 284 1267 337 princeps
1296 286 1384 327 iure
1404 287 1587 340 reposcit
1615 300 1641 326 a
1670 288 1815 329 militi-

246 349 322 387 bus
351 347 631 387 iuramentum
662 347 886 397 fidelitatis,
917 355 956 388 et
984 349 1195 401 legitimus
1224 350 1351 390 iudex
1379 351 1469 392 iure
1497 352 1681 405 reposcit
1707 367 1734 393 a
1753 359 1819 394 te-

241 413 375 453 stibus
390 413 668 454 iuramentum
689 414 942 454 veracitatis.
962 417 1148 468 Itemque
1164 415 1199 455 si
1223 416 1418 466 societas,
1434 417 1476 458 in
1494 425 1695 472 quantum
1714 420 1823 469 talis,

239 493 382 520 veram
413 479 656 532 religionem
677 481 875 533 amplexa
904 487 990 530 est,
1020 481 1110 521 eius
1140 482 1451 523 observantiam
1481 485 1569 526 iure
1599 500 1624 526 a
1654 486 1818 527 civibus

241 545 412 598 exigere
441 551 578 598 potest
607 551 646 585 et
675 546 887 598 publicum
917 546 1162 588 exercitium
1194 547 1344 596 cultus,
1375 555 1496 601 prout
1515 564 1540 590 a
1560 552 1815 592 sacerdotali

236 611 486 650 auctoritate
516 611 825 663 praescribitur.
856 611 945 652 Etsi
976 611 1085 651 enim
1115 611 1321 664 professio
1367 613 1581 667 religionis
1611 616 1663 656 sit
1693 622 1814 656 actus

236 674 483 727 personalis,
516 681 657 715 tamen
688 682 750 716 est
779 676 904 716 etiam
934 681 1053 716 actus
1083 675 1266 723 socialis,
1298 676 1332 716 si
1357 690 1563 729 personae
1579 692 1662 718 non
1685 679 1810 720 modo

232 744 354 790 prout
383 739 636 789 individuae,
668 741 743 780 sed
773 740 898 780 etiam
928 746 1048 792 prout
1078 746 1217 792 partes
1249 746 1347 779 sunt
1381 741 1576 790 civitatis,
1597 743 1650 781 ad
1670 743 1808 795 ipsam

233 805 484 857 obligantur.
517 806 564 845 Id
595 820 706 855 vero,
737 811 779 846 ut
797 812 944 859 patens
965 812 1041 855 est,
1062 806 1259 846 fundatur
1280 807 1322 846 in
1343 820 1554 847 consensu
1574 809 1641 861 qui
1663 809 1807 862 vigere

233 869 356 909 debet
385 870 493 909 inter
521 870 766 910 societatem
796 870 1039 922 religiosam
1071 877 1110 910 et
1140 870 1319 919 civilem,
1352 871 1390 911 vi
1420 872 1539 913 cuius
1560 873 1667 913 haec
1697 874 1807 914 reci-

233 935 353 988 piens
383 937 435 975 ab
464 936 537 976 illa
566 937 715 989 legem,
746 938 799 977 ad
817 938 974 978 cultum
995 937 1072 976 Dei
1094 944 1134 977 et
1154 938 1356 978 honestos
1377 952 1515 979 mores
1537 946 1809 991 spectantem,

231 1002 365 1043 eidem
395 1003 565 1042 tutelam
595 1015 799 1055 opemque
827 1003 1039 1055 praebeat.
1080 1003 1199 1051 Quod
1230 1004 1265 1044 si
1296 1004 1405 1044 absit
1445 1005 1681 1046 huiusmodi
1712 1007 1807 1045 vin-

231 1071 383 1117 culum,
414 1077 514 1110 tunc
546 1069 681 1110 civilis
711 1070 894 1110 societas
915 1071 1030 1110 nullo
1058 1071 1180 1110 modo
1211 1071 1362 1123 poterit
1391 1085 1436 1111 se
1466 1072 1658 1124 ingerere
1678 1072 1720 1111 in
1741 1072 1808 1121 iis,

235 1149 341 1188 quae
371 1142 543 1176 externe
573 1135 700 1176 etiam
729 1137 976 1189 religionem
1005 1136 1246 1190 respiciunt3
1279 1151 1373 1177 cum
1395 1139 1510 1178 nulla
1531 1139 1716 1180 societas
1737 1152 1815 1191 per

233 1214 278 1241 se
308 1201 464 1241 habeat
494 1201 559 1242 ius
589 1202 770 1254 cogendi
800 1202 852 1242 ad
879 1207 1001 1243 actus
1032 1209 1231 1242 externos
1252 1235 1261 1251 ,
1301 1203 1371 1256 qui
1400 1204 1695 1255 expressiones
1725 1204 1808 1244 sint

224 1272 395 1305 actuum
426 1265 699 1314 internorum,
731 1266 784 1306 ab
814 1266 907 1319 ipsa
936 1280 1201 1319 nequaquam
1232 1267 1510 1319 pendentium.

283 1329 415 1369 Obiic.
442 1331 512 1369 IV.
544 1330 587 1369 Si
618 1330 712 1370 finis
742 1331 1008 1371 immediatus
1038 1338 1079 1371 et
1108 1331 1291 1371 directus
1322 1332 1457 1372 civilis
1496 1332 1713 1373 societatis
1743 1338 1807 1372 est

227 1398 388 1433 tantum
420 1394 522 1433 ordo
553 1395 746 1444 exterior3
779 1402 876 1435 tunc
906 1396 1002 1435 finis
1024 1395 1239 1436 societatis
1260 1397 1396 1436 civilis
1426 1398 1505 1437 erit
1525 1403 1688 1436 tantum
1709 1402 1808 1437 tem—

221 1458 379 1510 poralis
410 1464 449 1498 et
480 1459 569 1498 solo
600 1472 740 1498 rerum
772 1473 1069 1511 corporearum
1100 1459 1259 1500 ambitu
1288 1474 1360 1513 per
1376 1474 1423 1501 se
1453 1461 1798 1513 comprehensus.

222 1526 269 1564 Id
301 1539 400 1565 vero
430 1525 635 1566 absonum
668 1531 743 1566 est.
775 1528 882 1566 Nam
911 1528 1095 1568 societas
1112 1527 1248 1567 civilis
1270 1527 1462 1568 homines
1481 1527 1600 1580 regit,
1625 1528 1693 1580 qui
1715 1540 1801 1567 non

218 1592 309 1631 solo
342 1605 517 1643 corpore
547 1592 620 1632 sed
650 1591 775 1632 etiarn
811 1592 958 1644 spiritu
988 1598 1197 1641 constant,
1228 1592 1389 1632 ratione
1410 1592 1530 1632 cuius
1550 1591 1797 1631 immortali-

215 1663 343 1698 tatem
373 1657 541 1698 habent.

270 1723 318 1760 R.
353 1721 475 1761 Cone.
508 1722 608 1761 mai.
630 1728 669 1761 et
691 1735 796 1774 neyo
820 1722 919 1761 min.
944 1723 1009 1762 Ad
1030 1722 1318 1774 probationem
1339 1722 1442 1762 dist:
1465 1721 1671 1761 Homines
1691 1722 1799 1774 regit
1836 1712 1838 1714 V

218 1792 415 1839 respectu
445 1787 664 1827 dumtaxat
694 1787 804 1827 vitae
834 1788 1084 1840 praesentis,
1116 1793 1156 1827 et
1177 1788 1314 1840 quoad
1335 1788 1449 1827 solos
1472 1792 1605 1835 actus,
1627 1786 1695 1839 qui
1718 1786 1798 1839 ipsi

215 1853 477 1902 subduntur,
508 1867 639 1901 conc,·
670 1862 863 1907 respectu
892 1854 1003 1895 vitae
1038 1855 1162 1894 etiam
1194 1854 1381 1903 suturae,
1414 1860 1452 1895 et
1482 1853 1619 1906 quoad
1649 1866 1796 1894 omnes

214 1923 347 1966 actus,
366 1931 483 1970 nego.

273 1983 418 2023 Civilis
440 1983 624 2024 societas
644 1989 688 2023 ut
708 1984 751 2023 in
771 1991 883 2024 terra
912 1983 1112 2032 nascitur,
1145 1984 1205 2024 sic
1237 1983 1363 2024 etiam
1393 1983 1435 2023 in
1461 1989 1574 2023 terra
1602 1982 1720 2035 perit,
1749 1988 1788 2023 et

215 2063 320 2102 gyro
343 2056 502 2089 tantum
524 2050 634 2090 vitae
655 2050 891 2103 praesentis
912 2049 1187 2090 concluditur.
1220 2051 1357 2090 Homo
1387 2063 1472 2090 non
1500 2049 1612 2098 item3
1645 2049 1720 2089 sed
1748 2049 1790 2088 in

210 2115 335 2156 terris
355 2115 413 2156 ita
435 2115 633 2164 nascitur,
652 2122 696 2155 ut
715 2116 873 2167 potiore
891 2116 955 2156 sui
971 2123 1099 2165 parte,
1115 2115 1471 2163 nimirumanimo‚
1491 2115 1679 2168 corporis
1691 2128 1786 2155 cor-

211 2182 391 2234 ruptioni
415 2182 605 2234 supersit.
630 2183 768 2229 Quare
798 2195 852 2222 ex
881 2183 962 2222 hoc
992 2182 1129 2235 capite
1158 2182 1323 2222 civilem
1345 2182 1589 2222 societatem
1608 2181 1791 2229 excedit,

213 2244 1787 2299 eiquenonsubiicitur.ltemquecumhomointeriorefficientiamsocietatis

210 2313 396 2364 effugiat;
414 2314 522 2353 haec
538 2312 705 2352 nonnisi
721 2313 775 2352 ad
785 2313 973 2352 actiones
989 2320 1186 2352 externas
1203 2311 1370 2351 extendi
1384 2318 1519 2364 potest
1531 2311 1682 2350 virtute
1696 2324 1785 2351 sua.

265 2379 393 2419 Obiic.
416 2381 465 2419 V.
489 2379 569 2427 Qui
585 2379 649 2419 ius
665 2379 793 2419 habet
810 2380 863 2418 ad
879 2380 1018 2427 finem,
1036 2379 1100 2418 ius
1117 2379 1242 2418 etiam
1259 2378 1384 2417 habet
1401 2378 1453 2417 ad
1471 2377 1618 2417 media.
1638 2377 1720 2417 Sed
1734 2376 1790 2416 ad

211 2445 478 2485 obtinendum
510 2445 698 2486 ordinem
729 2452 962 2492 externum,
993 2444 1228 2485 moralitate
1257 2443 1551 2492 informatum,
1584 2449 1647 2484 est
1675 2442 1783 2494 opti—

210 2525 324 2550 mum
347 2512 527 2551 medium
549 2511 649 2551 ordo
670 2512 859 2552 internus
879 2524 931 2552 ex
952 2524 1032 2564 quo
1054 2510 1269 2550 moralitas
1286 2510 1377 2562 ipsa
1399 2515 1574 2550 constat.
1590 2510 1702 2561 Ergo
1727 2521 1791 2548 so-

206 2574 340 2616 cietas
362 2576 541 2627 politica,
558 2589 664 2628 quae
687 2576 751 2615 ius
772 2575 898 2616 habet
917 2575 1054 2628 quoad
1070 2576 1259 2628 primum,
1276 2574 1341 2614 ius
1357 2573 1481 2614 etiam
1501 2572 1628 2612 habet
1648 2572 1786 2624 quoad

204 2639 447 2679 secundum.

259 2704 309 2742 R.
342 2702 453 2742 Dist.
473 2704 578 2743 mai:
612 2704 690 2751 Qui
721 2704 785 2744 ius
814 2703 941 2744 habet
969 2704 1023 2744 ad
1051 2704 1189 2753 finem,
1220 2703 1286 2743 ius
1315 2702 1438 2742 etiam
1467 2700 1594 2740 habet
1615 2699 1668 2738 ad
1690 2711 1781 2739 me-

205 2769 274 2808 dia
305 2769 611 2821 comprehensa
639 2770 681 2809 in
711 2771 856 2810 eodem
887 2769 1043 2818 ordine,
1075 2783 1196 2816 conc;
1227 2768 1412 2809 ordinem
1436 2766 1549 2806 illurn
1568 2765 1781 2806 exceden-

209 2834 280 2883 tia,
312 2834 492 2875 subdist:
516 2836 586 2875 Ius
607 2835 733 2875 habet
752 2836 1000 2876 indirectum
1021 2841 1061 2876 et
1081 2834 1396 2875 subordinatum
1418 2833 1562 2882 ordini,
1584 2834 1638 2874 ad
1657 2845 1780 2886 quem

204 2898 344 2939 media
377 2898 450 2938 illa
480 2898 698 2952 pertinent,
733 2913 853 2947 conc,·
886 2899 1086 2940 directum
1116 2904 1156 2939 et
1185 2899 1433 2948 absolutum,
1466 2911 1582 2952 nego.
