1970 3203
219 275 296 315 274
589 285 654 311 1us
684 284 886 311 NATURAE
904 295 924 300 -
945 283 1052 310 PARS
1083 285 1118 310 11.
1148 284 1213 311 1us
1245 282 1421 311 SOCIALE

217 359 507 413 proferendum
524 359 574 399 de
596 359 717 399 factis
737 359 1032 412 peculiaribus,
1050 360 1099 399 de
1121 359 1270 412 quibus
1290 366 1484 413 respectu
1506 361 1646 412 legum
1668 359 1792 398 inter-

216 427 331 466 cidat
352 426 653 475 controversia;
677 434 850 478 quarum
872 425 1130 466 functionum
1154 428 1488 467 exercendarum
1508 427 1586 475 ius,
1605 431 1794 478 potesta—

211 500 293 532 tem
315 492 611 544 Zeyislativam,
631 492 913 532 exsecutivam
930 499 969 532 et
991 492 1272 532 iudiciariam
1289 493 1477 534 nominat
1493 495 1565 545 (1).
1582 494 1700 533 Haec
1717 506 1796 532 au-

211 565 291 599 tem
339 558 547 611 tripartita
577 558 725 598 divisio
756 559 853 599 licet
891 572 916 598 a
945 558 1155 598 nonnullis
1186 558 1468 611 improbetur;
1501 565 1669 607 tamen,
1702 572 1797 598 cum

208 624 333 664 valde
366 624 601 664 communis
632 624 716 673 sit,
747 631 787 665 et
817 625 1026 665 obiectum
1052 624 1094 663 in
1124 637 1225 664 suas
1254 630 1394 677 partes
1424 630 1519 677 apte
1549 625 1789 672 distribuat,

210 688 447 742 approbatu
464 701 549 728 non
565 688 738 741 indigna
748 689 923 729 videtur.
943 689 1049 728 Nam
1064 702 1158 727 cum
1177 688 1406 728 auctoritas
1423 688 1566 728 ordine
1581 688 1790 728 instruere

213 752 427 793 civitatem
459 751 619 800 debeat,
640 765 811 792 normas
832 752 873 791 in
895 752 1038 804 primis
1054 752 1314 804 praescribat
1336 764 1512 792 necesse
1543 757 1618 800 est,
1640 752 1794 804 quibus

210 826 381 859 mutuae
400 818 553 858 civium
570 818 796 858 relationes
812 818 919 858 inter
935 831 980 858 se
997 824 1301 871 componantur
1316 818 1369 857 ad
1385 819 1511 858 finem
1529 831 1793 858 communem

214 886 556 939 adipiscendum:
587 892 711 937 atque
740 885 782 923 in
810 891 1010 938 quantum
1040 885 1080 924 id
1103 891 1300 937 praestat,
1321 884 1559 937 legislativa
1580 890 1788 937 potestate

215 955 422 994 instructa
442 966 536 993 esse
558 952 718 992 dicitur.
741 951 901 991 Deinde
923 957 1085 1004 oportet
1107 958 1150 991 ut
1166 951 1295 992 scitas
1311 953 1429 1004 leges
1445 952 1499 991 ad
1517 957 1656 991 actum
1674 951 1790 991 redu-

210 1027 291 1069 cat,
317 1032 470 1072 easque
494 1018 724 1071 operationi
748 1024 787 1058 et
808 1017 936 1058 motui
958 1016 1139 1058 civitatis
1160 1017 1354 1070 applicet,
1373 1018 1481 1070 quod
1502 1030 1653 1057 munus
1673 1022 1791 1069 pote-

186 1121 190 1125 .
210 1087 335 1128 statis
368 1084 640 1126 exsecutivae
661 1084 872 1137 proprium
894 1084 983 1124 erit.
1006 1084 1206 1137 Denique,
1228 1098 1322 1124 cum
1344 1084 1437 1124 lites
1458 1084 1680 1137 insurgere
1701 1097 1792 1136 pos-

210 1152 293 1192 sint
322 1152 387 1192 vel
408 1151 515 1191 inter
535 1152 723 1200 privatos
742 1151 869 1203 ipsos,
892 1151 958 1190 vel
979 1150 1087 1190 inter
1108 1151 1294 1202 privatos
1315 1157 1354 1191 et
1376 1150 1576 1203 regimen,
1598 1155 1793 1202 respectu

211 1216 362 1256 iurium
397 1229 503 1268 quae
534 1216 602 1255 lex
633 1215 698 1255 vel
728 1215 920 1255 concedit
950 1215 1014 1254 vel
1047 1220 1227 1263 tutatur;
1250 1215 1302 1254 ad
1323 1228 1396 1255 eas
1417 1214 1685 1262 dirimendas,
1708 1220 1793 1253 tum

211 1280 339 1319 etiam
361 1279 414 1318 ad
435 1280 573 1331 legum
596 1278 861 1319 violationem
879 1278 1148 1330 puniendam,
1166 1278 1580 1331 iudiciariasuppetit
1591 1284 1790 1331 potestas.

209 1345 276 1385 Ad
293 1345 371 1384 has
383 1349 521 1383 autem
535 1348 674 1395 partes
693 1349 834 1384 cetera
850 1343 1111 1383 auctoritatis
1129 1343 1272 1383 munia
1288 1343 1411 1383 facile
1427 1344 1792 1384 revocantur.Hac

209 1410 336 1462 igitur
361 1409 579 1462 partitione
601 1414 763 1449 retenta
777 1442 785 1458 ,
813 1409 863 1449 de
884 1408 1083 1449 membris
1106 1409 1195 1449 eius
1217 1408 1442 1461 separatim
1466 1409 1723 1462 eloquamur.

957 1616 978 1667 ξ
1022 1617 1051 1655 Ι.

706 1745 771 1784 De
792 1748 1003 1798 potestate
1037 1745 1290 1797 legislatioa.

262 1875 326 1914 81.
358 1875 518 1915 Ceteris
548 1879 754 1926 praestat.
788 1875 991 1927 Suprema
1020 1874 1127 1913 inter
1156 1879 1297 1926 partes
1327 1873 1589 1914 auctoritatis
1621 1887 1671 1914 ea
1702 1879 1787 1922 est,

209 1952 318 1990 quae
348 1940 463 1993 leges
493 1940 689 1981 ferendas
709 1940 891 1992 respicit.
914 1941 1033 1980 Haec
1056 1939 1165 1979 enim
1186 1940 1358 1992 regulas
1381 1939 1555 1992 imponit
1576 1939 1791 1992 operandi,

209 2012 250 2045 et
279 2006 404 2045 totius
435 2006 546 2046 vitae
567 2006 736 2047 socialis
758 2006 977 2046 constituit
998 2006 1198 2046 ordinem.
1220 2006 1343 2047 Unde
1363 2006 1417 2045 ad
1438 2006 1562 2046 facile
1584 2005 1790 2046 definien-

215 2073 311 2112 dam
341 2073 531 2126 gubernii
552 2074 740 2122 sormam,
763 2074 969 2127 dispicere
990 2072 1147 2114 sufficit
1166 2073 1207 2111 in
1229 2086 1309 2125 quo
1330 2072 1517 2113 subiecto
1538 2072 1717 2112 facultas
1738 2072 1791 2111 le-

208 2151 309 2191 gum
341 2139 657 2178 sciscendarum
687 2138 882 2188 resideat,
914 2152 1011 2178 num
1042 2137 1084 2176 in
1115 2137 1284 2178 homine
1313 2137 1525 2177 individuo
1558 2151 1611 2177 an
1631 2137 1674 2176 in
1695 2139 1788 2190 plu-

211 2203 322 2242 rium
352 2204 628 2252 collectione;
662 2217 743 2257 qua
773 2205 823 2244 de
853 2218 898 2244 re
929 2204 1096 2244 diversa
1126 2209 1295 2243 exstant
1325 2203 1570 2255 populorum
1606 2209 1761 2243 statuta
1780 2236 1789 2252 ,

214 2280 339 2319 prout
372 2281 474 2308 cura
502 2268 753 2321 procurandi
781 2269 877 2309 boni
908 2267 1142 2309 communis
1174 2268 1242 2308 uni
1271 2267 1535 2321 potissimum
1566 2281 1787 2319 personae,

212 2340 256 2373 ut
285 2334 327 2373 in
359 2335 618 2383 monarchia,
649 2341 721 2375 aut
751 2335 886 2375 coetui
918 2348 971 2374 ex
1001 2333 1187 2386 pluribus
1208 2334 1477 2382 coalescenti,
1508 2339 1552 2374 ut
1572 2334 1614 2374 in
1636 2334 1788 2375 ceteris

210 2397 364 2447 formis,
396 2399 485 2439 sive
516 2399 774 2452 simplicibus
805 2400 894 2440 sive
925 2398 1077 2447 mixtis,
1110 2399 1397 2438 demandatur.

264 2465 414 2514 Quare,
448 2467 515 2518 qui
546 2479 641 2506 cum
671 2466 894 2506 Rousseau
925 2477 1164 2518 supremum
1186 2464 1405 2517 imperium
1429 2466 1579 2518 populo
1600 2465 1787 2505 immuta-

213 2530 347 2569 biliter
376 2531 629 2581 adscribunt3
657 2531 700 2571 in
729 2532 810 2572 hoc
839 2531 1022 2570 maxime
1053 2529 1316 2579 adlaborant,
1347 2535 1391 2569 ut
1420 2536 1606 2570 statuant
1638 2530 1703 2570 ius
1724 2530 1788 2570 fe-

210 2595 330 2635 rendi
350 2597 465 2648 leges
486 2597 653 2637 nonnisi
673 2597 727 2637 ad
748 2598 944 2650 populum
966 2596 1184 2649 pertinere.
1209 2596 1291 2636 Sed
1312 2601 1474 2636 tantum
1494 2596 1616 2636 abest
1644 2602 1687 2635 ut
1706 2597 1789 2639 hoc

207 2661 274 2701 ius
294 2661 334 2700 vi
350 2668 524 2702 naturae
543 2662 694 2714 populo
712 2662 957 2710 vindicetur,
979 2668 1022 2701 ut
1039 2661 1177 2713 potius
1193 2661 1344 2700 rationi
1361 2674 1444 2700 non
1461 2661 1564 2701 satis
1583 2668 1791 2703 consonet

205 2725 308 2764 illud
337 2725 489 2778 populo
520 2733 670 2778 sponte
700 2725 855 2779 largiri.
880 2726 967 2766 Etsi
990 2725 1102 2766 enim
1125 2725 1302 2777 populus
1323 2723 1616 2773 necessitates,
1639 2726 1789 2778 quibus

205 2792 418 2843 premitur,
447 2793 738 2845 persentiscat,
771 2793 902 2846 iisque
932 2791 1160 2832 remedium
1192 2791 1404 2843 postulare
1436 2791 1600 2840 valeat;
1631 2798 1784 2841 tamen,

209 2870 303 2897 cum
320 2863 463 2898 careat
478 2857 654 2897 scientia
666 2864 900 2910 opportuna
917 2863 957 2897 et
973 2856 1203 2909 prudentia,
1221 2869 1271 2895 ac
1288 2855 1410 2896 valde
1426 2855 1556 2897 animi
1573 2858 1790 2909 perturba-

235 2998 284 3038 (2)
310 2998 348 3030 L’
367 2998 482 3041 csprit
505 2998 570 3031 cle-5·
595 2998 676 3036 lois,
703 3001 725 3031 t.
757 3000 778 3037 1,
805 2999 822 3031 l.
852 2999 901 3031 XI
