1970 3203
605 212 742 239 CAPUT
772 215 808 240 11.
839 213 891 239 DE
921 213 1149 240 socinTATE
1179 214 1298 240 CIV1L1
1657 202 1734 242 289

777 352 1021 390 ARTicULUS
1051 350 1122 389 XI.

363 482 430 522 De
457 482 730 536 separatione
747 482 1031 534 functionum
1058 482 1259 534 politicae
1280 483 1515 535 potestatis.

203 612 266 653 97.
297 613 438 664 Opinio
459 614 758 664 Montesquieu.
775 612 1047 652 Auctoritatis
1064 618 1217 664 partes,
1234 625 1339 664 quas
1356 614 1656 662 recensuimus,
1673 614 1729 653 ita

152 678 259 717 inter
289 691 334 718 se
364 679 624 730 separandas
655 691 748 718 esse
776 679 896 718 docet
926 678 1219 730 Montesquieu
1240 710 1248 723 ‚
1279 684 1321 716 ut
1350 678 1392 716 in
1422 679 1608 719 subiecto
1639 693 1723 718 uno

154 741 377 793 eodemque
406 741 574 780 minime
597 742 853 794 copulentur.
879 756 898 778 ((
921 741 1095 787 Quando
1117 741 1159 779 in
1179 740 1383 792 singulari
1404 755 1584 793 persona
1607 744 1723 795 (sunt

155 803 243 844 eius
262 804 406 856 verba)
426 806 491 844 vel
511 805 553 843 in
574 805 719 844 eodem
741 805 1061 856 magistratuum
1083 804 1259 856 collegio
1281 811 1467 856 potestas
1490 806 1730 858 legislativa

158 883 252 909 cum
284 870 528 910 exsecutiva
550 870 827 923 coniungitur,
848 870 1020 910 libertas
1040 871 1162 922 plane
1183 870 1337 918 exulat;
1360 871 1561 923 siquidem
1583 873 1728 913 timen-

157 934 252 974 dum
283 941 381 974 tunc
411 940 474 975 est
503 948 556 974 ne
585 936 820 974 Monarcha
850 941 920 974 aut
950 936 1129 975 Senatus
1159 936 1276 987 leges
1298 936 1451 975 condat
1472 938 1728 988 tyrannicas,

159 1013 313 1053 easque
343 1001 560 1052 tyrannice
590 1006 854 1053 exsequatur.
887 1000 1083 1040 Similiter
1111 1001 1281 1041 libertas
1311 1002 1436 1050 deest,
1467 1004 1633 1054 quando
1657 1017 1730 1056 po-

157 1068 286 1103 testas
314 1063 523 1103 iudicandi
552 1065 602 1103 ab
626 1071 799 1116 utraque
819 1064 889 1103 illa
909 1071 1128 1116 potestate,
1149 1065 1386 1117 legislativa
1406 1072 1446 1106 et
1466 1067 1724 1114 exsecutiva,

157 1140 240 1166 non
270 1133 501 1179 separatur.
533 1128 577 1167 Si
606 1127 749 1167 iuncta
779 1128 1008 1180 concipitur
1038 1142 1132 1167 cum
1163 1135 1367 1181 potestate
1387 1129 1635 1181 legislativa‚
1658 1134 1723 1171 ius

154 1193 197 1232 in
226 1192 353 1232 vitam
383 1199 423 1232 et
451 1193 685 1234 libertatem
717 1193 868 1232 civium
899 1193 975 1232 erit
994 1193 1259 1234 arbitrarium
1278 1210 1286 1243 ;
1308 1195 1433 1234 iudex
1455 1196 1566 1235 enim
1591 1202 1656 1236 est
1679 1197 1732 1236 si-

156 1260 240 1299 mul
268 1259 493 1313 legislator.
516 1258 559 1298 Si
579 1273 673 1299 cum
694 1264 901 1310 potestate
922 1258 1168 1298 exsecutiva
1188 1261 1410 1311 cupulatur
1428 1275 1436 1308 3
1459 1261 1583 1300 iudex
1607 1261 1728 1301 facile

155 1324 197 1363 in
227 1336 517 1375 oppressorem
548 1322 830 1375 degenerabit.
855 1323 1009 1362 Omnia
1030 1329 1285 1371 corruerent,
1308 1323 1343 1362 si
1362 1323 1472 1363 idem
1494 1324 1634 1371 homo,
1656 1331 1727 1363 aut

155 1390 264 1429 idem
293 1402 450 1443 corpus
478 1389 719 1441 optimatum
743 1389 808 1427 vel
825 1387 1024 1427 nobilium
1046 1389 1110 1427 vel
1132 1389 1281 1440 populi,
1304 1389 1508 1429 eiusmodi
1532 1397 1617 1429 tres
1637 1403 1730 1441 par-

156 1460 219 1493 tes
248 1453 466 1505 potestatis
496 1453 738 1503 possideret:
770 1452 975 1492 condendi
1006 1453 1134 1504 leges;
1157 1452 1410 1505 exsequendi
1441 1452 1632 1504 publicas
1654 1454 1725 1493 de-

156 1518 438 1566 liberationes,
450 1517 663 1557 iudicandi
681 1516 830 1557 delicta
847 1518 910 1556 vel
928 1517 1114 1569 privatas
1126 1517 1277 1556 civium
1291 1517 1602 1557 controversias
1623 1519 1724 1568 (1).»

157 1584 279 1622 Hanc
307 1582 447 1634 gallici
476 1581 702 1633 iurisperiti
733 1581 982 1621 sententiam
1004 1594 1270 1633 summopore
1291 1581 1488 1634 liguriunt
1509 1588 1547 1621 et
1568 1596 1728 1634 promo-

157 1656 267 1697 vent,
298 1653 496 1700 quotquot
524 1647 730 1687 severiori
760 1654 831 1686 aut
860 1647 1012 1686 mitiori
1042 1646 1295 1686 liberalismo
1326 1647 1646 1700 adstipulantur.

209 1714 265 1754 Ut
293 1712 489 1752 iudicium
520 1712 568 1751 de
599 1713 788 1752 doctrina
819 1713 899 1752 hac
930 1712 1141 1759 feramus,
1171 1711 1349 1751 dicimus
1379 1725 1404 1751 a
1435 1714 1729 1766 Montesquieu

156 1785 278 1832 atque
307 1777 482 1818 asseclis
511 1791 730 1830 perperam
762 1777 959 1817 confundi
982 1790 1049 1817 res
1072 1777 1187 1824 duas,
1211 1790 1316 1829 quae
1338 1777 1657 1829 diligentissime
1675 1779 1732 1818 di-

155 1842 430 1895 stinguendae
461 1847 580 1881 sunt:
607 1841 852 1881 exercitium
882 1854 1030 1893 nempe
1061 1854 1204 1880 earum
1235 1841 1506 1889 functionum,
1539 1850 1579 1881 et
1608 1842 1673 1882 ius
1703 1857 1727 1882 a

156 1920 248 1959 quo,
279 1914 490 1958 tamquam
521 1905 572 1944 ab
602 1905 745 1945 radice
774 1905 987 1957 pullulant.
1019 1904 1143 1951 Hinc,
1173 1905 1281 1956 quod
1311 1905 1360 1945 de
1381 1918 1462 1944 uno
1485 1919 1628 1944 verum
1650 1915 1725 1954 est,

155 1973 263 2013 male
292 1971 548 2012 transferunt
576 1971 628 2010 ad
658 1971 779 2010 aliud.
814 1973 958 2023 Itaque
988 1970 1039 2009 ad
1070 1983 1264 2018 errorem,
1296 1971 1362 2023 qui
1396 1984 1449 2010 ex
1484 1972 1565 2010 hac
1588 1972 1726 2011 confu-

160 2037 278 2077 sione
305 2035 503 2083 nascitur,
534 2035 802 2087 eripiendum,
833 2035 937 2073 duas
959 2040 1182 2086 sequentes
1202 2034 1518 2074 constabilimus
1540 2036 1727 2087 proposi-

156 2102 301 2143 tiones.

704 2230 1177 2271 PROPOfflTIONES.

205 2427 267 2467 98.
299 2427 555 2466 Pssoposmo
577 2426 632 2465 1⁵².
657 2425 709 2465 St·
729 2426 815 2464 tria
838 2425 916 2464 illa
938 2424 1086 2463 munia
1107 2422 1379 2462 auctoritatis
1414 2424 1557 2475 quoad
1575 2426 1727 2464 exerci-

155 2491 260 2530 tium
280 2489 626 2536 considerentur,
647 2492 850 2541 separata
870 2487 1056 2527 subiecta
1092 2487 1292 2538 eoec'yttnt‘,
1324 2486 1474 2537 quibas
1496 2488 1722 2528 insideant.

198 2553 322 2593 Prob.
353 2552 555 2591 Diversae
584 2551 846 2603 operationes
879 2551 1045 2590 diversa
1076 2549 1291 2601 requirunt
1322 2548 1609 2600 instrumenta,
1631 2553 1724 2605 qui-

152 2617 229 2657 bus
259 2622 545 2657 exerceantur.
585 2615 709 2667 Atqui
740 2615 881 2653 munia
919 2614 989 2652 illa
1019 2611 1280 2651 auctoritatis
1311 2612 1601 2654 diversissima
1630 2623 1726 2656 sunt

151 2682 257 2722 inter
287 2694 345 2722 se.
375 2682 487 2734 Ergo
518 2681 807 2727 instrumenta,
837 2679 985 2731 quibus
1014 2683 1304 2724 exerceantur,
1327 2689 1401 2716 seu
1422 2678 1620 2727 subiecta,
1643 2681 1727 2732 qui-

152 2744 231 2784 bus
261 2744 482 2792 insideant,
512 2744 659 2783 debent
688 2756 783 2783 esse
814 2742 991 2782 diversa.

208 2807 254 2846 Id
281 2807 541 2847 manifestius
569 2812 752 2859 apparet,
784 2806 816 2845 si
849 2806 1098 2858 ponderetur
1119 2836 1127 2852 ,
1158 2805 1212 2843 ad
1241 2804 1382 2844 munia
1405 2805 1476 2844 illa
1503 2807 1578 2845 rite
1599 2820 1722 2848 exse-

202 2912 251 2953 (1)
276 2912 434 2954 L’esprit
457 2912 522 2945 des
546 2913 628 2950 lois,
654 2916 678 2945 t.
703 2913 725 2944 Ι.
749 2912 767 2944 l.
794 2913 854 2949 XI,
878 2912 930 2943 ch.
953 2912 981 2943 6.

240 2976 472 3009 LIBERATORE
486 2994 527 3000 —
542 2976 675 3009 Ethica
699 2980 733 3010 et
755 2977 820 3009 Ias
843 2979 1016 3009 naturae.
1584 2978 1622 3009 19
