1970 3203
243 246 320 285 354
366 256 431 283 ius
451 253 654 280 NATURAE
671 262 689 270 -
708 254 816 280 PAns
836 253 889 280 111.
915 253 980 280 ms
1001 252 1369 280 1NTERNAT10NALE
1402 252 1478 280 ssu
1501 252 1693 294 GENTHJM

248 334 388 382 utpote
417 341 524 381 quae
554 340 792 380 supremam
823 332 863 367 et
892 332 1107 367 aeternam
1128 326 1216 366 eius
1238 326 1477 367 felicitatem
1512 326 1693 378 respicit;
1716 340 1815 379 pro-

250 394 358 434 fecto
387 392 612 432 maximum
636 392 702 431 ius
730 391 888 431 homini
918 397 958 431 et
987 391 1177 431 societati
1207 392 1329 430 affert
1368 391 1578 444 pugnandi
1609 392 1822 432 adversus

251 460 494 512 sacrilegos,
525 458 593 512 qui
623 458 736 498 illam
767 464 975 511 utcunque
1004 458 1166 498 iniuriis
1187 458 1412 497 lacessunt.
1436 458 1566 499 Immo
1600 459 1653 498 ad
1674 458 1714 498 id
1735 471 1819 498 non

244 523 366 564 modo
396 523 460 563 ius
496 523 570 563 sed
599 523 724 562 etiam
755 514 937 562 officium
969 523 1219 575 quandoque
1248 521 1405 561 homini
1427 529 1467 562 et
1487 522 1677 564 societati
1697 522 1822 571 inest,

251 602 305 628 ex
336 587 591 640 obligatione
621 587 908 640 proficiscens,
930 601 1022 640 qua,
1054 600 1153 640 prae
1175 587 1368 627 omnibus
1389 587 1520 636 bonis,
1542 588 1617 628 Dei
1641 587 1819 641 gloriam

245 660 285 694 et
321 660 536 694 aeternam
567 654 850 706 proximorum
882 654 1059 694 salutem
1089 666 1316 705 procurare
1345 658 1549 694 tenemur.

864 785 1110 825 ARTICULUS
1142 785 1194 823 II.

487 917 552 957 De
581 917 733 970 officiis
762 917 807 957 in
837 916 944 957 bello
977 918 1140 970 etpost
1168 917 1323 957 bellam
1354 916 1590 957 servandis.

300 1053 361 1093 27.
396 1051 498 1100 Quid
529 1051 682 1092 debeat
710 1051 895 1091 iniustus
924 1050 1116 1091 bellator.
1139 1049 1323 1090 Iniustus
1345 1050 1531 1100 bellator,
1553 1055 1596 1090 ut
1626 1050 1730 1090 satis
1751 1064 1824 1103 per

250 1132 295 1159 se
326 1124 449 1172 patet,
481 1119 534 1158 ad
555 1118 761 1170 integram
790 1117 1092 1158 restitutionem
1124 1121 1286 1158 tenetur
1315 1130 1454 1157 rerum
1485 1117 1684 1166 omnium,
1721 1130 1826 1170 quas

251 1185 371 1238 cepit,
402 1191 441 1226 et
471 1185 524 1224 ad
545 1185 699 1224 damna
718 1184 1000 1232 resarcienda,
1022 1197 1128 1237 quae
1149 1184 1357 1224 innocuae
1378 1183 1492 1236 genti
1526 1184 1655 1224 armis
1675 1183 1824 1224 intulit.

247 1252 432 1299 Quorum
463 1265 559 1292 oum
588 1251 808 1290 innumera
837 1250 950 1299 sint,
981 1263 1087 1303 quae
1127 1249 1323 1290 resarciri
1365 1255 1602 1302 nequeant;
1632 1250 1827 1298 videant,

247 1329 420 1368 quaeso,
443 1315 645 1356 bellorum
666 1320 877 1355 amatores
899 1320 1053 1367 quanto
1075 1314 1190 1354 oneri
1212 1327 1257 1354 se
1279 1314 1513 1363 subiiciant‚
1536 1319 1701 1367 propter
1722 1314 1827 1353 stul-

247 1391 332 1424 tam
364 1382 501 1422 inanis
531 1382 689 1434 gloriae
720 1388 791 1422 aut
819 1381 980 1434 imperii
1010 1380 1293 1433 amplificandi
1328 1381 1610 1433 cupiditatem.
1639 1380 1759 1427 Quod
1793 1380 1827 1420 si

248 1450 341 1502 quis
372 1449 482 1489 bona
511 1450 593 1488 fide
622 1449 774 1489 bellum
804 1447 1013 1500 suscepit,
1046 1453 1085 1487 et
1115 1447 1203 1487 eius
1235 1448 1412 1488 decursu
1443 1448 1688 1488 iniustitiam
1729 1447 1826 1487 ani-

248 1516 484 1564 madvertit;
514 1515 624 1554 illico
655 1515 708 1554 ab
740 1515 852 1554 omni
880 1515 1022 1554 hostili
1052 1514 1329 1568 aggressione
1350 1528 1520 1555 cessare
1552 1514 1683 1564 debet,
1706 1528 1756 1554 ac
1777 1515 1827 1554 de

249 1580 539 1633 componenda
568 1592 673 1632 pace
704 1578 1012 1631 negotiationes
1044 1578 1184 1627 ordiri,
1216 1578 1417 1618 restitutis
1447 1578 1509 1627 iis,
1541 1591 1649 1632 quae
1688 1579 1827 1619 adhuc

248 1647 415 1698 integra
445 1652 553 1695 sunt,
582 1652 622 1686 et
653 1659 829 1699 quorum
859 1645 1147 1685 additamento
1178 1645 1299 1686 ditior
1331 1645 1467 1685 factus
1498 1651 1575 1685 est.

305 1715 368 1755 28.
401 1715 501 1763 Quid
528 1715 710 1755 bellator
738 1714 887 1754 iustus.
921 1713 1072 1753 Officia
1102 1713 1199 1753 iusti
1229 1712 1443 1752 bellatoris
1463 1713 1546 1752 huc
1567 1713 1733 1752 tandem
1757 1706 1825 1751 re'-

250 1779 346 1819 duci
377 1792 505 1832 posse
533 1778 726 1818 videntur
745 1811 754 1827 ‚
786 1784 828 1818 ut
858 1778 1043 1829 gerendo
1081 1778 1187 1817 bello
1217 1789 1297 1817 non
1342 1778 1434 1829 plus
1469 1777 1609 1816 damni
1647 1777 1797 1817 inserat
1817 1810 1826 1826 ‚

248 1860 371 1899 quam
402 1858 516 1885 mere
545 1857 720 1885 necesse
750 1845 803 1884 sit
846 1844 899 1884 ad
929 1844 1011 1883 vim
1048 1843 1182 1883 hostis
1223 1844 1548 1896 propulsandam
1586 1857 1637 1883 ac
1678 1843 1829 1883 nocivo

248 1913 401 1952 effectu
431 1911 727 1951 frustrandam.
749 1912 795 1950 In
818 1911 968 1951 ceteris
997 1910 1191 1950 omnibus
1212 1911 1328 1962 leges
1350 1910 1533 1951 iustitiae
1569 1916 1608 1951 et
1629 1910 1826 1950 humani-

249 1977 357 2025 tatis,
386 1977 476 2017 sive
505 1990 599 2016 cum
620 1976 815 2029 gentibus
840 1990 925 2016 non
944 1975 1135 2024 inimicis,
1158 1975 1246 2015 sive
1268 1988 1362 2014 cum
1384 1975 1476 2027 ipsa
1505 1981 1629 2028 gente
1651 1974 1826 2014 inimica

251 2057 423 2084 servare
445 2048 621 2083 tenetur.
647 2042 757 2082 Hinc
777 2042 819 2081 in
840 2042 984 2094 primis
1005 2041 1119 2081 nulla
1148 2041 1299 2080 iniuria
1328 2047 1398 2081 aut
1428 2041 1491 2081 vis
1521 2041 1738 2081 inferenda
1766 2046 1830 2081 est

258 2098 465 2161 gentibus,
487 2120 594 2159 quae
617 2107 950 2156 neutralitatem,
972 2113 1016 2146 ut
1035 2107 1163 2155 aiunt,
1184 2105 1433 2154 custodiunt;
1468 2118 1617 2157 nempe
1639 2105 1701 2154 iis,
1724 2119 1830 2158 quae

251 2173 387 2214 neutri
418 2172 523 2225 parti
553 2172 795 2212 bellantium
817 2172 970 2221 favent,
999 2172 1074 2212 sed
1093 2185 1224 2225 aeque
1259 2171 1472 2225 utriusque
1501 2171 1729 2212 amicitiam
1750 2185 1828 2212 co—

252 2240 352 2279 lunt.
383 2238 498 2284 Quae
528 2237 693 2290 quidem
722 2237 834 2290 adigi
864 2238 953 2277 iure
972 2251 1055 2278 non
1077 2242 1252 2290 possunt
1271 2236 1324 2276 ad
1345 2236 1528 2275 animum
1564 2237 1700 2277 neutri
1721 2236 1827 2290 parti

252 2305 463 2346 faventem
490 2304 792 2357 deponendum,
823 2304 902 2344 nisi
934 2319 986 2346 ex
1016 2309 1233 2345 contractu
1253 2303 1390 2355 aliquo
1421 2303 1475 2343 ad
1495 2303 1698 2343 auxilium
1721 2304 1827 2343 alte—

252 2368 354 2408 rutri
385 2369 682 2421 praestandum
713 2382 758 2408 se
789 2368 1024 2422 obligarint.
1057 2369 1216 2410 Deinde
1246 2367 1421 2408 militum
1460 2368 1627 2409 licentia
1657 2381 1829 2421 compe-

254 2436 413 2475 scenda
441 2441 531 2484 est;
563 2441 607 2475 ut
636 2448 720 2474 non
751 2436 873 2475 modo
904 2435 1003 2475 nulli
1034 2443 1185 2488 pacato
1215 2440 1254 2475 et
1283 2435 1431 2475 inermi
1461 2434 1572 2484 civi,
1614 2434 1681 2488 qui
1712 2441 1832 2475 extra

253 2516 437 2555 pugnam
468 2508 681 2550 versatur,
711 2502 905 2542 iniuriam
934 2502 1119 2554 irrogent
1135 2516 1145 2552 ;
1177 2514 1323 2541 verum
1355 2502 1479 2541 etiam
1509 2502 1561 2541 ab
1591 2500 1795 2541 incendiis
1819 2534 1829 2548 ,

254 2567 503 2616 vastatione,
533 2572 667 2620 raptu,
685 2573 874 2621 segetum
896 2572 937 2607 et
957 2580 1201 2620 camporum
1233 2567 1561 2620 depopulatione,
1583 2579 1634 2606 ac
1656 2565 1829 2618 potissi-

256 2647 368 2672 mum
400 2632 452 2671 ab
483 2633 595 2672 omni
625 2632 731 2686 turpi
751 2632 917 2672 actione
938 2631 1189 2679 abstineant,
1213 2645 1319 2685 quae
1340 2636 1412 2671 aut
1434 2630 1644 2671 honestati
1666 2642 1829 2669 morum

255 2705 328 2740 aut
346 2698 560 2740 sanctitati
582 2699 797 2752 religionis
826 2699 1031 2739 iacturam
1066 2699 1271 2751 importet.
1311 2697 1466 2737 Paucis
1504 2696 1735 2736 curandum
1766 2702 1830 2737 est

256 2772 300 2806 ut
330 2766 533 2806 bellantes
562 2766 619 2805 ita
647 2779 693 2806 se
715 2772 876 2819 gerant,
899 2772 942 2805 ut
961 2764 1217 2818 patefaciant
1238 2777 1284 2804 se
1304 2777 1387 2803 non
1416 2763 1468 2802 ad
1490 2762 1716 2815 perniciem
1734 2777 1832 2815 gen-

257 2832 332 2880 tis,
364 2836 510 2871 contra
540 2845 662 2883 quam
694 2836 906 2884 pugnant,
937 2831 1011 2871 sed
1041 2843 1154 2871 mere
1183 2831 1235 2870 ad
1265 2843 1310 2870 se
1340 2828 1622 2869 defendendos
1652 2842 1702 2868 ac
1731 2842 1833 2881 pro-

261 2898 394 2950 prium
425 2898 491 2938 ius
520 2898 788 2950 repetendum
823 2898 901 2937 vim
932 2897 1140 2938 adhibere.
1174 2898 1267 2943 Qua
1286 2898 1335 2935 de
1356 2909 1400 2936 re
1427 2900 1660 2936 memoratu
1682 2895 1834 2947 dignae

261 2969 358 3006 sunt
378 2965 535 3014 laudes,
557 2957 705 3017 quibus
727 2964 890 3005 Tullius
912 2964 1131 3005 militarem
1154 2962 1342 3016 Pompeii
1368 2962 1630 3015 disciplinam
1658 2960 1830 3012 extollit,
