1970 3203
592 201 731 229 CAPUT
759 201 797 228 11.
827 200 881 227 DE
910 199 1141 227 SOCIETATE
1171 200 1291 227 cxvnn
1653 189 1731 228 239

215 279 347 329 Saepe
368 275 518 324 media,
535 287 641 328 quae
658 273 1028 326 consequutionem
1045 273 1139 312 finis
1156 272 1333 313 alicuius
1356 278 1611 325 promovent,
1630 279 1728 314 sunt

159 342 319 384 altioris
349 341 517 389 ordinis,
548 354 672 393 quam
700 340 767 379 ille
786 339 895 379 finis.
915 340 1051 390 Atque
1072 340 1112 378 id
1133 347 1352 392 propterea
1383 340 1605 392 contingit,
1635 340 1734 392 quia

162 406 258 446 finis
287 405 356 444 ille
392 417 476 443 non
506 412 570 444 est
598 404 881 454 adaequatus,
913 408 953 442 et
981 402 1117 453 potius
1147 415 1192 441 se
1228 402 1352 442 habet
1389 404 1522 442 instar
1558 404 1731 443 effectus

167 470 366 523 partialis,
397 477 468 510 aut
496 469 696 509 materiae
727 467 1015 520 perficiendae.
1041 467 1109 506 Sic
1129 467 1345 519 religionis
1375 468 1616 508 exercitium
1637 483 1731 509 ma-

165 549 349 589 gnopere
378 535 538 576 confert
567 535 620 574 ad
649 533 941 586 perfectionem
972 539 1012 572 et
1041 546 1188 585 pacem
1218 533 1434 573 societatis
1467 534 1674 585 politicae,
1696 541 1735 574 et

162 601 240 640 sub
271 601 352 640 hoc
380 606 574 652 respectu
602 599 806 638 rationem
835 597 961 637 habet
991 596 1124 636 medii.
1155 599 1349 637 Attamen
1368 632 1377 646 ‚
1417 599 1512 651 quia
1553 612 1637 638 non
1680 600 1734 640 ad

161 678 336 717 scopum
365 665 477 703 hunc
506 663 669 715 proprie
699 670 737 703 et
766 676 837 714 per
865 675 911 701 se
940 661 1140 713 dirigitur,
1178 662 1252 701 sed
1281 663 1462 702 maxime
1493 663 1546 702 ad
1576 665 1733 703 cultum

161 737 202 770 et
231 729 474 782 obsequium
504 728 592 776 Dei;
622 728 780 768 idcirco
810 727 862 767 ad
891 726 1078 766 altiorem
1110 726 1294 766 ordinem
1328 735 1500 779 spectat,
1521 735 1561 768 et
1584 729 1624 768 in
1645 735 1731 768 tan-

162 800 248 833 tum
278 793 459 832 societas
490 791 657 844 politica
685 791 820 843 ipsum
850 791 1018 842 exigere
1049 796 1184 842 potest
1214 804 1239 829 a
1269 790 1414 838 sociis,
1457 792 1499 830 in
1530 798 1728 844 quantum

160 859 224 898 ius
243 872 362 898 suum
385 857 628 897 subordinat
649 855 851 908 superiori
870 855 1119 903 auctoritati,
1141 855 1333 894 nimirum
1368 856 1601 909 religiosae,
1624 871 1730 910 quae

170 922 323 961 directe
353 927 392 959 et
424 933 496 973 per
526 933 571 959 se
600 919 641 958 in
672 919 814 959 ordine
845 918 913 957 illo
944 924 1149 970 operatur.
1182 918 1295 958 Idem
1328 932 1423 958 cum
1462 920 1730 972 proportione

168 987 370 1038 contingit
405 986 455 1025 de
484 985 646 1025 interno
676 985 818 1024 ordine
848 984 1107 1024 moralitatis.
1138 984 1218 1024 Hic
1249 984 1382 1024 forma
1412 992 1486 1034 est,
1507 1000 1612 1039 quae
1634 1000 1733 1038 per-

171 1051 259 1090 ficit
288 1057 426 1090 actum
457 1056 702 1098 externum,
734 1057 776 1088 at
805 1062 877 1101 per
906 1062 950 1089 se
980 1049 1032 1087 ad
1062 1049 1351 1088 exornandum
1389 1050 1573 1090 animum
1603 1051 1732 1091 fertur

171 1122 210 1157 et
238 1117 290 1156 ad
319 1118 445 1156 finem
475 1115 662 1155 ultimum
691 1114 861 1154 alterius
890 1114 1011 1155 vitae.
1042 1115 1181 1160 Quare
1211 1115 1335 1154 altius
1365 1116 1577 1166 evehitur,
1611 1131 1736 1169 quam

168 1183 300 1222 civilis
315 1182 511 1229 societas,
528 1193 634 1233 quae
656 1181 810 1220 directe
830 1180 913 1219 vim
933 1193 1016 1219 non
1038 1180 1163 1220 habet
1179 1180 1257 1220 nisi
1278 1181 1320 1220 in
1341 1195 1399 1229 ea,
1417 1196 1522 1234 quae
1543 1183 1730 1223 exterius

165 1248 375 1288 hominem
406 1245 593 1286 afficiunt
622 1253 662 1284 et
690 1245 848 1284 ambitu
881 1245 1113 1297 praesentis
1133 1251 1289 1284 tantum
1311 1245 1419 1286 vitae
1449 1247 1723 1287 continentur.

777 1364 1022 1404 ARTlCULUS
1052 1365 1122 1403 IV.

551 1462 619 1502 De
648 1465 871 1502 structura
900 1463 1114 1503 societatis
1137 1465 1356 1517 politicae.

214 1570 277 1609 47.
306 1570 619 1621 Argumentum.
652 1568 873 1620 Explicata
901 1569 1059 1621 origine
1089 1584 1115 1609 a
1135 1583 1216 1622 qua
1236 1571 1431 1622 procedit,
1455 1576 1494 1611 et
1523 1572 1733 1623 explicato

160 1636 258 1681 fine,
276 1635 328 1673 ad
346 1647 467 1686 quem
483 1633 614 1672 tendit
629 1633 762 1673 civilis
785 1634 979 1683 societas,
997 1636 1248 1688 explicanda
1268 1651 1378 1677 nunc
1397 1644 1493 1677 sunt
1514 1639 1732 1685 elementa,

167 1710 219 1736 ex
247 1697 395 1749 quibus
423 1700 753 1748 coagmentatur.
785 1697 878 1742 Qua
905 1698 947 1736 in
964 1711 1018 1746 re,
1041 1699 1318 1738 distinctionis
1349 1706 1389 1739 et
1419 1701 1619 1740 claritatis
1642 1715 1734 1754 gra-

167 1760 235 1809 tia,
259 1759 463 1811 separatis
482 1759 830 1811 propositionibus
859 1761 1097 1809 innuemus,
1119 1776 1225 1815 quae
1246 1769 1386 1803 rectae
1406 1764 1653 1806 institutioni
1685 1766 1740 1804 vi-

168 1825 314 1864 dentur
344 1837 437 1864 esse
465 1824 708 1864 necessaria
736 1832 775 1865 et
805 1827 943 1878 captui
974 1827 1153 1867 tironum
1184 1828 1320 1880 magis
1341 1831 1671 1870 accommodata.

712 1931 1180 1973 PROPOSITIONES.

218 2028 281 2068 48.
312 2028 567 2067 PROPOSITlo
597 2027 653 2067 1³.
682 2027 905 2068 Elementa
935 2030 1180 2070 essentialia
1209 2031 1423 2071 societatis
1451 2035 1553 2071 sunt
1580 2034 1729 2072 multi—

169 2097 266 2135 tudo
297 2097 336 2136 et
364 2096 602 2136 auctoritas
631 2109 704 2135 seu
734 2096 893 2136 subditi
920 2099 960 2136 et
985 2097 1196 2150 superior.

221 2162 344 2202 Prob.
377 2161 565 2202 Societas
598 2175 660 2202 est
691 2174 842 2213 corpus
871 2163 1136 2210 unum,vlicet
1166 2177 1249 2203 non
1277 2164 1509 2216 physicum,
1541 2165 1616 2204 sed
1636 2179 1728 2205 mo-

167 2227 267 2275 rale3
296 2232 383 2266 tum
413 2227 537 2267 etiam
563 2233 627 2267 est
655 2234 800 2267 coetus
830 2227 1006 2280 plurium
1028 2229 1227 2280 pacificus
1249 2235 1289 2269 et
1308 2230 1536 2270 ordinatus.
1557 2231 1612 2269 At
1635 2243 1732 2270 vero

169 2292 212 2331 in
241 2305 426 2343 corpore,
457 2292 566 2344 quod
595 2305 695 2332 vera
723 2292 880 2333 unitate
900 2294 1094 2345 gaudeat,
1116 2294 1224 2335 sicut
1245 2308 1422 2335 necesse
1443 2303 1508 2336 est
1528 2295 1618 2335 dari
1642 2309 1735 2348 par-

166 2361 241 2404 tes,
273 2369 378 2408 quae
405 2357 614 2406 uniuntur,
645 2357 706 2397 sic
736 2358 860 2398 etiam
890 2364 1051 2410 oportet
1079 2359 1168 2398 dari
1195 2360 1439 2413 principium
1459 2362 1570 2413 quod
1589 2369 1730 2414 partes

164 2419 292 2468 uniat;
323 2424 363 2459 et
390 2419 432 2458 in
461 2426 583 2460 coetu
610 2421 788 2472 pacifico
818 2428 857 2461 et
887 2422 1089 2470 ordinate,
1110 2422 1218 2464 sicut
1240 2424 1502 2475 requiruntur
1531 2437 1739 2476 personae

167 2498 273 2538 quae
302 2498 406 2537 pace
435 2490 475 2525 et
504 2485 646 2526 ordine
685 2487 974 2538 perfruantur,
1013 2487 1075 2527 sic
1104 2488 1289 2540 poscitur
1328 2489 1597 2542 principium,
1627 2491 1738 2543 quod

166 2562 314 2600 pacem
342 2548 468 2596 illam,
499 2562 574 2589 seu
604 2562 857 2590 consensum
888 2552 1144 2591 voluntatum
1176 2558 1215 2591 et
1256 2552 1544 2604 operationum
1578 2553 1737 2606 gignat.

167 2612 280 2664 Ergo
309 2611 415 2651 haec
446 2612 526 2651 duo
557 2613 762 2653 elementa
790 2614 1065 2654 essentialiter
1093 2615 1146 2654 ad
1177 2615 1419 2655 societatem
1449 2616 1668 2668 pertinent,
1702 2623 1743 2656 et

169 2673 260 2713 sine
276 2672 378 2725 ipsis
397 2674 580 2715 societas
600 2689 653 2715 ne
671 2683 809 2717 mente
830 2677 994 2730 quidem
1015 2678 1178 2731 concipi
1201 2685 1348 2732 potest.
1370 2681 1561 2720 Iamvero
1601 2686 1743 2732 partes

172 2750 277 2789 quae
305 2737 349 2776 in
378 2739 578 2781 societate
610 2741 814 2791 uniuntur,
844 2748 884 2783 et
913 2756 1117 2795 personae
1145 2744 1292 2796 quibus
1332 2753 1475 2786 coetus
1511 2745 1600 2785 eius
1629 2757 1732 2784 coa-

169 2801 302 2849 lescit,
333 2804 593 2855 appellantur
624 2807 863 2857 multitud0;
892 2807 1150 2860 principium,
1180 2809 1362 2862 gignens
1391 2810 1591 2849 unitatem
1619 2810 1662 2848 in
1682 2823 1733 2850 eo

173 2879 357 2918 corpore,
380 2874 420 2908 et
439 2883 670 2921 procurans
694 2873 879 2914 ordinem
898 2873 941 2913 in
961 2873 1030 2913 illo
1065 2880 1198 2923 coetu,
1221 2877 1450 2928 appellatur
1483 2876 1731 2915 auctoritas.
