1970 3203
228 221 305 262 348
386 235 451 262 IUS
471 236 673 262 NATURAE
690 245 709 251 ·
727 236 833 264 PARS
854 237 904 263 ΠΙ.
926 238 990 265 IUS
1011 238 1382 268 INTERNATIONALE
1404 242 1481 269 SEU
1502 243 1693 272 GENTIUM

227 311 558 363 praerogativas,
589 312 800 353 diversum
831 316 1228 367 repraesentationis
1258 318 1423 358 modum
1459 321 1653 362 attribuit.
1676 323 1799 363 Unde

225 375 381 415 sactum
400 383 464 417 est
484 384 527 417 ut
544 378 719 418 diversis
737 380 861 419 etiam
881 381 1117 421 nominibus
1140 382 1472 434 designarentur.
1496 387 1577 426 Alii
1594 388 1702 428 enim
1723 402 1803 440 ap-

223 441 430 492 pellantur
450 442 668 493 Oratores,
688 451 760 484 aut
777 445 1378 499 Ministriplenc'potentlarii,
1395 451 1464 489 alii
1480 452 1799 505 Neyoti‘atores,

224 510 294 544 aut
314 505 593 556 Interamnia,
615 514 655 548 et
675 510 733 548 ita
755 523 890 561 porro.
913 511 1098 563 Itemque
1119 511 1188 550 alii
1205 518 1300 552 sunt
1317 514 1512 556 ordinarii
1534 522 1573 556 et
1594 516 1805 558 stabiliter

222 569 456 610 residentes
478 572 587 624 apud
607 579 774 625 gentem
797 575 849 613 ad
869 588 993 627 quam
1012 575 1239 624 mittuntur,
1258 576 1327 616 alii
1345 579 1665 620 extraordinarii
1687 586 1728 621 et
1746 581 1802 621 ad

222 642 386 689 tempus
407 651 482 689 pro
503 638 640 691 aliquo
673 639 884 691 peculiarii
906 641 1085 693 negotio.
1110 642 1227 682 Haec
1249 650 1289 682 et
1308 643 1459 683 similia
1479 657 1563 684 non
1591 660 1617 685 a
1647 653 1803 687 natura

222 700 297 740 sed
318 714 344 740 a
363 702 541 753 positivo
562 703 651 744 iure
669 705 865 746 Gentium
890 706 1167 746 determinata
1181 714 1290 757 sunt,
1309 715 1350 749 et
1368 710 1583 750 mutationi
1603 725 1653 750 ac
1670 711 1800 751 varie-

223 765 297 803 tati
318 766 549 807 subiacent.
561 769 745 809 Adverte
763 775 903 809 tamen
925 771 1075 810 adhoc
1097 784 1233 823 genus
1257 774 1511 825 Legatorum
1532 774 1695 826 proprie
1713 788 1799 814 non

223 830 431 881 pertinere
460 833 567 881 illos,
585 834 653 886 qui
680 835 884 875 Consules
904 836 1186 876 nominantur.
1216 838 1270 876 Hi
1300 837 1407 877 enim
1440 838 1635 877 constitui
1664 839 1799 879 solent

223 895 331 945 apud
351 897 512 937 amicas
532 904 696 951 gentes,
721 905 764 938 ut
785 900 980 940 custodes
1003 900 1221 941 dumtaxat
1248 901 1397 940 iurium
1416 908 1455 941 et
1485 901 1797 954 privilegiorum

221 967 499 1009 mercaturae,
520 968 643 1014 atque
664 971 707 1003 ut
728 963 887 1004 iudices
913 964 1042 1004 litium
1065 978 1171 1017 quae
1187 965 1291 1005 sorte
1311 965 1531 1019 insurgant
1551 966 1659 1005 inter
1680 979 1795 1006 mer-

221 1032 389 1067 catores
418 1042 519 1069 suae
548 1030 744 1070 nationis.
776 1031 1056 1072 Nihilominus
1086 1033 1151 1072 his
1181 1033 1304 1073 etiam
1335 1034 1593 1087 quandoque,
1625 1040 1796 1086 propter

218 1093 525 1143 necessitatem,
557 1096 696 1148 aliqua
725 1096 989 1149 diplomatica
1018 1099 1347 1150 repraesentatio
1375 1100 1638 1140 adscribitur.

272 1159 335 1197 19.
364 1159 615 1211 Legatorum
638 1162 787 1202 officia.
810 1164 984 1203 Praeter
1012 1163 1267 1212 fidelitatem,
1289 1178 1413 1216 quam
1444 1172 1588 1205 sancte
1618 1179 1793 1206 servare

218 1220 370 1260 debent
400 1235 501 1274 erga
531 1225 742 1276 propriam
773 1227 988 1267 nationem
1019 1241 1045 1266 a
1074 1241 1155 1280 qua
1185 1229 1426 1267 mandatum
1457 1228 1679 1281 accipiunt,
1710 1231 1792 1270 hoc

216 1285 488 1338 praecipuum
518 1294 582 1328 est
612 1295 651 1329 et
681 1290 807 1330 veluti
837 1299 963 1342 caput
992 1297 1230 1331 ceterorum
1255 1292 1501 1340 officiorum,
1533 1298 1575 1332 ut
1601 1294 1789 1346 Legatus

214 1363 298 1389 non
316 1351 438 1392 aliter
457 1366 503 1393 se
524 1354 774 1403 consideret,
791 1355 871 1396 nisi
886 1362 1084 1409 tanquam
1101 1370 1306 1409 organum
1327 1358 1532 1410 quoddam
1548 1358 1794 1401 internatio-

215 1417 312 1456 nale
333 1431 407 1469 pro
430 1426 572 1459 mutua
588 1421 803 1474 utriusque
819 1423 954 1475 gentis
971 1423 1349 1464 communicatione
1366 1430 1407 1464 et
1423 1425 1661 1465 concordia.
1680 1427 1791 1466 Hinc

219 1482 493 1536 adstringitur
523 1486 626 1526 nihil
671 1488 839 1528 efficere
861 1518 879 1537 ,.
901 1489 1010 1541 quod
1037 1489 1146 1530 inter
1192 1503 1319 1529 unam
1350 1496 1390 1530 et
1419 1491 1592 1531 alteram
1623 1492 1716 1544 paci
1747 1499 1787 1532 et

214 1550 425 1591 amicitiae
446 1552 703 1603 adversetur,
725 1562 797 1596 aut
817 1555 954 1595 iustae
974 1555 1260 1608 querimoniae
1283 1557 1553 1598 occasionem
1575 1559 1789 1610 praebeat,

217 1618 291 1657 sed
305 1619 443 1670 potius
460 1620 573 1659 omni
593 1620 687 1660 nisu
709 1629 931 1662 curaturus
943 1629 1018 1671 est,
1032 1629 1075 1662 ut
1088 1629 1255 1663 mutuus
1264 1637 1382 1663 amor
1400 1624 1552 1677 iugiter
1567 1631 1787 1676 augescat,

214 1688 253 1721 et
284 1683 473 1735 utrinque
497 1698 582 1724 non
612 1684 908 1737 impedimenta
938 1687 1134 1739 politicae
1154 1686 1362 1727 felicitatis
1384 1688 1458 1728 sed
1478 1688 1722 1730 adiumenta
1751 1696 1791 1730 et

210 1747 423 1798 praesidia
452 1748 779 1800 suppeditentur.
811 1752 972 1790 Natura
1001 1751 1110 1791 enim
1140 1764 1224 1790 non
1254 1756 1421 1803 propter
1437 1751 1643 1803 privatam
1665 1753 1791 1793 unius

211 1812 350 1865 gentis
368 1813 597 1862 utilitatem,
616 1816 690 1854 sed
707 1822 874 1868 propter
890 1830 1112 1857 commune
1129 1817 1283 1857 bonum
1301 1819 1516 1857 nationum
1536 1824 1576 1858 et
1597 1826 1785 1859 mutuum

212 1879 451 1919 earumdem
481 1881 696 1930 auxilium,
728 1883 931 1923 eiusmodi
959 1885 1204 1925 societatem
1226 1890 1265 1924 et
1286 1885 1708 1926 communicationem
1728 1886 1790 1925 in-

210 1943 350 1983 tendit.
374 1943 507 1990 Quem
536 1951 706 1986 mutuae
736 1947 1055 1988 benevolentiae
1087 1949 1213 1988 finem
1243 1962 1344 2000 prae
1374 1949 1506 1988 oculis
1527 1962 1696 2001 semper
1716 1950 1791 1989 ha-

209 2009 321 2049 bebit
348 2010 398 2058 is,
431 2010 498 2063 qui
527 2018 697 2064 gentem
719 2027 844 2053 unam
866 2015 976 2067 apud
996 2014 1122 2054 aliam
1142 2021 1455 2067 repraesentat;
1478 2029 1602 2056 secus
1624 2016 1790 2056 muneri

210 2087 287 2113 suo
318 2075 496 2124 deesset,
528 2090 607 2116 nec
637 2083 798 2117 tantum
828 2078 923 2118 aliis
946 2079 1139 2118 iniuriam
1169 2079 1353 2128 inferret,
1374 2093 1518 2120 verum
1550 2081 1674 2120 etiam
1696 2095 1788 2133 pro-

210 2141 342 2191 priam
365 2142 577 2182 nationem
596 2144 721 2183 veluti
733 2146 927 2196 proderet
944 2146 1115 2199 eiusque
1131 2146 1321 2199 dignitati
1337 2153 1378 2187 et
1392 2147 1552 2199 gloriae
1570 2148 1783 2187 maculam

210 2212 467 2258 aspergeret.
500 2208 622 2254 Quod
651 2209 795 2249 sedulo
827 2207 1013 2263 cogitare
1043 2211 1195 2252 debent
1224 2211 1263 2260 ii,
1294 2212 1363 2265 qui
1397 2212 1604 2264 opinionis
1635 2225 1778 2252 errore

209 2276 428 2310 autumant
458 2285 611 2312 munus
639 2286 760 2313 suum
790 2274 894 2314 satis
924 2275 1097 2327 impleri;
1127 2275 1162 2315 si
1192 2276 1284 2316 iura
1304 2281 1344 2316 et
1364 2276 1567 2316 honorem
1589 2276 1781 2329 propriae

208 2334 323 2385 genti
356 2335 536 2375 debitum
571 2337 793 2390 diligenter
822 2339 1056 2391 exquirant,
1077 2340 1247 2393 eiusque
1268 2340 1431 2379 utilitati
1461 2339 1581 2380 unice
1611 2353 1782 2392 promo—

207 2400 369 2439 vendae
399 2400 628 2441 intendant.
659 2403 705 2441 Id
726 2403 889 2455 quidem
912 2404 1096 2444 studiose
1116 2404 1347 2444 curandum
1369 2412 1458 2452 est;
1481 2417 1625 2443 verum
1655 2403 1724 2451 ita,
1743 2410 1786 2442 ut

205 2464 298 2503 aliis
329 2464 454 2505 etiam
487 2466 779 2519 prospiciatur,
809 2474 849 2507 et
880 2481 985 2507 cura
1001 2467 1098 2507 boni
1119 2467 1267 2520 privati
1289 2467 1410 2507 unius
1431 2467 1569 2520 gentis
1590 2480 1683 2506 cum
1707 2466 1787 2505 uti-

205 2528 320 2569 litate
351 2532 533 2581 alterius‚
550 2533 675 2574 immo
698 2546 795 2572 cum
817 2534 1028 2573 communi
1049 2534 1233 2574 omnium
1254 2533 1468 2573 hominum
1490 2534 1787 2582 emolumento,

205 2595 358 2647 optime
388 2598 656 2649 concilietur;
687 2613 812 2640 secus
841 2601 1029 2653 gentium
1059 2601 1350 2642 benevolentia
1379 2602 1421 2641 in
1452 2601 1710 2642 teterrimum
1742 2608 1781 2642 et

205 2661 530 2713 ignominiosum
561 2664 796 2716 egoismum
828 2672 1150 2707 converteretur.

254 2726 318 2766 20.
339 2727 587 2778 Legatorum
602 2730 902 2780 inviolabilitas
920 2736 964 2772 et
983 2731 1321 2783 independentia.
1353 2731 1396 2770 Si
1418 2732 1604 2782 Legatus
1623 2730 1783 2771 instru-

201 2797 386 2830 mentum
409 2798 471 2831 est
501 2798 671 2833 mutuae
702 2794 1104 2844 communicationis;
1127 2795 1268 2847 procul
1291 2794 1412 2834 dubio
1434 2794 1676 2835 facultatem
1695 2795 1776 2834 ha—

202 2856 300 2896 bere
322 2857 442 2897 debet
457 2857 585 2897 libere
606 2859 900 2900 manifestandi
922 2874 1061 2910 sensa,
1074 2874 1179 2913 quae
1191 2860 1361 2909 nationi,
1374 2860 1426 2899 ad
1443 2875 1566 2914 quam
1589 2861 1774 2910 mittitur,

201 2920 495 2972 patefacienda
536 2924 747 2976 suscepit;
779 2931 864 2964 tum
903 2924 1160 2965 rescribendi
1203 2937 1408 2976 responsa
1431 2957 1440 2972 ‚
1471 2937 1578 2977 quae
1609 2926 1774 2974 dantur,
