1970 3203
482 216 620 244 CAPUT
649 217 701 243 1v.
731 217 784 244 DE
811 217 978 245 OFFICIIS
1007 219 1178 246 HOM1N1s
1207 218 1320 245 ERGA
1349 218 1468 245 Amos
1686 209 1763 248 187

195 295 305 348 quod
325 299 498 346 utraque
517 307 615 346 pars
632 294 685 332 ad
701 294 944 333 tantundem
961 295 1258 346 praestandum
1274 295 1571 347 adstringatur.
1590 297 1702 347 Ergo
1720 303 1764 335 ut

193 359 350 400 iustitia
375 364 517 398 mutuo
548 364 722 407 constet,
743 366 940 411 quantam
971 361 1074 399 alter
1100 362 1322 412 pecuniam
1353 362 1423 401 dat
1453 368 1652 410 mutuam,
1676 368 1763 401 tan-

193 429 276 463 tam
307 422 413 461 alter
440 421 657 462 restituere
687 427 860 471 tenetur;
892 423 1087 475 quidquid
1117 424 1369 477 adiungitur,
1399 426 1441 464 in
1467 426 1758 465 detrimentum

192 486 280 527 eius
312 490 386 533 est,
407 499 648 539 repugnans
677 486 916 538 aequalitati
939 486 1132 538 partium.
1162 488 1242 527 Sed
1263 488 1417 541 aliquid
1438 502 1588 542 reapse
1618 489 1761 528 adiun-

192 550 314 603 gitur,
344 563 438 589 cum
460 549 678 602 apponitur
697 562 835 589 usura.
859 551 1000 589 Usura
1028 549 1155 602 igitur
1179 550 1361 592 iustitiae
1391 553 1650 592 adversatur.
1673 553 1760 592 Nec

192 617 244 656 ad
274 616 356 655 vim
386 616 510 655 huius
535 615 732 655 illationis
762 616 973 655 vitandam
1004 616 1126 655 obiici
1157 622 1292 668 potest
1321 619 1439 657 valor
1479 631 1593 665 usus,
1623 618 1691 670 qui
1721 618 1763 656 in

194 682 501 722 commodanda
530 681 708 734 pecunia
736 681 854 721 alteri
886 681 1154 729 conceditur;
1186 681 1400 732 siquidem,
1432 689 1474 722 ut
1504 683 1658 724 dictum
1689 690 1766 731 est,

191 758 293 785 usus
321 745 411 785 eius
442 759 466 784 a
496 744 676 784 dominio
707 750 747 784 et
776 745 1026 797 proprietate
1055 758 1138 783 non
1169 744 1316 785 differt.

245 812 310 852 87.
338 811 668 851 Difficultatihus
702 811 868 851 satisfit.
900 809 1060 862 Inquiet
1090 810 1264 863 aliquis,
1305 824 1392 850 rem
1422 825 1507 851 non
1537 812 1598 852 sic
1628 819 1765 852 meta-

193 873 366 926 physice
397 887 490 914 esse
521 873 882 922 considerandam,
913 874 987 913 sed
1017 874 1254 922 moraliter,
1284 881 1404 927 prout
1433 876 1641 915 communi
1672 876 1767 916 exi-

193 939 420 980 stimationi
450 939 617 988 subest;
649 940 859 979 communi
893 946 1032 979 autem
1074 939 1382 980 existimatione
1420 942 1609 993 separari
1641 955 1766 992 posse

193 1005 380 1044 valorem
403 1010 665 1044 constantem
696 1005 898 1056 pecuniae
922 1017 947 1043 a
968 1005 1111 1044 valore
1133 1018 1247 1053 usus,
1278 1005 1439 1058 quoties
1461 1005 1531 1045 illa
1551 1013 1765 1058 spectatur

193 1070 293 1109 utin
309 1070 628 1110 instrumentum
647 1071 873 1110 exercendi
891 1071 1157 1119 commercia;
1171 1077 1293 1123 atque
1310 1071 1402 1111 ideo
1420 1073 1580 1111 lucrum
1598 1071 1765 1124 aliquod

194 1134 346 1174 exinde
376 1135 542 1186 decerpi
564 1147 700 1186 posse,
723 1135 832 1173 sicut
859 1135 946 1173 iure
969 1135 1203 1186 decerpitur
1223 1148 1276 1174 ex
1296 1135 1583 1175 instrumentis
1607 1135 1771 1188 quibus-

192 1199 291 1239 libet
326 1199 653 1238 commodandis.

247 1265 420 1316 Repono
450 1265 540 1304 fieri
569 1264 733 1317 quidem
763 1264 803 1303 id
825 1278 961 1316 posse,
992 1270 1159 1304 servato
1190 1271 1329 1304 tamen
1360 1264 1541 1304 dominio
1565 1264 1769 1316 pecuniae

194 1344 266 1383 pro
295 1337 521 1379 mutuante;
543 1331 651 1370 sicut
671 1330 896 1370 dominium
926 1331 1312 1378 instrumentorum,
1336 1343 1512 1383 quorum
1534 1343 1653 1369 usum
1677 1330 1771 1382 quis

197 1395 318 1435 alteri
348 1396 470 1443 locat,
501 1395 612 1446 apud
642 1394 775 1446 ipsum
808 1395 1015 1433 locantem
1046 1402 1255 1443 remanet;
1288 1395 1354 1433 cui
1384 1394 1555 1446 proinde
1586 1402 1771 1445 pereunt,

200 1457 237 1497 si
267 1457 369 1497 forte
398 1464 582 1509 pereant.
615 1458 661 1496 Id
692 1470 792 1497 vero
822 1457 858 1496 si
888 1458 974 1505 fiat,
1005 1463 1246 1498 contractus
1277 1458 1403 1496 mutui
1438 1458 1479 1496 in
1511 1462 1771 1497 contractum

197 1523 411 1564 societatis
441 1523 658 1575 migrabit:
688 1523 731 1563 in
761 1536 840 1575 quo
870 1524 976 1562 alter
1003 1523 1241 1575 pecuniam,
1270 1525 1376 1563 alter
1405 1536 1576 1575 operam
1599 1522 1771 1570 confert3

200 1589 367 1628 lucrum
398 1596 536 1629 autem
567 1589 673 1628 inter
694 1595 914 1640 utrumque
938 1588 1142 1628 dividitur.
1174 1590 1229 1628 At
1248 1588 1288 1628 in
1310 1594 1450 1628 mutuo
1481 1588 1644 1640 proprie
1664 1588 1773 1627 dicto

198 1655 424 1695 dominium
443 1654 647 1706 pecuniae
665 1667 815 1706 reapse
834 1655 874 1692 in
892 1655 1186 1693 mutuatarium
1203 1654 1462 1702 transfertur;
1484 1654 1593 1706 quod
1610 1653 1772 1706 quidem

198 1718 433 1758 clarissime
453 1720 587 1758 elucet
609 1731 661 1757 ex
683 1731 744 1765 eo,
764 1718 872 1770 quod
898 1718 933 1757 si
964 1718 1111 1770 quavis
1133 1717 1293 1757 ratione
1324 1718 1501 1770 pecunia
1530 1718 1600 1756 illa
1621 1724 1773 1769 pereat,

199 1784 449 1823 mutuatario
488 1783 603 1836 perit.
640 1784 780 1830 Quare
818 1783 1029 1825 distinctio
1066 1783 1227 1823 subtilis
1264 1784 1495 1824 adversarii
1535 1785 1672 1824 locum
1703 1783 1770 1822 hic

198 1850 355 1889 nullum
387 1849 526 1889 habet.

251 1914 453 1966 Urgebit:
485 1915 532 1952 In
562 1920 704 1952 mutuo
735 1913 983 1953 commutari
1013 1912 1233 1964 pecuniam
1269 1919 1532 1964 praesentem
1573 1926 1668 1952 cum
1699 1925 1773 1963 pe-

201 1976 336 2025 cunia,
368 1977 564 2028 deinceps
595 1991 646 2017 ex
667 1977 947 2028 promissione
969 1976 1202 2024 reddenda;
1234 1976 1332 2015 hinc
1354 1989 1453 2015 vero
1474 1975 1618 2015 enasci
1650 1977 1775 2016 hone-

200 2048 350 2083 statem
380 2055 541 2082 usurae.
565 2044 672 2082 Nam
694 2042 822 2094 pluris
843 2048 907 2082 est
936 2042 1114 2094 pecunia
1135 2041 1331 2081 effectiva
1350 2048 1390 2081 et
1417 2054 1631 2093 praesens,
1649 2055 1773 2094 quam

200 2109 377 2162 pecunia
406 2109 613 2161 promissa
642 2115 682 2148 et
710 2109 859 2148 futura.

256 2176 410 2214 Verum
440 2186 491 2212 ne
507 2173 547 2211 id
569 2173 733 2225 quidem
763 2172 1007 2212 adversario
1027 2173 1293 2223 suffragatur.
1326 2173 1431 2212 Nam
1454 2172 1488 2212 si
1510 2171 1675 2224 quando
1698 2185 1773 2223 pe-

202 2238 327 2279 cunia
355 2239 577 2290 promissa.
605 2238 779 2278 minoris
809 2239 1076 2285 aestimatur,
1111 2251 1232 2290 quam
1268 2238 1445 2290 pecunia
1474 2250 1703 2290 praesens;
1734 2236 1774 2275 id

202 2305 424 2345 intervenit
451 2319 534 2345 non
564 2305 726 2345 ratione
756 2305 887 2357 ipsius
930 2306 1155 2357 pecuniae,
1187 2305 1261 2345 sed
1290 2304 1452 2345 ratione
1482 2305 1772 2344 adiunctorum

203 2384 310 2424 quae
339 2370 443 2410 forte
464 2371 749 2410 circumstant.
774 2371 816 2410 Si
847 2371 956 2411 enim
981 2371 1214 2423 pecuniam,
1229 2384 1350 2423 quam
1373 2371 1464 2423 quis
1485 2371 1553 2409 dat
1573 2376 1773 2417 mutuam,

203 2435 456 2477 commercio
474 2435 639 2487 proprio
656 2436 877 2484 subtrahit,
896 2437 1085 2489 profecto
1102 2436 1215 2475 illam
1232 2437 1423 2488 supplere
1441 2436 1581 2488 nequit
1597 2436 1776 2487 pecunia

203 2502 437 2556 promissa;
468 2515 518 2542 ac
546 2502 718 2554 proinde
750 2503 949 2542 damnum
980 2502 1147 2555 aliquod
1176 2515 1326 2542 revera
1360 2502 1480 2541 subit.
1529 2504 1712 2555 [temque
1741 2502 1775 2541 si

202 2566 479 2607 mutuatarius
509 2571 730 2618 suspectae
749 2567 846 2606 fidei
876 2573 951 2614 est,
972 2565 1151 2618 pecunia
1178 2578 1382 2617 praesens
1411 2570 1526 2605 tanto
1548 2565 1776 2617 praestabit

202 2632 450 2685 promissae,
471 2637 626 2683 quanto
646 2643 714 2670 res
735 2638 851 2670 certa
870 2630 930 2670 rei
952 2630 1150 2670 incertae.
1175 2631 1276 2670 Cum
1298 2631 1541 2670 alterutrum
1559 2630 1774 2682 contingit,

203 2703 303 2736 tunc
332 2695 518 2747 profecto
547 2695 686 2734 licebit
706 2694 860 2747 aliquid
889 2694 1049 2746 pacisci
1070 2706 1199 2745 supra
1228 2699 1393 2742 sortem,
1424 2707 1498 2734 seu
1519 2694 1626 2732 ultra
1656 2705 1776 2744 pecu-

205 2759 331 2806 niam,
361 2772 467 2811 quae
496 2765 641 2798 mutua
664 2758 796 2799 datur.
829 2759 911 2798 Sed
929 2766 1026 2799 tunc
1055 2771 1139 2798 non
1169 2758 1220 2797 de
1249 2771 1377 2798 usura
1406 2757 1678 2804 contrahitur,
1702 2756 1776 2796 sed

209 2821 260 2861 de
279 2822 462 2874 periculo
483 2829 554 2862 aut
571 2822 722 2861 damno
739 2822 848 2874 quod
878 2830 1073 2862 mutuans
1089 2821 1273 2872 incurrit3
1292 2822 1400 2875 quod
1421 2831 1533 2862 certe
1563 2826 1625 2860 est
1644 2819 1775 2872 pretio

207 2885 479 2926 aestimabile.
508 2887 564 2924 At
584 2898 697 2934 vero,
727 2885 794 2925 his
812 2885 983 2926 remotis
1013 2885 1348 2934 circumstantiis,
1370 2885 1547 2939 pecunia
1566 2882 1775 2937 promissa
