1970 3203
297 234 433 260 CAPUT
459 233 513 259 111.
542 233 595 260 DE
626 232 855 262 socOETATE
885 236 1117 271 ΗΕιῙοιοεΑ,
1146 236 1329 263 NnvnRUM
1349 236 1543 263 eccm-sm
1627 223 1704 261 315

140 312 336 359 respectu
365 313 502 346 autem
534 308 714 347 fidelium
746 310 929 349 maximo
961 310 1144 350 omnium
1183 311 1320 350 officio
1356 311 1592 363 respondet,
1623 325 1702 364 quo

137 371 331 411 nimirum
363 377 555 410 tenentur
584 372 637 411 ad
666 385 712 412 se
741 374 994 414 ordinandos
1023 375 1064 413 in
1095 376 1241 423 Deum,
1273 382 1484 427 tamquam
1513 376 1555 415 in
1579 377 1702 416 finem

137 437 337 477 ultimum.

193 502 281 541 127.
313 500 568 542 PRoposlTio
599 503 656 542 3.a
677 503 930 542 Auctoritas
960 503 1173 543 Ecclesiae
1196 504 1359 557 triplici
1377 518 1553 544 manere
1578 505 1708 557 expli-

139 569 286 606 catur:
319 566 570 617 leyi‘slatz'UQ
602 568 835 607 exsecativo
867 572 906 607 et
936 568 1179 609 iudiciario.

197 629 317 669 Proh.
349 630 394 668 Id
424 636 537 682 patet
565 644 618 670 ex
647 631 738 683 ipsa
766 631 935 671 notione
965 632 1190 672 societatis:
1221 634 1255 672 si
1286 633 1394 672 enim
1418 633 1609 673 Ecclesia
1629 646 1704 672 so-

142 693 272 733 cietas
303 700 365 732 est
394 700 434 733 et
462 707 604 734 verum
633 694 878 746 imperium,
909 694 1006 734 licet
1034 695 1274 746 spirituale3
1306 697 1487 748 gaudere
1518 695 1703 747 profecto

137 758 257 798 debet
285 758 456 807 iuribus,
488 773 596 811 quae
626 773 678 799 ex
708 760 921 801 societatis
951 767 991 799 et
1018 760 1179 812 imperii
1208 767 1357 800 natura
1387 762 1611 801 dimanant.
1645 763 1702 801 At

140 834 253 870 vero,
285 828 329 862 ut
349 823 484 875 capite
513 823 726 875 superiore
756 823 851 872 dixi,
884 824 1046 876 concipi
1076 824 1293 876 imperium
1322 825 1482 876 nequit,
1517 826 1607 864 sine
1636 825 1704 864 fa-

141 889 294 928 cultate
324 888 482 928 ferendi
511 890 638 942 leges,
668 896 790 942 prout
817 903 992 929 necesse
1013 896 1076 930 est
1093 891 1145 930 ad
1166 890 1320 929 bonum
1340 903 1561 930 commune
1581 903 1705 929 asse-

138 954 345 1006 quendum
365 987 374 1002 ,
403 960 490 993 tum
521 968 594 994 eas
623 955 858 1007 applicandi
887 956 1015 994 motui
1057 956 1228 1003 sociali,
1258 962 1297 995 et
1326 956 1610 1008 cognoscendi
1649 957 1698 996 de

139 1017 347 1057 sociorum
379 1017 541 1057 actibus
578 1023 714 1057 utrum
753 1020 992 1058 earumdem
1035 1020 1291 1071 praescripto
1329 1020 1412 1059 sint
1447 1019 1700 1060 conformes.

134 1083 251 1122 Haec
280 1083 406 1135 igitur
443 1083 610 1131 munia,
642 1097 747 1136 quae
777 1098 861 1124 non
891 1085 1000 1123 aliud
1032 1092 1139 1132 sunt,
1170 1085 1249 1125 nisi
1284 1091 1468 1137 potestas
1498 1084 1670 1138 legifera
1690 1118 1699 1134 ‚

143 1146 396 1195 exsecutiva‚
426 1147 655 1195 iudiciaria,
685 1160 833 1198 reapse
864 1154 1101 1199 competunt
1132 1148 1358 1188 Ecclesiae.

190 1213 247 1252 At
275 1225 374 1251 vero
405 1213 464 1252 ita
493 1218 743 1264 competunt,
774 1220 817 1251 ut
837 1214 951 1252 nulla
971 1213 1131 1253 ratione
1152 1214 1370 1262 coarctari,
1394 1220 1464 1253 aut
1480 1214 1520 1253 in
1542 1214 1707 1254 diversa

136 1277 326 1318 subiecta
349 1278 540 1330 dispesci,
563 1284 634 1317 aut
655 1279 750 1318 ullis
771 1279 1078 1318 conditionibus
1097 1279 1323 1331 temperari
1344 1287 1512 1331 queant.
1536 1280 1581 1318 Id
1598 1280 1705 1319 enirn

136 1345 289 1384 cadere
319 1350 454 1396 potest
483 1344 525 1383 in
555 1345 866 1391 auctoritatem,
906 1358 1011 1397 quae
1041 1345 1177 1397 aliquo
1209 1345 1329 1384 modo
1364 1346 1516 1397 pendet
1545 1345 1596 1384 ab
1628 1346 1706 1384 ho-

142 1410 335 1457 minibus,
366 1411 513 1450 saltem
535 1411 670 1463 quoad
691 1411 903 1463 regiminis
925 1411 1145 1450 exercendi
1163 1411 1351 1450 sormam.
1369 1413 1423 1450 At
1439 1424 1703 1463 nequaquam

144 1475 339 1515 convenit
369 1475 619 1522 auctoritati,
650 1488 756 1526 quac
787 1481 873 1515 tota
902 1481 1058 1526 quanta
1088 1481 1161 1523 est,
1192 1475 1279 1514 sive
1309 1476 1351 1513 in
1381 1487 1427 1514 se
1457 1475 1545 1514 sive
1568 1475 1704 1526 quoad

136 1539 367 1578 subiectum
397 1538 438 1577 in
469 1552 549 1591 quo
578 1539 786 1586 resideat,
826 1538 947 1577 unice
976 1539 1128 1589 pendet
1167 1538 1218 1577 ab
1249 1538 1506 1578 institutione
1536 1537 1702 1585 divina,

138 1601 487 1654 quemadmodum
519 1602 569 1641 de
598 1601 888 1641 ecclesiastica
916 1602 1164 1641 auctoritate
1194 1601 1408 1653 contingit.

188 1666 277 1706 128.
311 1666 569 1705 Paoposmo
599 1665 658 1704 4³⁶
686 1665 905 1706 Ecclesiae
926 1667 1124 1719 competit
1143 1670 1334 1719 potestas
1355 1667 1556 1715 coactiva,
1575 1667 1702 1706 eliam

135 1730 280 1783 quoad
310 1730 579 1781 inserendam
611 1730 693 1768 vim
724 1731 1002 1770 materialem.

186 1795 309 1834 Proh.
342 1795 387 1833 Id
416 1807 500 1834 non
530 1801 593 1834 est
631 1794 712 1834 nisi
750 1796 1015 1835 corollarium
1062 1796 1351 1848 praecedentis
1396 1796 1704 1848 propositionis.

134 1860 241 1898 Nam
273 1857 429 1897 inutilis
458 1857 626 1897 omnino
657 1857 761 1898 foret
790 1859 939 1911 triplex
968 1860 1038 1899 illa
1063 1866 1261 1912 potestas,
1286 1860 1364 1898 nisi
1380 1860 1443 1898 ius
1478 1860 1602 1898 etiarn
1622 1860 1703 1898 ha-

132 1923 301 1963 beretur
318 1922 495 1973 cogendi
520 1929 789 1962 contumaces
812 1923 865 1961 ad
887 1923 1196 1962 observantiam
1218 1924 1369 1974 legum,
1394 1930 1434 1962 et
1454 1922 1707 1975 reprimendi

133 1995 311 2029 conatus
340 1988 548 2027 malorum
578 1988 802 2036 hominum,
834 1988 901 2040 qui
930 2002 1073 2028 earum
1103 1989 1422 2041 applicationem
1443 1988 1642 2040 impedire
1664 1996 1704 2028 et

137 2054 324 2094 ordinem
355 2054 524 2093 turbare
552 2054 745 2093 nitantur.
778 2055 898 2100 Quod
927 2061 1065 2094 autern
1095 2055 1176 2093 hoc
1204 2055 1269 2094 ius
1299 2055 1351 2094 ad
1373 2055 1456 2094 vim
1484 2060 1702 2094 externam

135 2125 174 2158 et
205 2118 462 2157 materialem
492 2118 750 2158 inferendam
780 2131 825 2157 se
855 2119 1066 2166 extendat,
1098 2119 1362 2159 manifestum
1394 2127 1469 2159 est:
1501 2125 1583 2158 tum
1606 2119 1702 2171 quia

133 2197 217 2223 non
247 2183 368 2224 aliter
396 2190 518 2223 actus
547 2184 774 2224 exteriores
802 2183 984 2223 hominis
1023 2184 1208 2224 cohiberi
1245 2191 1439 2236 possunt;
1479 2191 1565 2224 tum
1604 2184 1701 2236 quia

135 2250 296 2289 crimen
326 2263 418 2289 cum
448 2250 543 2290 inde
564 2250 779 2297 habeatur,
803 2250 910 2301 quod
945 2250 1068 2290 homo
1091 2250 1315 2290 sensitivus
1330 2250 1522 2302 insurgat
1554 2257 1700 2289 contra

136 2314 353 2362 rationem,
385 2313 427 2352 in
456 2319 616 2365 partem
645 2313 779 2364 ipsam
809 2313 1053 2353 sensitivam
1084 2315 1313 2353 auctoritas
1341 2327 1514 2366 reagere
1553 2313 1702 2362 debet,

135 2380 187 2420 ad
216 2379 501 2432 aequilibrium
532 2379 688 2419 ordinis
718 2380 1029 2419 restituendum.

185 2446 274 2486 129.
306 2447 564 2485 Pssoposmo
595 2446 654 2484 5³
673 2445 890 2485 Ecclesiae
912 2448 1110 2498 competit
1131 2446 1195 2485 ius
1209 2446 1495 2498 proprietatis
1511 2458 1702 2498 scapos-

132 2509 299 2549 sidencli
327 2509 538 2549 stabiliter
567 2510 675 2548 bona
708 2510 975 2561 temporalia.

185 2575 308 2615 Prob.
331 2575 374 2614 Si
395 2588 599 2627 personae
614 2575 862 2623 individuae,
885 2582 927 2614 ut
943 2575 1048 2615 alias
1066 2575 1335 2622 ostendimus,
1353 2575 1582 2615 vinaturae
1597 2588 1697 2626 gau-

133 2643 229 2682 dent
258 2642 347 2681 iure
378 2641 654 2693 proprietatis,
686 2654 762 2681 seu
790 2641 1028 2693 possidendi
1057 2641 1167 2680 bona
1206 2640 1470 2693 temporalia;
1501 2640 1542 2680 id
1571 2640 1699 2678 multo

131 2707 269 2759 magis
298 2707 347 2746 de
378 2713 498 2745 coetu
527 2705 716 2758 plurium,
747 2705 815 2756 qui
846 2704 1088 2744 societatem
1111 2705 1343 2752 efformant‚
1373 2704 1591 2744 dicendum
1623 2708 1699 2741 est.

134 2772 227 2810 Non
257 2771 378 2810 modo
409 2771 504 2823 quia
532 2770 574 2809 in
606 2769 852 2810 collectione
890 2769 1067 2821 plurium
1105 2781 1272 2808 summa
1310 2770 1517 2808 conflatur
1550 2765 1699 2804 iurium

135 2837 407 2889 singulorum,
429 2850 534 2888 quae
555 2836 615 2876 sic
632 2836 673 2875 in
694 2850 820 2875 unum
842 2841 1136 2888 coagmentata
1151 2836 1275 2887 longe
1296 2835 1471 2874 validius
1492 2833 1556 2872 ius
1578 2834 1700 2872 exhi-

134 2901 255 2948 bent,
287 2914 409 2953 quam
439 2901 645 2940 elementa
674 2900 840 2952 singula
869 2913 1058 2940 seorsum
1098 2904 1295 2951 accepta3
1335 2898 1407 2938 sed
1445 2896 1570 2937 etiam
1600 2897 1696 2948 quia
