1970 3203
223 249 358 276 CAPUT
387 248 423 274 11.
449 247 503 274 DE
531 235 798 275 OPERATIONE
819 249 997 276 HUMANA
1017 249 1155 276 PROUT
1176 248 1420 276 ORDINATUR
1439 248 1481 274 IN
1502 248 1630 275 FINEM
1659 237 1709 276 5]-

197 326 323 366 Obic‘c.
356 325 408 364 II.
438 325 580 364 Rudes
613 330 653 364 et
681 324 836 364 indocti
857 325 1068 377 proferunt
1086 325 1239 365 iudicia
1259 324 1435 365 moralia
1450 325 1572 364 valde
1595 327 1709 366 cele-

144 390 241 429 riter
271 394 310 428 et
339 388 429 427 sine
462 387 546 427 ulla
574 387 831 427 difficultate.
854 389 965 440 Ergo
988 389 1027 427 vi
1046 389 1267 429 instinctus
1285 389 1357 429 illa
1377 388 1601 441 proferunt,
1625 403 1709 430 non

146 468 223 495 usu
249 452 435 493 rationis.

198 521 246 559 R.
283 519 471 559 Concedo
503 519 766 567 antecedens,
797 522 837 558 et
865 532 968 572 neyo
1000 533 1268 573 consequens.

186 582 409 631 Celeritas,
439 595 546 635 quae
569 582 771 630 obiicitur,
789 582 891 622 nihil
906 589 1052 623 contra
1069 597 1146 624 nos
1163 584 1430 626 demonstrat.
1448 586 1579 626 Adest
1600 587 1711 627 enim

140 649 182 688 in
212 649 423 689 intellectu
454 648 639 688 humano
658 649 873 689 inclinatio
894 650 1098 702 quaedam
1118 651 1334 698 naturalis,
1354 665 1379 690 a
1400 652 1707 703 sapientissimo

142 715 324 753 Auctore
344 712 485 760 indita,
508 726 601 764 qua,
622 713 792 765 perinde
813 719 934 765 atque
955 713 998 751 in
1015 713 1257 754 veritatibus
1277 715 1558 765 speculativis,
1589 718 1712 767 polle-

144 792 248 827 mus,
270 778 395 818 immo
419 778 547 817 etiam
563 779 734 831 pronius
752 786 917 831 propter
937 779 1139 819 maiorem
1160 780 1466 829 necessitatem,
1488 782 1541 820 ad
1559 782 1713 824 iudicia

145 844 344 896 practica,
377 857 482 897 quae
513 844 644 883 vitam
675 845 906 897 regendam
935 844 1174 896 respiciunt,
1205 845 1463 897 proferenda.
1486 848 1540 886 At
1573 847 1613 886 id
1634 861 1717 887 non

147 921 275 948 caece
305 914 345 948 et
375 908 469 948 sine
494 908 663 956 motivo,
685 909 760 949 sed
780 922 833 948 ex
854 908 1002 948 obiecti
1023 908 1328 961 perspicientia,
1350 908 1439 949 sive
1461 909 1714 959 immediata,

145 978 189 1011 ut
219 972 259 1011 in
290 972 435 1024 primis
465 971 694 1024 principiis,
724 973 814 1011 sive
844 971 1036 1020 mediata,
1068 979 1112 1012 ut
1139 972 1179 1010 in
1210 985 1353 1012 eorum
1387 972 1713 1013 deductionibus,

146 1035 432 1075 Deductiones
462 1040 601 1074 autem
633 1036 862 1084 eiusmodi,
894 1049 998 1088 quae
1032 1049 1058 1075 a
1085 1035 1255 1076 rudibus
1284 1038 1408 1076 etiam
1438 1037 1541 1075 fiunt
1562 1070 1570 1085 ,
1600 1038 1713 1076 haud

148 1107 361 1151 tantopere
397 1099 616 1139 abstrusae
647 1106 765 1147 sunt,
795 1100 1142 1152 quemadmodum
1179 1100 1410 1140 adversarii
1440 1107 1711 1152 exaggerant.

149 1165 396 1216 Plerumque
417 1163 527 1203 enim
543 1177 569 1203 a
583 1163 728 1216 primis
756 1163 970 1215 principiis
987 1176 1059 1215 per
1078 1176 1124 1203 se
1145 1164 1254 1204 notis
1275 1170 1359 1203 tam
1381 1177 1525 1216 parum
1549 1163 1714 1211 distant,

148 1239 192 1271 ut
222 1244 274 1270 ex
304 1230 385 1270 illis
414 1229 611 1270 facillime
642 1230 890 1270 deriventur.
912 1231 974 1269 Ac
996 1230 1031 1269 si
1053 1230 1217 1282 quando
1238 1243 1412 1282 gravem
1435 1230 1716 1270 difficultatem

152 1297 395 1344 includunt,
425 1296 533 1335 haec
571 1296 624 1335 ab
650 1296 841 1348 imperito
872 1295 1040 1335 homine
1070 1302 1288 1348 superatur
1325 1297 1390 1336 vel
1420 1310 1498 1348 ope
1527 1298 1714 1336 culturae

150 1360 376 1412 religiosae
406 1373 511 1412 quae
541 1360 743 1401 scientiae
777 1360 981 1400 defectum
1011 1360 1220 1412 suppleat,
1244 1360 1307 1399 vel
1330 1373 1406 1412 ope
1426 1351 1594 1399 habitus
1616 1360 1721 1400 bene

154 1426 354 1478 operandi
371 1432 441 1465 aut
462 1426 503 1464 vi
523 1426 745 1465 axiomatis
767 1426 987 1465 cuiusdam
1007 1426 1231 1477 generalis,
1253 1427 1362 1478 quod
1383 1426 1473 1466 sine
1493 1426 1722 1466 interiectis

153 1491 300 1531 mediis
331 1491 443 1532 actui
473 1491 787 1530 determinando
818 1491 1058 1542 applicetur,
1090 1492 1156 1530 vel
1186 1504 1263 1544 ope
1293 1492 1468 1530 aliarum
1498 1506 1723 1532 causarum

154 1571 260 1609 quae
291 1557 551 1606 prudentiam
580 1558 816 1596 naturalem
850 1556 1030 1596 hominis
1051 1557 1194 1596 iuvare
1214 1558 1361 1596 solent.
1385 1558 1442 1597 Ut
1465 1557 1567 1597 nihil
1588 1558 1724 1597 dicam

154 1621 204 1659 de
233 1618 454 1658 traditione
483 1619 716 1670 primitiva;
747 1633 863 1670 quae,
892 1633 918 1659 a
948 1621 1036 1658 Deo
1067 1620 1270 1671 originem
1301 1621 1470 1669 ducens,
1494 1621 1620 1659 vitam
1642 1634 1726 1660 mo-

154 1685 286 1724 ralem
322 1684 593 1724 humanitatis
632 1684 900 1732 informavit,
937 1692 976 1724 et
1014 1684 1131 1723 cuius
1162 1685 1342 1737 vestigia
1380 1686 1583 1738 quaedam
1614 1688 1723 1738 apud

153 1751 313 1790 nullam
343 1756 525 1802 gentem,
556 1754 778 1803 utcumque
807 1750 1042 1798 barbaram,
1074 1750 1283 1790 obliterari
1313 1757 1548 1803 potuerunt.

210 1814 337 1855 Obiic.
371 1814 438 1853 ΙΙΙ.
472 1814 626 1854 Saltem
658 1814 834 1866 agnosci
866 1814 984 1854 debet
1013 1814 1140 1853 realis
1169 1814 1377 1854 distinctio
1408 1815 1514 1854 inter
1544 1815 1723 1854 faculta-

155 1886 249 1926 tem,
267 1891 373 1929 quae
388 1877 543 1928 profert
560 1877 714 1917 iudicia
729 1878 928 1929 practica,
947 1885 986 1917 et
1002 1877 1255 1926 facultatem,
1277 1892 1382 1930 quae
1400 1880 1552 1931 profert
1568 1879 1722 1919 iudicia

157 1937 429 1996 speculativa.
449 1943 556 1982 Nam
577 1942 649 1982 illa
667 1943 836 1995 respicit
856 1943 1024 1990 bonum,
1046 1944 1151 1983 haec
1173 1956 1328 1993 verum;
1351 1958 1456 1997 quae
1477 1952 1573 1985 sunt
1593 1945 1722 1984 ratio-

156 2021 231 2047 nes
260 2007 302 2046 in
332 2006 494 2046 obiecto
525 2006 728 2046 diversae.

211 2074 259 2112 R.
282 2073 401 2117 Haec
423 2071 646 2111 difficultas
666 2072 727 2111 sic
747 2073 969 2112 resolvitur
989 2086 1013 2112 a
1030 2073 1070 2112 S.
1095 2073 1269 2112 Thoma:
1293 2087 1315 2112 «
1335 2074 1490 2113 Verum
1511 2080 1551 2114 et
1572 2075 1723 2114 bonum

160 2150 204 2177 se
234 2135 411 2175 invicem
440 2135 666 2176 includunt.
699 2137 806 2175 Nam
836 2149 981 2175 verum
1011 2142 1073 2176 est
1093 2137 1301 2188 quoddam
1328 2137 1493 2185 bonum,
1515 2145 1554 2178 et
1575 2138 1728 2178 bonum
1782 2149 1786 2152 ·

163 2208 224 2242 est
252 2202 460 2254 quoddam
491 2214 661 2250 verum,
692 2201 873 2254 alioquin
902 2215 986 2241 non
1017 2208 1129 2242 esset
1157 2202 1424 2254 intelligibile.
1457 2203 1572 2244 Sicut
1602 2204 1728 2256 igitur

165 2268 370 2308 obiectum
400 2268 606 2320 appetitus
635 2273 771 2320 potest
804 2281 897 2308 esse
919 2282 1074 2316 verum,
1095 2268 1136 2307 in
1157 2275 1354 2320 quantum
1376 2269 1502 2309 habet
1526 2270 1728 2310 rationem

164 2331 263 2371 boni
293 2331 399 2370 sicut
420 2344 512 2370 cum
544 2331 690 2384 aliquis
721 2331 874 2384 appetit
895 2332 1111 2371 veritatem
1142 2345 1410 2385 cognoscere,
1432 2334 1488 2372 ita
1522 2334 1730 2375 obiectum

169 2395 403 2435 intellectus
425 2395 599 2447 practici
619 2402 682 2435 est
703 2395 868 2443 bonum,
891 2395 1118 2435 ordinabile
1138 2396 1191 2435 ad
1212 2409 1328 2448 opus,
1350 2397 1425 2436 sub
1449 2397 1609 2437 ratione
1631 2398 1730 2437 veri.

167 2461 408 2500 Intellectus
439 2461 547 2500 enim
576 2461 787 2513 practicus
816 2462 1032 2502 veritatem
1063 2463 1281 2514 cognoscit
1309 2463 1416 2502 sicut
1445 2470 1485 2502 et
1504 2464 1731 2515 speculati-

174 2540 263 2575 vus,
294 2527 368 2566 sed
399 2528 616 2567 veritatem
646 2528 854 2580 cognitam
890 2528 1053 2567 ordinat
1082 2528 1134 2567 ad
1163 2541 1266 2579 opus
1296 2530 1371 2580 (1).
1402 2544 1421 2567 »

209 2654 259 2695 (1)
283 2655 382 2688 Loco
408 2656 573 2698 superius
597 2656 707 2689 citato
734 2655 774 2687 ad
800 2655 845 2686 2.-
