1970 3203
431 190 568 217 CAPUT
597 190 648 215 1v.
679 188 731 214 DE
761 187 931 214 OFFlcns
961 185 1129 212 HOMINIS
1157 185 1270 211 ERGA
1301 183 1418 210 ALIOS
1663 171 1740 210 169

166 273 321 322 quanto
341 263 487 316 aliquis
508 263 645 314 magis
666 261 796 314 diligit
816 263 961 308 Deum,
981 266 1097 300 tanto
1117 261 1239 300 etiam
1256 259 1391 311 magis
1421 259 1474 298 ad
1504 258 1736 311 proximum

167 331 428 372 dilectionem
458 327 661 375 ostendit,
706 327 820 366 nulla
849 325 1066 365 inimicitia
1095 326 1352 376 impediente.
1387 325 1503 364 Sicut
1532 324 1567 363 si
1589 323 1739 375 aliquis

168 397 340 436 multum
369 392 558 444 diligeret
583 392 760 444 aliquem
790 391 1016 437 hominem,
1034 403 1176 429 amore
1206 390 1335 442 ipsius
1363 389 1470 429 filios
1500 389 1589 428 eius
1620 402 1740 427 ama-

180 467 253 510 ret,
284 460 406 499 etiam
437 457 629 497 inimicos
658 457 735 497 sibi
766 458 840 508 (1).
870 472 889 494 »

685 563 926 602 Solvuntur
953 563 1237 616 dffcultaz‘es.

220 651 284 691 68.
321 649 449 689 Obiic.
483 651 511 688 I.
544 650 590 688 In
619 648 902 701 propositione
933 647 1068 700 prima
1101 647 1311 686 derivatur
1341 647 1522 686 officium
1543 660 1626 686 non
1646 647 1736 686 lae-

165 716 288 756 dendi
318 715 567 767 proximum,
597 728 650 754 ex
679 727 822 753 amore
856 727 978 765 quem
998 713 1075 765 ipsi
1098 713 1307 752 debemus.
1332 714 1377 751 Id
1401 726 1498 752 vero
1521 726 1738 764 perperam

166 783 223 823 fit.
255 784 361 822 Nam
393 780 468 820 etsi
498 780 627 819 laesio
658 780 811 818 iniusta
840 793 924 818 non
958 780 1090 818 solum
1121 778 1302 818 iustitiae
1333 778 1406 817 sed
1428 779 1551 816 etiam
1573 777 1736 816 caritati

167 848 428 893 adversetur,
457 852 596 885 tamen
628 845 779 884 falsum
810 851 874 885 est
904 858 958 884 ex
989 845 1127 884 officio.
1148 844 1332 883 caritatis
1354 843 1531 883 derivari
1555 844 1739 882 debitum

164 912 360 959 iustitiae,
391 912 510 964 quasi
540 912 630 951 ideo
660 911 817 950 inesset
838 911 877 949 in
898 911 979 951 alio
1014 910 1077 949 ius
1099 923 1150 949 ne
1188 910 1392 957 laedatur,
1422 910 1518 962 quia
1551 910 1590 948 in
1616 909 1737 948 nobis

163 978 271 1018 inest
301 977 484 1017 officium
516 990 567 1016 ne
598 977 816 1016 laedamus
838 1009 846 1024 ‚
878 983 917 1016 et
948 990 1030 1015 non
1062 976 1152 1016 vice
1182 989 1306 1015 versa
1334 976 1426 1015 ideo
1457 976 1509 1015 sit
1547 975 1588 1014 in
1618 975 1739 1015 nobis

164 1041 347 1081 officium
378 1054 430 1080 ne
458 1041 687 1087 laedamus,
718 1041 814 1092 quia
844 1040 884 1078 in
916 1040 998 1080 alio
1029 1046 1092 1080 est
1120 1041 1184 1079 ius
1215 1053 1266 1078 ne
1296 1040 1497 1079 laedatur.

219 1106 270 1144 R.
301 1105 412 1144 Dist.
444 1105 553 1144 mai:
585 1104 807 1143 Derivatur
837 1117 889 1143 ex
919 1118 1075 1152 amore,
1107 1105 1148 1143 in
1179 1110 1381 1156 quantum
1411 1102 1643 1155 generatim
1671 1115 1744 1141 sua

165 1169 289 1208 mitur
318 1182 391 1220 pro
413 1169 566 1208 affectu
588 1168 751 1208 volendi
775 1169 929 1208 bonum
951 1170 1132 1208 alterius.
1152 1182 1271 1214 0072oe
1296 1182 1347 1208 ex
1370 1181 1524 1214 amore,
1546 1166 1587 1205 in
1608 1180 1744 1218 quan-

162 1241 248 1274 tum
279 1234 504 1286 specialem
534 1234 726 1272 virtutem
757 1234 987 1280 constituit,
1014 1234 1200 1273 iustitiae
1232 1232 1476 1285 oppositam,
1509 1245 1627 1284 neyo.

216 1299 410 1338 Officium
442 1311 524 1337 non
554 1298 743 1337 laedendi
773 1298 878 1337 alios
909 1312 963 1337 ex
984 1311 1126 1338 amore
1149 1298 1398 1337 deduximus
1423 1297 1463 1336 in
1486 1310 1641 1349 genere
1662 1309 1744 1335 ac—

165 1371 298 1416 cepto,
330 1370 447 1415 prout
476 1363 722 1403 benevolum
754 1363 881 1402 animi
912 1364 1108 1402 affectum
1140 1363 1363 1415 importat3
1395 1363 1516 1414 idque
1545 1362 1596 1401 ob
1627 1362 1736 1401 hanc

164 1431 382 1476 rationem,
400 1430 496 1481 quia
516 1429 772 1481 negativum,
790 1430 913 1480 quale
931 1429 1114 1480 profecto
1138 1436 1199 1468 est
1221 1428 1405 1467 officium
1426 1442 1510 1467 non
1530 1427 1732 1473 laedendi,

165 1494 327 1533 fundari
368 1494 488 1533 debet
527 1493 567 1531 in
599 1492 775 1545 positivo
798 1526 806 1540 ,
836 1494 943 1545 quod
975 1500 1086 1533 certe
1116 1506 1197 1532 non
1230 1500 1366 1544 potest
1396 1506 1490 1532 esse
1519 1492 1629 1531 aliud
1660 1492 1739 1530 nisi

165 1560 359 1598 voluntas
390 1557 609 1597 reverendi
639 1558 978 1608 personalitatem
1010 1565 1049 1597 et
1079 1558 1169 1596 iura
1200 1559 1389 1605 aliorum;
1421 1558 1530 1609 quod
1551 1557 1657 1596 idem
1681 1563 1745 1596 est

163 1630 287 1674 atque
317 1622 410 1661 aliis
440 1623 545 1661 velle
575 1622 740 1668 bonum,
772 1635 847 1661 seu
873 1622 987 1674 ipsos
1018 1622 1202 1674 diligere.
1226 1624 1304 1662 Hic
1327 1636 1445 1661 amor
1466 1635 1548 1661 non
1570 1627 1740 1660 contra-

166 1687 434 1739 distinguitur
463 1700 488 1725 a
516 1686 685 1732 iustitia,
716 1687 789 1725 sed
819 1687 873 1725 ad
902 1687 1034 1738 ipsam
1068 1701 1228 1740 quoque
1259 1701 1303 1727 se
1338 1687 1522 1739 porrigit,
1544 1693 1587 1725 ut
1608 1700 1741 1738 genus

165 1754 219 1792 ad
248 1752 442 1804 speciem.
475 1751 583 1789 Hinc
613 1764 756 1789 verum
789 1760 880 1799 est,
912 1760 955 1792 ut
984 1752 1079 1791 dicit
1111 1753 1298 1801 obiectio,
1329 1753 1421 1792 ideo
1452 1751 1571 1790 nobis
1601 1751 1739 1790 inesse

169 1818 352 1857 officium
381 1830 432 1856 ne
459 1817 686 1863 laedamus,
717 1817 813 1868 quia
842 1818 935 1857 aliis
962 1818 1070 1857 inest
1100 1819 1163 1857 ius
1194 1832 1244 1858 ne
1275 1818 1505 1866 laedantur,
1527 1818 1601 1856 sed
1624 1824 1735 1856 certe

166 1897 219 1924 ex
248 1884 327 1923 hoc
357 1883 446 1922 iure
476 1882 658 1921 officium
690 1883 786 1922 illud
806 1884 847 1922 in
880 1884 999 1923 nobis
1023 1898 1105 1923 non
1128 1890 1384 1936 exsurgeret,
1406 1884 1486 1923 nisi
1507 1883 1737 1935 generatim

166 1949 220 1988 ad
244 1949 396 1988 bonum
419 1947 594 1987 aliorum
618 1947 840 1986 volendum
863 1948 902 1986 vi
923 1955 1097 1988 naturae
1119 1949 1485 2000 adstringeremur.
1511 1949 1614 1987 Cum
1636 1961 1735 1987 vero

166 2013 347 2053 iustitiae
386 2011 600 2051 caritatem
632 2014 880 2063 opponimus
899 2046 908 2062 ,
940 2014 1196 2066 dicimusque
1227 2014 1307 2052 hoc
1347 2015 1413 2053 vel
1442 2014 1541 2052 illud
1571 2026 1653 2052 non
1684 2025 1733 2052 ex

164 2077 322 2118 iustitia
338 2077 410 2116 sed
427 2088 478 2114 ex
497 2075 670 2114 caritate
692 2076 844 2124 deberi,
866 2077 1032 2117 nomine
1055 2078 1240 2116 caritatis
1261 2091 1444 2117 amorem
1464 2077 1738 2128 intelligimus

164 2141 348 2182 strictius
368 2148 590 2192 sumptum,
612 2141 805 2180 nimirum
836 2155 909 2194 pro
939 2142 1110 2193 speciali
1133 2142 1292 2190 virtute,
1323 2155 1429 2194 quae
1458 2155 1536 2181 nos
1565 2141 1739 2181 inclinat

165 2207 218 2245 ad
239 2204 581 2245 benefaciendum
612 2204 717 2252 aliis,
750 2206 861 2244 nullo
891 2206 978 2244 iure
1009 2205 1191 2256 perfecto
1222 2205 1262 2243 in
1293 2205 1342 2244 iis
1373 2205 1615 2244 exsistente.

221 2272 349 2311 Obiz'c.
380 2272 432 2309 II.
461 2270 634 2309 Videtur
664 2272 878 2322 probanda
909 2272 1092 2311 definitio
1116 2271 1261 2319 Grotii,
1285 2284 1367 2321 qua
1392 2270 1653 2309 mendacium
1676 2269 1739 2307 di-

165 2338 270 2377 citur
300 2349 407 2376 esse:
429 2336 576 2374 Sermo
599 2342 676 2375 aut
704 2340 803 2376 nota
829 2351 1077 2390 repugnans
1098 2351 1193 2376 cum
1218 2337 1313 2376 itere
1334 2337 1558 2375 exsistente
1580 2349 1630 2374 ac
1650 2349 1745 2374 ma-

166 2407 288 2442 nente
317 2403 419 2449 eius,
452 2401 508 2440 acl
534 2414 656 2452 quem
686 2415 824 2441 sermo
855 2407 933 2441 aut
959 2406 1058 2442 nota
1081 2403 1291 2454 dirigitur
1314 2403 1386 2453 (2).
1410 2401 1518 2440 Hinc
1552 2414 1650 2440 vero
1673 2413 1743 2439 se-

162 2467 311 2519 quitur,
342 2465 513 2506 vetitum
535 2464 698 2516 quidem
721 2479 815 2505 esse
836 2467 927 2518 lege
949 2473 1123 2506 naturae
1146 2466 1408 2505 mendacium
1432 2464 1742 2516 perniciosum,

165 2543 250 2569 non
282 2542 378 2568 vero
409 2529 596 2568 iocosam
626 2536 696 2566 aut
727 2529 976 2580 ojficz'osum‚
1009 2543 1088 2582 quo
1119 2530 1270 2568 nullius
1301 2529 1364 2567 ius
1393 2528 1580 2567 laeditur.

218 2597 266 2634 R.
299 2596 376 2634 Illa
408 2593 592 2633 definitio
622 2606 708 2632 non
736 2602 799 2633 est
827 2595 1093 2642 admittenda,
1126 2601 1168 2633 ut
1197 2608 1248 2634 ex
1277 2594 1351 2642 iis,
1381 2607 1487 2646 quae
1518 2607 1645 2646 supra
1667 2594 1743 2633 do-

161 2659 326 2698 cuimus
368 2659 535 2699 eruitur.
578 2661 683 2699 Nam
716 2658 898 2698 definitio
930 2659 1051 2698 debet
1080 2659 1239 2697 desumi
1269 2672 1322 2697 ex
1353 2658 1515 2697 ratione
1545 2657 1737 2705 formali3

161 2723 271 2763 ratio
301 2730 440 2762 autem
471 2724 656 2764 formalis
687 2722 894 2761 mendacii
924 2722 965 2761 in
987 2735 1036 2762 eo
1068 2722 1146 2761 sita
1170 2730 1244 2770 est,
1267 2722 1375 2774 quod
1395 2721 1486 2774 quis
1508 2720 1740 2760 voluntarie

208 2827 258 2867 (1)
283 2827 437 2861 Summa
461 2831 506 2862 tlt.
531 2831 577 2862 2²²
598 2832 652 2863 2³²
688 2829 804 2865 XXV,
828 2838 878 2868 q.‚
903 2839 930 2860 a.
956 2828 981 2860 8.

206 2882 254 2921 (Β)
282 2881 332 2913 D&
358 2881 438 2914 iare
466 2884 551 2916 belli
573 2889 608 2917 et
626 2884 750 2927 ρασίδ,
778 2883 798 2914 Ι.
821 2884 846 2914 3.
873 2893 900 2915 c.
926 2893 954 2914 c.
978 2882 1001 2920 Ι,
1025 2882 1042 2922 ξ
1067 2882 1104 2913 ΙΙ.
