1970 3203
470 261 605 288 CAPUT
633 262 656 287 1.
686 260 739 287 DE
767 261 860 288 FINE
890 261 1165 289 OPERATIONIS
1193 260 1400 287 HUMANAE
1670 247 1720 287 19

99 389 101 393 ι
159 341 269 378 esset
285 337 391 377 velle
411 335 609 376 delectari
628 342 671 375 ut
687 335 841 375 bonum
857 336 1149 387 adipiscamur,
1164 349 1259 376 cum
1276 335 1494 377 delectatio
1515 337 1626 376 hanc
1642 336 1720 375 ad-

162 400 373 453 eptionem
393 400 622 452 sequatur);
652 399 726 439 sed
744 407 956 452 tamquam
986 401 1159 440 effectus
1179 406 1347 453 propter
1371 414 1556 450 causam;
1579 413 1727 441 revera

163 463 271 504 enim
289 462 506 503 delectatio
519 475 545 502 a
560 463 667 503 bono
677 476 874 515 possesso
887 463 1156 516 ingeneratur
1167 465 1218 504 ab
1231 478 1360 518 eoque
1376 468 1560 518 speciem
1571 470 1610 505 et
1621 477 1732 504 men-

162 543 304 569 suram
320 527 481 580 accipit.
504 529 641 576 Quare
657 530 793 568 solum
814 529 1033 569 honestum
1051 530 1131 569 tale
1152 536 1226 578 est,
1246 536 1289 570 ut
1304 531 1465 572 ratione
1480 532 1544 572 sui
1564 531 1605 570 in
1625 544 1725 583 pro-

159 593 248 646 prio
266 592 408 632 ordine
424 592 716 644 appetitionem
730 592 932 641 terminet,
952 592 1140 645 quamvis
1157 606 1251 632 cum
1267 594 1541 636 delectatione
1557 593 1726 634 coniun-

163 665 297 712 gatur.
330 660 470 711 Ipsum
498 658 625 710 igitur
651 658 814 711 proprie
844 658 970 699 habet
989 658 1193 698 rationem
1213 659 1320 699 finis.

214 724 251 763 9.
272 723 546 763 Nihilominus
567 723 761 774 voluptas
780 722 906 763 etiam
925 723 1156 774 participat
1170 723 1377 763 rationem
1396 724 1501 764 finis.
1524 723 1730 770 Quoniam

164 796 207 828 ut
222 787 474 840 explicatum
491 793 566 836 est,
584 788 776 840 voluptas
791 787 912 827 etiam
931 800 1006 827 suo
1024 788 1146 827 modo
1163 788 1457 840 appetitionem
1469 789 1674 836 terminat,
1687 793 1731 827 ut

165 854 282 907 quies
303 854 500 894 terminat
519 861 688 902 motum3
712 853 887 893 efficitur
910 853 1007 893 hinc
1028 862 1070 893 ut
1103 854 1228 894 horno
1260 855 1514 907 voluptatem
1543 859 1734 907 spectare

164 921 310 973 possit,
332 934 416 961 non
436 920 559 959 modo
581 926 792 972 tamquam
813 919 1118 960 consectarium
1138 919 1371 972 adeptionis
1386 920 1495 968 boni,
1516 920 1589 960 sed
1609 920 1734 960 etiam

163 993 374 1036 tamquam
395 984 450 1032 id,
465 984 584 1024 cuius
604 983 741 1036 gratia
758 989 963 1034 operetur.
982 984 1119 1030 Quare
1130 983 1238 1023 haec
1254 984 1333 1023 duo
1351 989 1522 1030 tantum,
1540 984 1730 1035 voluptas

167 1056 206 1089 et
227 1049 461 1098 honestum,
483 1047 687 1088 rationem
707 1047 804 1087 finis
824 1047 980 1087 habere
1001 1055 1189 1100 possunt:
1209 1048 1291 1095 illa,
1309 1047 1473 1100 quidem
1496 1047 1735 1099 plerumque

167 1119 446 1167 praepostere,
468 1127 632 1166 semper
648 1120 787 1153 tamen
804 1113 940 1152 minus
960 1112 1141 1165 perfecte
1159 1113 1233 1165 (1),
1249 1113 1331 1153 hoc
1352 1120 1491 1152 autem
1511 1112 1600 1152 iure
1617 1112 1735 1152 meri-

165 1189 299 1234 toque.
319 1180 429 1220 Hinc
448 1186 575 1232 patet,
596 1179 807 1220 hominem
826 1179 1166 1231 quotiescumque
1183 1182 1388 1230 operatur,
1405 1191 1570 1230 semper
1590 1183 1660 1217 aut
1680 1177 1732 1217 ab

165 1246 386 1284 honestate
416 1249 488 1282 aut
515 1256 541 1281 a
570 1243 781 1295 voluptate
812 1242 981 1282 moveri.

218 1308 280 1348 10.
299 1308 455 1347 Bonum
475 1306 668 1346 ultimum
689 1307 990 1358 appetitionum
1010 1310 1251 1347 nostrarum
1272 1311 1345 1347 est
1364 1307 1558 1347 felicitas.
1579 1308 1737 1346 Verum

167 1373 208 1411 in
227 1371 419 1412 omnibus
429 1369 496 1410 his
508 1370 840 1422 appetitionibus,
854 1370 941 1410 sive
959 1370 1181 1409 honestum
1196 1370 1284 1410 sive
1301 1371 1490 1422 voluptas
1501 1375 1736 1423 quaeratur,

168 1436 209 1474 id
229 1434 337 1487 quod
357 1433 538 1472 funditus
558 1434 752 1473 sollicitat
764 1434 948 1473 animum
965 1433 1221 1486 habeturque
1235 1434 1362 1474 veluti
1377 1434 1511 1486 prima
1528 1435 1661 1482 radix,
1679 1446 1734 1473 ex

170 1514 252 1553 qua
271 1499 406 1540 omnis
426 1498 619 1550 appetitio
637 1499 817 1551 pullulet,
834 1504 897 1539 est
911 1512 1028 1538 amor
1049 1499 1257 1541 felicitatis
1271 1500 1504 1552 generatim
1520 1506 1732 1552 acceptae.

173 1566 304 1603 Porro
327 1562 493 1601 nomine
523 1562 728 1602 felicitatis
758 1562 998 1614 intelligitur
1028 1562 1182 1602 bonum
1203 1563 1402 1616 optimum
1432 1571 1471 1603 et
1499 1564 1737 1616 perfectum,

171 1626 280 1680 quod
299 1639 377 1665 nos
394 1626 670 1678 undequaque
689 1626 889 1678 perficiat,
907 1635 947 1665 et
966 1626 1006 1664 in
1024 1626 1142 1665 cuius
1157 1626 1424 1677 possessione
1444 1627 1608 1666 animus
1628 1626 1740 1678 peni-

171 1701 237 1733 tus
271 1691 553 1744 conquiescat.
584 1691 827 1740 Beatz'ttcclo,
849 1691 907 1732 ait
936 1692 976 1730 S.
1000 1692 1197 1741 Thomas,
1220 1694 1281 1731 est
1307 1692 1461 1731 bonum
1482 1696 1738 1747 perfectam,

171 1757 286 1810 quod
306 1756 494 1796 totaliter-
515 1756 678 1808 quietat
698 1756 930 1808 appetitum
949 1757 1022 1807 (Q),
1042 1756 1141 1796 Eius
1157 1756 1281 1808 igitur
1297 1769 1414 1796 amor
1435 1764 1498 1797 est
1513 1757 1647 1808 prima
1666 1770 1738 1795 ra-

172 1820 241 1859 dix
272 1819 567 1872 appetitionum
597 1825 847 1868 nostrarum,
879 1833 973 1859 cum
1003 1819 1200 1872 respiciat
1226 1820 1268 1860 id
1297 1821 1405 1872 quod
1431 1821 1670 1872 simpliciter
1700 1827 1739 1861 et

171 1885 361 1925 absolute
390 1891 557 1937 propter
588 1898 634 1925 se
662 1885 878 1937 appetitur,
895 1893 934 1925 et
951 1885 1068 1925 cuius
1097 1886 1278 1937 impulsu
1308 1892 1448 1925 cetera
1477 1887 1713 1939 diliguntur.

212 1949 278 1993 ,Et
308 1961 426 1996 sane,
447 1948 527 1987 nisi
557 1961 779 2000 processus
802 1948 891 1988 sine
911 1949 1111 2001 principio
1142 1956 1183 1989 et
1203 1950 1377 1989 effectus
1406 1949 1497 1989 sine
1514 1963 1645 1989 causa
1665 1950 1741 1989 ad—

172 2011 276 2051 mitti
295 2011 410 2060 velit‚
430 2012 696 2053 statuendum
717 2017 829 2052 certe
850 2020 913 2053 est
931 2019 1123 2064 respectu
1144 2012 1440 2064 appetitionum
1461 2015 1738 2052 humanarum

174 2078 327 2117 bonum
342 2077 517 2130 aliquod,
531 2078 639 2130 quod
655 2091 738 2117 non
749 2079 801 2118 ad
819 2079 929 2118 aliud
942 2078 1152 2127 referatur,
1169 2078 1243 2118 sed
1259 2078 1448 2119 absolute
1464 2085 1627 2118 ametur
1643 2092 1741 2131 pro-

175 2150 264 2195 pter
285 2157 331 2183 se
355 2149 394 2183 et
416 2148 649 2183 ceterorum
671 2145 995 2196 appetendorum
1026 2144 1076 2184 sit
1099 2144 1203 2184 ratio
1223 2145 1449 2185 sufficiens.
1472 2146 1518 2184 Id
1538 2151 1676 2185 autem
1698 2145 1740 2183 in

218 2250 268 2289 (1)
283 2249 322 2281 Id
336 2249 418 2287 dixi,
431 2249 513 2289 quia
526 2249 555 2281 si
567 2250 675 2282 homo
690 2250 736 2282 ad
752 2251 972 2291 operandum
986 2261 1006 2282 a
1021 2251 1207 2292 voluptate
1223 2250 1282 2283 illa
1297 2254 1493 2290 moveatur,
1506 2261 1597 2292 quae
1612 2251 1745 2284 bonum

174 2304 321 2343 aliquod
345 2303 535 2335 honestum
551 2303 793 2344 consequitur,
810 2305 908 2344 quod
925 2305 957 2336 in
971 2314 1037 2337 suo
1055 2305 1176 2337 ordine
1199 2305 1372 2338 rationem
1385 2306 1516 2338 habeat
1531 2306 1621 2344 finis3
1635 2307 1744 2339 modo

175 2355 220 2387 ab
236 2355 425 2387 intentione
443 2364 509 2387 sua
523 2365 593 2387 non
607 2356 778 2388 excludat
788 2355 907 2397 ipsum
922 2357 1125 2397 honestum,
1135 2366 1250 2397 neque
1264 2356 1351 2389 illud
1367 2358 1412 2389 ad
1430 2358 1650 2398 voluptatem
1667 2357 1747 2390 diri-

173 2408 237 2446 gat
255 2405 358 2446 quasi
375 2405 539 2443 medium;
556 2406 768 2447 imperfecta
784 2407 926 2447 quidem
942 2408 1017 2440 eius
1032 2408 1097 2440 erit
1115 2408 1287 2450 operatio,
1299 2410 1365 2441 sed
1381 2409 1510 2441 vitiosa
1523 2409 1590 2441 dici
1601 2419 1670 2442 non
1682 2419 1746 2450 po-

173 2461 258 2492 test.
284 2459 394 2499 quue
411 2461 486 2491 turn
502 2460 628 2500 magis,
645 2470 725 2492 cum
742 2470 807 2502 spe
823 2461 1019 2502 voluptatis
1037 2462 1150 2494 utitur
1164 2464 1348 2502 tamquam
1364 2462 1566 2504 impellente
1582 2464 1627 2495 ad
1645 2473 1684 2496 se
1700 2464 1751 2495 fa-

174 2513 275 2545 cilius
292 2515 326 2545 et
344 2514 523 2553 gradatim
548 2514 782 2547 inclinandum
797 2515 829 2547 in
845 2525 1003 2548 amorem
1022 2516 1163 2549 honesti
1178 2526 1244 2558 per
1267 2526 1306 2549 se
1325 2517 1489 2558 spectati.
1510 2518 1554 2550 Et
1569 2518 1659 2550 ratio
1684 2520 1754 2555 est,

175 2568 257 2608 quia
273 2568 443 2609 voluptas
458 2568 615 2609 speciem
632 2568 760 2609 accipit
772 2568 816 2600 ab
833 2569 984 2607 obiecto,
1016 2580 1061 2601 ex
1077 2570 1176 2602 cuius
1194 2571 1433 2611 possessione
1450 2571 1614 2613 carpitur.
1630 2572 1747 2607 Quare

176 2622 206 2653 si
226 2622 402 2655 obiectum
418 2622 610 2654 honestum
627 2623 695 2659 est,
706 2623 785 2663 ipsa
803 2631 946 2663 quoque
958 2624 1157 2656 honestatis
1173 2626 1229 2656 est
1244 2624 1440 2665 particeps3
1457 2627 1492 2656 et
1508 2625 1666 2665 proinde,
1683 2625 1751 2656 nisi

176 2683 270 2707 nova
285 2675 500 2715 adiungatur
512 2674 736 2713 inordinatio,
748 2675 919 2708 terminus
933 2677 1081 2709 actionis
1102 2676 1168 2709 sub
1184 2677 1254 2709 hoc
1264 2680 1435 2718 respectu
1450 2687 1532 2709 esse
1548 2680 1679 2718 potest.
1697 2680 1747 2709 At

180 2728 209 2759 si
227 2728 403 2761 obiectum
419 2728 503 2761 utile
519 2730 657 2760 tantum
688 2731 744 2761 est
761 2731 869 2770 atque
887 2740 908 2761 a
923 2733 1049 2762 natura
1065 2730 1293 2772 propositum
1320 2733 1504 2771 tamquam
1527 2732 1679 2764 medium
1705 2732 1751 2763 ad

179 2777 312 2810 bonum
331 2779 476 2819 aliquod
494 2779 735 2818 obtinendum
751 2783 836 2814 tunc
851 2781 1030 2827 voluptas,
1044 2791 1134 2822 quae
1149 2782 1390 2823 consequitur,
1406 2782 1564 2815 utilitatis
1578 2783 1682 2815 etiam
1699 2793 1755 2814 ra-

183 2831 312 2863 tionem
327 2832 446 2871 induit,
462 2842 576 2874 eaque
589 2833 638 2866 uti
653 2834 761 2867 homo
777 2837 914 2876 potest,
929 2835 1090 2875 quamvis
1105 2835 1170 2868 sub
1182 2835 1324 2876 legibus
1347 2836 1610 2878 temperantiae.
1625 2837 1752 2870 Confer

185 2884 218 2915 S.
243 2885 415 2924 THOMAM,
440 2887 594 2919 Summa
618 2886 666 2918 th.
688 2888 804 2920 2.“2.²²e
829 2897 859 2928 q.
884 2889 1017 2926 CXLII,
1040 2899 1068 2921 a.
1094 2890 1124 2921 1.

183 2974 186 2977 .
230 2938 280 2976 (2)
305 2939 459 2971 Samma
483 2939 529 2972 th.
554 2940 596 2971 1.·
617 2940 676 2972 ΞΜ
701 2949 732 2980 q.
758 2941 798 2979 11,
820 2952 847 2973 a.
873 2943 899 2975 8.
