1970 3203
84 0 163 81 s

33 81 83 122 'lt'

211 256 347 284 CAPUT
375 257 412 282 11.
443 256 495 282 DE
525 257 790 285 OPERATIONE
812 260 990 288 HUMANA
1011 262 1150 289 PROUT
1166 263 1410 291 oRmNATUR
1428 256 1470 292 ‘IN
1492 268 1618 294 FINEM
1646 257 1697 296 49

123 333 212 384 ipse
232 332 355 372 etiam
384 344 552 372 sensum
582 335 781 374 moralem
801 337 992 388 appellat,
1014 338 1087 377 sed
1116 338 1420 391 significatione
1441 355 1467 381 a
1487 343 1687 383 Sensistis

124 395 246 449 longe
263 396 440 436 diversa.
462 398 601 449 Ipsam
630 398 739 437 enim
760 399 812 438 ab
832 399 1103 452 intelligentia
1123 409 1162 442 et
1181 404 1341 444 ratione
1361 405 1524 457 quidem
1548 407 1693 446 distin-

121 459 220 512 guit,
256 467 299 523 at
319 461 442 512 longe
463 461 755 512 praestantiori
775 469 924 502 natura
945 463 1081 513 donat,
1104 480 1226 518 quam
1248 481 1329 521 qua
1349 475 1519 508 ornatur
1541 483 1690 510 sensus

121 526 392 566 communiter
425 526 570 567 dictus.
592 528 724 567 Immo
746 529 895 568 ceteris
929 530 1120 570 omnibus
1140 531 1405 574 facultatibus
1441 535 1690 576 diviniorem

121 588 230 636 dicit,
251 595 392 641 utpote
421 603 527 643 quae
546 596 674 630 totam
696 591 877 632 hominis
908 592 1034 632 vitam
1056 607 1251 647 suprema
1280 599 1457 649 quadam
1483 605 1691 651 potestate

119 654 352 696 moderetur
370 657 442 707 (1).
461 656 570 695 Huic
591 657 821 697 sententiae
841 659 1064 711 suffragari
1086 660 1248 701 videtur
1269 662 1353 702 fere
1375 665 1570 706 universa
1591 667 1686 708 Sco-

119 718 201 758 tiae
223 719 389 768 Schola;
407 733 525 772 quae,
542 726 584 759 ut
601 720 643 759 in
660 721 965 774 Metaphysica‚
983 723 1044 763 sic
1061 724 1185 764 etiam
1216 726 1258 765 in
1281 728 1432 766 Morali
1453 729 1694 780 instinctum

120 784 338 837 quemdam
361 798 531 825 caecum
554 786 605 825 ad
625 786 888 826 iudicandum
914 788 1106 829 obtrudit.
1130 790 1269 836 Quare
1290 806 1361 844 per
1381 793 1515 845 ipsam
1537 796 1692 837 iudicia

119 850 305 902 practica
333 851 446 891 circa
473 851 626 890 bonum
657 858 697 893 et
725 852 881 891 malum
902 853 1058 892 morale
1083 867 1166 893 non
1196 855 1430 897 tribuuntur
1459 857 1689 900 intellectui

120 915 345 955 essentiam
362 921 401 955 et
420 915 644 955 relationes
673 929 810 955 rerum
833 916 1052 968 detegenti‚
1069 918 1141 957 sed
1162 919 1359 970 peculiari
1380 919 1544 960 cuidam
1563 921 1693 963 facul-

119 981 204 1029 tati,
235 995 288 1021 ex
316 981 496 1034 impulsu
523 987 683 1021 tantum
712 988 886 1022 naturae
916 983 1129 1034 operanti;
1160 997 1283 1036 quam
1314 985 1484 1037 proinde
1516 1000 1687 1028 sensum

119 1048 321 1088 moralem
351 1052 576 1099 nuncupat.

172 1112 373 1152 Doctrina
401 1111 508 1151 haec
539 1111 735 1151 transfert
764 1111 805 1150 in
828 1112 1020 1152 Ethicam
1040 1112 1193 1152 iudicia
1214 1113 1285 1153 illa
1311 1127 1441 1154 caeca
1462 1122 1500 1155 et
1522 1116 1690 1157 irratio—

119 1166 231 1217 nalia
250 1211 261 1226 ,
292 1190 397 1230 quae
426 1190 452 1216 a
480 1176 601 1216 nobis
628 1177 783 1217 reiecta
813 1184 908 1218 sunt
941 1178 982 1218 in
1006 1179 1310 1231 Metaphysica.
1333 1182 1388 1220 At
1408 1183 1686 1234 repugnantia

118 1241 332 1294 utrobique
361 1245 424 1280 est
453 1241 610 1280 eadem.
643 1241 843 1280 Iudicium
874 1241 997 1289 enim,
1027 1243 1115 1282 sive
1147 1245 1195 1283 de
1226 1244 1399 1284 veritate
1426 1247 1686 1297 speculativa

119 1308 206 1348 sive
237 1308 285 1348 de
314 1307 511 1360 practica,
533 1307 705 1359 proferri
726 1307 844 1347 aliter
864 1308 1015 1360 nequit,
1038 1308 1117 1347 nisi
1137 1310 1404 1362 perceptione
1435 1313 1684 1353 convenien-

117 1374 200 1414 tiae
219 1374 284 1415 vel
308 1372 613 1424 discrepantiae
634 1372 831 1421 idearum,
852 1387 957 1426 quae
978 1375 1256 1415 affirmatione
1278 1376 1597 1429 coniunguntur,
1621 1380 1684 1418 vel

117 1436 340 1489 negatione
370 1440 625 1487 separantur.
656 1435 703 1474 Id
724 1449 822 1476 vero
843 1437 878 1476 si
898 1438 981 1484 fiat,
1003 1437 1086 1476 iam
1111 1438 1308 1478 iudicium
1332 1440 1429 1480 illud
1451 1453 1534 1479 non
1558 1442 1596 1480 vi
1617 1442 1684 1481 in-

118 1501 294 1540 stinctus
317 1500 531 1552 profertur,
552 1498 626 1538 sed
647 1498 685 1537 vi
707 1499 847 1538 motivi
868 1500 1080 1540 evidenter
1099 1503 1349 1553 apparentis.
1373 1504 1532 1543 Sensus
1560 1505 1687 1556 igitur

118 1566 300 1614 moralis,
314 1566 380 1618 qui
398 1578 552 1604 caecus
572 1565 625 1603 sit
640 1570 679 1604 et
697 1564 847 1616 impetu
865 1571 1023 1605 tantum
1047 1567 1276 1607 subiectivo
1293 1581 1485 1620 operans,
1505 1583 1587 1609 non
1604 1584 1686 1610 mo-

118 1632 168 1672 do
183 1633 315 1685 gratis
330 1632 403 1671 sed
420 1635 565 1670 contra
580 1634 772 1668 naturam
787 1630 924 1670 iudicii
937 1641 977 1670 et
993 1632 1120 1671 animi
1133 1633 1427 1685 cognoscentis
1443 1634 1684 1676 adstruitur.

168 1696 405 1742 Praeterea,
428 1693 616 1733 doctrina
634 1693 740 1733 haec
762 1695 964 1734 rationem
984 1695 1184 1736 scientiae
1205 1710 1230 1736 a
1252 1697 1403 1736 Morali
1423 1711 1595 1749 prorsus
1618 1700 1687 1739 ab·

116 1761 277 1802 scindit.
309 1762 415 1800 Nam
445 1760 486 1799 in
517 1759 605 1799 eius
635 1759 770 1799 effatis
798 1760 922 1799 fidem
945 1761 1171 1811 dumtaxat,
1193 1764 1286 1802 voci
1316 1769 1491 1803 naturae
1513 1766 1686 1816 praesti-

116 1834 213 1875 tam,
242 1825 444 1878 relinquit,
464 1831 507 1864 at
526 1824 775 1864 evidentiam
796 1825 847 1865 ab
869 1838 998 1879 eaque
1019 1834 1152 1867 ortam
1173 1829 1458 1869 certitudinem
1478 1839 1682 1871 removet.

169 1891 231 1931 39.
262 1890 518 1929 PRoposiTio
550 1890 606 1928 3³.
638 1889 854 1929 Iudicium
877 1891 1140 1931 moralitatis
1163 1893 1336 1933 nonnisi
1355 1894 1413 1933 acl
1431 1895 1689 1934 intellectum

117 1961 157 1997 et
184 1957 396 1996 rationem
418 1954 618 2007 pertinet.

168 2022 291 2062 Prob.
304 2020 502 2060 Iudicium
519 2020 614 2059 boni
631 2021 918 2069 moralis,cum
935 2021 977 2060 in
993 2023 1193 2063 relatione
1211 2024 1389 2076 quadam
1406 2025 1690 2067 internoscen-

118 2087 169 2126 da
199 2084 413 2134 consistat,
444 2089 563 2123 actus
593 2090 656 2123 est
680 2084 977 2137 intelligentiae
998 2086 1199 2138 proprius,
1226 2101 1332 2139 quae
1360 2089 1413 2127 ad
1435 2101 1580 2128 verum
1605 2103 1690 2129 non

118 2149 239 2190 modo
268 2147 571 2200 speculativum
593 2147 667 2187 sed
689 2147 814 2187 etiam
841 2148 1071 2200 practicum
1104 2150 1329 2190 ordinatur.
1352 2151 1471 2197 Quod
1493 2152 1526 2190 si
1557 2166 1690 2204 quan—

118 2216 169 2256 do
190 2216 296 2255 haec
316 2213 461 2254 relatio
484 2213 623 2253 statim
655 2219 694 2253 et
714 2227 787 2266 per
808 2226 853 2253 se
884 2227 968 2253 non
990 2221 1143 2266 pateat,
1165 2216 1252 2264 sed,
1275 2222 1319 2256 ut
1349 2222 1489 2256 cetera
1510 2218 1691 2258 mediata

114 2278 281 2327 iudicia,
300 2291 351 2317 ex
376 2277 503 2316 variis
524 2277 632 2318 inter
653 2289 698 2316 se
720 2276 984 2318 conferendis
1006 2278 1110 2318 ideis
1133 2279 1269 2331 detegi
1290 2280 1449 2329 debeat;
1471 2280 1692 2321 ratiocina-

118 2343 243 2383 tionis
263 2357 342 2383 usu
363 2343 609 2391 innotescet,
630 2356 680 2381 ac
703 2343 876 2395 proinde
898 2343 987 2383 eius
1014 2344 1160 2384 notitia
1180 2344 1340 2384 ratione
1369 2346 1688 2397 comparabitur.

170 2409 422 2454 Praeterea,
458 2405 563 2445 ratio
597 2407 843 2446 moralitatis
878 2407 1044 2447 nonnisi
1075 2408 1378 2449 accidentalem
1412 2409 1688 2449 differentiam

120 2470 308 2522 adiungit
337 2469 500 2509 veritati
529 2469 825 2521 speculativae,
857 2484 1006 2523 nempe
1043 2471 1344 2511 ordinationem
1378 2473 1432 2512 ad
1462 2486 1576 2524 opus.
1610 2474 1690 2514 Sed

123 2535 397 2576 accidentalis
428 2535 659 2574 differentia
689 2535 839 2575 obiecti
868 2549 951 2576 non
980 2537 1161 2588 postulat
1199 2537 1408 2577 diversam
1438 2538 1688 2578 facultatem.

121 2603 232 2654 Ergo
253 2601 471 2642 moralitas
491 2601 544 2640 ab
565 2600 710 2641 eadem
730 2601 925 2642 facultate
945 2602 1171 2655 attingitur,
1194 2616 1219 2642 a
1239 2616 1320 2655 qua
1346 2603 1559 2656 attingitur
1579 2605 1690 2644 veri-

117 2669 182 2704 tas
216 2664 485 2717 speculativa.
509 2664 590 2704 Sed
617 2664 724 2704 haec
754 2664 967 2716 attingitur
996 2665 1048 2704 ab
1078 2665 1288 2706 intellectu
1318 2673 1357 2706 et
1383 2667 1555 2707 ratione.
1579 2669 1689 2720 Ergo

116 2727 168 2766 ab
196 2727 409 2767 intellectu
440 2734 479 2767 et
507 2726 668 2767 ratione
698 2727 912 2780 attingitur
941 2728 1064 2768 etiam
1094 2730 1321 2770 moralitas.

173 2792 265 2832 Hoc
282 2797 527 2845 argumento
547 2793 587 2832 S.
606 2793 792 2832 Thomas
814 2793 1071 2835 demonstrat
1086 2794 1339 2836 intellectum
1357 2797 1586 2848 practicum
1607 2810 1689 2837 non

162 2925 222 2987 (i)
247 2947 381 2980 Philos.
406 2949 496 2980 Mor.
520 2948 641 2980 Instit.
666 2949 850 2991 compend.
874 2949 930 2981 lib.
953 2950 974 2982 Ι.

203 3015 484 3047 LIBERATORE—
502 3014 631 3048 Ethica
655 3019 690 3048 et
713 3016 777 3046 Ius
799 3019 973 3047 naturae.
1588 3017 1608 3048 4
