1970 3203
203 210 280 248 154
530 217 597 243 lUs
626 213 827 243 NATURAE
847 222 868 228 -
889 212 997 239 PARS
1026 211 1050 238 1.
1080 211 1145 239 1th
1173 209 1444 238 INDlVlDUALE

203 296 312 352 quod
341 295 470 335 habet
498 300 729 345 utramque.
753 291 893 338 Quare
910 288 1107 337 officium,
1127 301 1201 340 pro
1220 289 1346 328 homo
1367 287 1640 340 adstringitur
1659 299 1778 327 com-

207 362 346 416 plendi
374 362 498 401 finem
531 357 608 398 sibi
638 371 664 396 a
693 358 782 396 Deo
802 355 845 395 in
872 355 954 394 hac
986 353 1070 394 vita
1099 353 1402 407 praestitutum,
1435 352 1623 405 corporis
1652 351 1778 392 etiam

204 427 373 468 tutelam
404 434 630 475 curamque
651 418 947 472 complectitur.
977 416 1174 470 Operatio
1196 417 1306 457 enim
1332 415 1622 457 exsistentiam
1645 414 1778 455 subie-

207 493 262 534 cti
295 498 335 532 et
366 492 668 541 congruentem
699 485 1014 537 dispositionem
1048 482 1250 535 exposcit.

255 558 319 596 52.
350 555 451 604 Quid
479 553 718 604 importent.
746 552 794 590 In
823 549 968 602 primis
997 561 1174 588 necesse
1205 552 1267 587 est
1297 551 1341 586 ut
1370 546 1495 586 homo
1525 546 1679 593 vitam,
1710 545 1779 584 in-

203 622 452 675 tegritatem,
484 618 763 658 valetudinem
793 616 856 657 sui
887 614 1074 667 corporis
1107 618 1285 662 tueatur,
1321 612 1440 665 eique
1466 612 1594 652 noxia
1624 612 1676 652 ad
1705 625 1777 651 ra-

198 687 325 728 tionis
344 685 649 738 praescriptum
671 681 854 735 effugiat,
878 686 917 720 et
938 693 989 719 ea
1010 677 1195 717 vicissim
1225 682 1450 729 comparet,
1469 689 1575 729 quae
1597 676 1650 717 ad
1668 675 1779 715 vires

201 754 289 794 eius
318 750 584 799 reficiendas,
606 747 935 794 conservandas,
956 744 1187 798 augendas,
1209 743 1292 783 sint
1320 749 1618 783 consentanea.
1642 743 1782 795 Opor-

203 823 260 858 tet
289 816 415 857 etiam
443 822 488 854 ut
516 813 649 853 labori
678 812 813 865 ipsum
843 810 1036 858 addicat,
1066 822 1118 848 ne
1151 807 1245 848 odio
1278 807 1495 857 tabescat;
1527 815 1650 860 atque
1679 807 1777 847 inde

202 880 422 922 commoda
443 885 482 919 et
504 885 644 919 cetera
659 876 769 916 vitae
788 874 1043 915 adminicula
1072 873 1300 925 conquirat;
1318 872 1375 912 ita
1391 878 1532 911 tamen
1550 881 1595 912 ut
1613 871 1780 910 modum

201 951 352 994 servet,
383 941 733 997 quemadmodum
768 951 940 980 servare
970 937 1090 977 debet
1114 936 1155 975 in
1177 935 1381 984 omnibus,
1423 947 1530 988 quae
1569 946 1652 974 non
1681 934 1777 974 finis

202 1013 276 1053 sed
296 1011 420 1051 medii
440 1009 645 1049 rationem
676 1006 843 1046 habent.
876 1006 932 1045 Ut
953 1003 1063 1044 enim
1084 1003 1209 1042 homo
1231 1007 1476 1054 paupertate
1498 1013 1667 1053 pressus
1696 1014 1776 1040 ne—

202 1077 403 1119 cessariis
432 1081 560 1123 caret,
592 1079 632 1114 et
651 1073 727 1113 nisi
751 1072 901 1111 virtute
931 1069 1115 1110 animum
1146 1069 1266 1109 valde
1288 1065 1490 1116 obfirmet,
1508 1067 1780 1108 occasionem

202 1143 406 1197 peccandi
437 1142 585 1194 capiet;
618 1140 679 1180 sic
709 1138 777 1192 qui
807 1137 960 1178 divitiis
989 1137 1082 1189 plus
1111 1148 1245 1188 aequo
1274 1134 1423 1183 affluit,
1454 1134 1683 1187 periculum
1713 1134 1784 1173 in-

202 1208 329 1248 currit
345 1221 397 1247 ne
417 1207 514 1247 illae
534 1219 618 1245 non
640 1211 724 1244 tam
744 1202 986 1243 adiumenta
1005 1200 1091 1248 fini,
1113 1200 1165 1240 ad
1186 1213 1308 1252 quem
1330 1198 1469 1248 tendit,
1492 1212 1615 1252 quam
1639 1198 1776 1250 potius

200 1271 493 1325 impedimenta
513 1268 787 1321 suppeditent.
805 1268 1055 1318 Plerumque
1081 1265 1191 1304 enim
1221 1264 1534 1304 commodorum
1551 1263 1677 1315 copia
1696 1263 1783 1302 ani-

201 1349 314 1375 mum
344 1334 501 1375 emollit
529 1346 579 1373 ac
604 1332 769 1372 facilem
800 1330 910 1369 viam
941 1329 1052 1369 vitiis
1082 1329 1238 1369 sternit.
1271 1328 1436 1369 Diutius
1469 1340 1553 1367 non
1580 1327 1782 1367 immoror

201 1401 240 1440 in
272 1399 563 1440 minutioribus
592 1396 1003 1450 praescriptionibus,
1030 1408 1126 1434 cum
1146 1394 1269 1434 facile
1285 1407 1357 1446 per
1378 1406 1425 1432 se
1445 1398 1616 1444 pateant
1632 1398 1671 1432 et
1688 1405 1783 1444 gra-

205 1465 324 1505 viora
353 1476 430 1503 nos
460 1468 651 1514 urgeant.
681 1461 816 1501 Venio
847 1460 983 1513 potius
1013 1459 1066 1498 ad
1096 1457 1365 1511 quaestiones
1395 1456 1644 1505 nonnullas,
1676 1468 1784 1509 quae

213 1545 306 1571 cum
327 1531 408 1570 hac
429 1529 607 1570 materia
635 1528 778 1568 intime
808 1530 1125 1567 connectuntur.

764 1707 1236 1750 PROPOSITIONES.

259 1859 322 1897 53.
353 1858 612 1896 PRoposirio
643 1853 700 1893 1³.
740 1853 959 1893 violentas
988 1852 1070 1892 sibi
1098 1864 1252 1892 manus
1284 1849 1459 1890 iniicere
1481 1881 1490 1898 ,
1514 1848 1785 1902 prohibitum

208 1924 272 1962 est
297 1921 393 1961 iare
425 1922 622 1959 naturae.

261 1984 387 2025 Prob.
419 1983 513 2023 Fuit
528 1982 610 2022 iam
633 1981 868 2021 Stoicorum
891 1979 1030 2033 opinio
1051 1994 1176 2033 posse
1196 1980 1441 2032 sapientem,
1462 1978 1497 2019 si
1518 1977 1783 2031 gravissimis

206 2056 419 2104 prematur
450 2049 669 2102 angustiis,
700 2054 848 2101 sponte
883 2061 905 2087 e
941 2047 1025 2087 vita
1053 2049 1248 2100 migrare,
1278 2046 1553 2087 interimendo
1583 2044 1783 2097 seipsum.

208 2118 342 2164 Quem
364 2129 547 2156 errorem
568 2115 788 2155 renovavit
805 2113 993 2154 nefarius
1013 2121 1160 2154 auctor
1183 2113 1439 2164 Systematc's
1470 2113 1654 2150 naturae
1670 2125 1684 2157 ,·
1716 2109 1787 2162 qui

211 2184 363 2236 ineptis
385 2182 634 2236 quibusdam
656 2181 846 2229 fallaciis,
867 2194 972 2233 quas
992 2180 1165 2220 inferius
1182 2180 1472 2227 dissolvemus‚
1494 2177 1725 2218 staffordiam
1744 2175 1787 2214 li-

209 2250 336 2290 citum
359 2263 455 2290 esse
471 2249 703 2288 blateravit.
721 2249 777 2288 At
792 2261 914 2288 nemo
935 2260 1020 2287 non
1038 2247 1158 2295 videt,
1170 2245 1407 2285 huiusmodi
1429 2244 1592 2284 facinus
1609 2248 1788 2283 naturae

209 2313 440 2361 adversari,
454 2326 546 2352 cum
565 2311 793 2364 perpetrari
810 2312 861 2351 ab
878 2311 1046 2351 homine
1063 2317 1254 2362 nequeat,
1271 2310 1371 2362 quin
1388 2309 1528 2349 officia
1543 2307 1789 2361 pessumdet

210 2380 312 2428 Deo,
334 2379 589 2431 sibimetipsi,
613 2385 652 2418 et
671 2377 862 2418 societati
880 2377 1028 2417 debita.
1046 2377 1098 2416 Et
1117 2390 1161 2416 re
1182 2376 1346 2429 quidem
1369 2389 1480 2424 vera,
1499 2376 1625 2423 Deus,
1642 2387 1786 2414 rerum

214 2451 361 2485 auctor
382 2451 422 2486 et
442 2450 726 2493 conservator,
747 2443 875 2483 vitam
895 2456 979 2482 non
1001 2443 1061 2482 sic
1082 2442 1240 2482 homini
1264 2441 1440 2494 largitus
1461 2447 1535 2489 est,
1556 2448 1600 2480 ut
1623 2440 1672 2479 de
1691 2440 1788 2490 ipsa

212 2509 266 2549 ad
296 2508 511 2548 arbitrium
543 2508 748 2560 disponat,
778 2508 853 2547 sed
883 2514 927 2546 ut
956 2520 1008 2547 ea
1036 2506 1089 2546 ad
1118 2506 1305 2546 ordinem
1335 2506 1550 2553 moralem,
1580 2516 1659 2556 quo
1686 2515 1791 2542 vera

210 2574 395 2614 hominis
425 2573 645 2614 destinatio
667 2573 913 2621 continetur,
943 2572 1253 2626 procurandum
1283 2571 1603 2624 augendumque
1635 2573 1790 2608 utatur.

203 2641 367 2681 Modus
387 2647 525 2679 autem
546 2646 585 2679 et
606 2653 816 2688 mensura,
839 2653 921 2692 qua
941 2640 994 2679 ad
1015 2639 1296 2678 universalem
1316 2638 1429 2677 hunc
1449 2637 1576 2675 finem
1597 2633 1791 2674 conferre

211 2721 381 2760 operam
399 2706 571 2759 quisque
589 2705 723 2754 debet,
747 2719 773 2744 a
789 2705 930 2744 divina
947 2703 1216 2744 Providentia
1233 2702 1541 2750 determinatur,
1559 2713 1633 2752 pro
1650 2705 1790 2740 status

212 2773 465 2820 conditione,
488 2771 756 2823 temporibus,
783 2771 945 2811 eventis
970 2771 1013 2810 in
1043 2770 1191 2823 quibus
1213 2768 1486 2809 constituitur.
1519 2767 1642 2808 Unde
1662 2766 1791 2805 homo

214 2839 442 2879 dominium
469 2837 660 2890 propriae
690 2836 964 2876 exsistentiae
992 2849 1078 2876 non
1106 2835 1244 2883 habet,
1275 2834 1348 2874 sed
1369 2835 1502 2874 solum
1524 2846 1658 2882 usum3
1689 2830 1790 2878 fini,

213 2919 336 2958 quem
364 2903 551 2944 vdiximus
571 2935 580 2951 ,
617 2909 928 2955 congruentem.
965 2901 1008 2942 Si
1047 2901 1182 2954 igitur,
1221 2913 1517 2941 aerumnarum
1549 2897 1784 2951 impatiens,
