1970 3203
279 245 330 284 92
932 256 1152 284 ETHmA

278 332 453 373 rationis
483 331 608 384 viget,
641 332 715 371 sed
737 331 941 372 obiective
971 337 1194 384 spectetur,
1225 333 1359 384 quoad
1379 337 1603 384 praecepta
1632 345 1738 385 quae
1769 345 1859 384 pro·

278 396 420 449 ponit,
452 411 546 436 cum
577 397 669 448 ipsa
698 397 791 448 lege
821 402 1005 445 aeterna,
1036 404 1157 449 prout
1184 396 1237 436 ad
1266 409 1344 436 nos
1375 396 1552 436 refertur
1577 402 1617 436 et
1641 396 1854 445 ¹obiective

277 460 432 512 pariter
453 460 758 510 consideratur,
781 461 1059 502 confunditur.
1091 461 1137 500 Id
1158 461 1269 501 enim
1288 461 1438 513 ipsum,
1457 461 1567 514 quod
1588 461 1655 500 lex
1680 466 1856 500 aeterna

280 523 494 576 praecipit,
518 524 751 576 iniungitur
779 538 806 564 a
828 525 921 578 lege
936 525 1130 575 naturali;
1152 538 1258 578 quae
1279 525 1332 565 ab
1359 524 1431 564 illa
1449 539 1535 565 non
1563 525 1683 565 aliter
1705 524 1854 573 differt,

280 589 359 629 nisi
390 591 498 643 quod
530 591 664 643 prima
697 592 832 644 legem
863 591 1057 644 exprimit
1086 599 1204 644 prout
1224 591 1267 630 in
1296 604 1490 643 supremo
1520 591 1762 644 legislatore
1783 597 1860 638 est,

283 656 418 696 altera
447 671 546 697 vero
572 658 762 697 eamdem
785 657 998 710 significat
1017 664 1140 710 prout
1168 657 1364 710 recipitur
1384 657 1426 696 in
1454 657 1636 698 homine.
1658 657 1777 705 Quod
1797 669 1860 696 sa-

281 720 447 773 pienter
477 722 637 761 Tullius
667 722 887 770 intellexit,
917 722 985 762 ubi
1007 723 1057 762 de
1075 722 1166 774 lege
1187 721 1256 761 ait:
1289 721 1421 761 «Lex
1454 721 1509 760 nil
1539 721 1650 760 aliud
1679 728 1754 769 est,
1776 719 1859 759 nisi

281 795 413 834 recta,
436 791 475 825 et
497 799 523 825 a
544 787 718 826 numine
739 787 923 827 Deorum
944 793 1080 826 tracta
1099 786 1201 826 ratio
1218 787 1294 839 (1).
1314 800 1333 824 »
1360 778 1410 826 Et
1425 785 1535 826 alibi:
1559 786 1717 826 «Hanc
1739 785 1860 824 video

280 851 694 902 sapientissimorum
709 852 838 893 fuisse
855 853 1120 901 sententiam,
1142 853 1280 904 legem
1300 865 1434 905 neque
1454 852 1669 892 hominum
1685 851 1865 905 ingeniis

281 916 567 968 excogitatam
586 950 595 966 ,
631 931 710 957 nec
742 918 894 958 scitum
925 918 1092 971 aliquod
1123 931 1216 958 esse
1246 917 1504 971 populorum;
1540 919 1613 958 sed
1643 927 1861 959 aeternum

281 982 493 1034 quiddam,
525 985 634 1036 quod
664 984 909 1024 universum
939 985 1139 1025 mundum
1169 991 1346 1037 regeret,
1380 985 1613 1038 imperandi
1641 984 1860 1037 prohiben-

281 1047 402 1100 dique
432 1050 653 1102 sapientia.
684 1052 748 1090 Ita
781 1050 1011 1104 principem
1041 1052 1177 1104 legem
1207 1052 1322 1091 illam
1361 1058 1403 1091 et
1429 1051 1643 1101 ultimam,
1675 1057 1859 1092 mentem

281 1127 378 1154 esse
409 1115 605 1157 dicebant
625 1117 768 1157 omnia
796 1119 958 1158 ratione
980 1126 1052 1158 aut
1073 1119 1262 1171 cogentis
1291 1124 1362 1158 aut
1389 1118 1572 1159 vetantis
1594 1118 1682 1158 Dei:
1705 1131 1758 1158 ex
1779 1129 1860 1170 qua

279 1177 351 1217 illa
380 1179 461 1228 lex,
493 1194 618 1232 quam
653 1180 721 1220 Dii
752 1182 938 1222 humano
967 1183 1110 1235 generi
1142 1183 1366 1231 dederunt,
1397 1189 1511 1222 recte
1542 1189 1605 1223 est
1634 1183 1858 1222 laudata...

285 1243 386 1282 Erat
418 1244 526 1283 enim
559 1245 678 1293 ratio,
709 1246 900 1297 profecta
929 1261 955 1286 a
982 1260 1119 1287 rerum
1149 1253 1301 1287 natura
1330 1254 1369 1287 et
1398 1246 1451 1286 ad
1479 1255 1594 1288 recte
1623 1246 1861 1287 faciendum

283 1307 503 1360 impellens
533 1316 573 1350 et
595 1324 621 1349 a
650 1310 804 1350 delicto
835 1324 1036 1359 avocans,
1062 1324 1169 1364 quae
1194 1324 1279 1350 non
1308 1317 1394 1350 tum
1425 1310 1600 1363 denique
1628 1309 1771 1362 incipit
1791 1300 1874 1348 lexv

285 1383 407 1420 esse,
439 1386 534 1411 cum
567 1373 726 1426 scripta
757 1382 844 1425 est;
876 1377 949 1416 sed
979 1390 1073 1415 cum
1104 1382 1196 1415 orta
1230 1382 1305 1416 est.
1348 1375 1451 1416 Orta
1478 1382 1618 1415 autem
1649 1375 1769 1414 simul
1799 1380 1863 1414 est

285 1447 380 1473 cum
412 1443 551 1476 mente
583 1437 737 1478 divina.
769 1440 1049 1486 Quamobrem
1079 1441 1148 1480 lex
1177 1453 1279 1479 vera
1307 1447 1430 1492 atque
1451 1439 1657 1492 princeps,
1691 1444 1789 1491 apta
1809 1437 1863 1477 ad

280 1499 510 1539 iubendum
543 1510 583 1541 et
612 1503 665 1541 ad
696 1504 934 1552 vetandum,
964 1504 1070 1546 ratio
1100 1511 1164 1544 est
1191 1510 1308 1544 recta
1336 1504 1488 1543 summi
1518 1503 1632 1542 Iovis
1665 1503 1738 1554 (2).
1762 1516 1782 1539 »

333 1564 522 1605 Adverte
552 1567 734 1616 tandem,
766 1568 903 1621 legem
924 1575 1151 1617 aeternam,
1183 1582 1289 1621 quae
1317 1567 1360 1606 in
1381 1569 1468 1607 Deo
1490 1574 1702 1618 tamquam
1734 1565 1776 1604 in
1798 1579 1862 1605 su-

279 1643 426 1682 premo
457 1633 657 1684 principe,
679 1635 821 1674 omnia
849 1635 1053 1687 dirigente
1073 1643 1113 1676 et
1142 1635 1371 1683 ordinante,
1403 1632 1572 1685 reperiri
1603 1632 1767 1680 dicitur,
1786 1644 1855 1671 re—

281 1693 446 1745 spicere
476 1697 590 1735 solas
621 1698 811 1738 actiones
846 1686 1159 1746 creaturarum,
1198 1711 1282 1738 non
1312 1711 1412 1737 vero
1450 1697 1564 1749 ipsas
1594 1695 1861 1748 operationes

281 1760 457 1810 divinas,
474 1763 594 1814 quasi
612 1764 726 1804 Deus
742 1764 784 1803 in
801 1766 1010 1817 operando
1028 1765 1110 1817 legi
1126 1764 1379 1806 subiiciatur.
1401 1764 1488 1804 Etsi
1505 1763 1616 1803 enim
1635 1761 1862 1801 dictamina

280 1827 445 1868 divinae
467 1829 697 1880 sapientiae
720 1831 900 1883 dirigant
916 1831 1220 1884 quodammodo
1243 1830 1426 1870 divinam
1457 1830 1725 1877 voluntatem,
1749 1841 1857 1881 quae

278 1893 391 1933 aliud
421 1895 527 1934 velle
558 1908 641 1934 non
663 1902 816 1948 potest,
848 1897 928 1937 nisi
958 1897 1000 1937 id
1029 1898 1138 1950 quod
1159 1911 1183 1936 a
1214 1896 1356 1935 divina
1376 1895 1583 1948 sapientia
1612 1894 1862 1947 proponitur

279 1965 322 1999 ut
347 1960 498 2001 iustum
521 1975 561 2001 et
581 1969 752 2012 rectum,
787 1963 1058 2004 nihilominus
1089 1963 1316 2004 dictamina
1336 1963 1538 2002 eiusmodi
1568 1967 1761 2014 respectu
1783 1961 1858 2001 Dei

278 2027 484 2066 rationem
515 2028 622 2080 legis
652 2028 808 2068 habere
830 2042 914 2068 non
935 2037 1119 2081 possunt.
1143 2031 1236 2069 Non
1258 2029 1369 2068 enim
1390 2028 1640 2068 exhibentur
1676 2034 1718 2066 ut
1747 2027 1864 2067 iussa

280 2091 509 2143 superioris
531 2092 763 2142 cuiusdam,
794 2093 861 2132 cui
893 2095 1006 2134 Deus
1026 2100 1183 2146 pareat,
1214 2093 1289 2133 sed
1310 2093 1452 2145 vigent
1476 2092 1518 2131 in
1540 2100 1678 2131 mente
1708 2091 1881 2139 divina,¹

279 2165 491 2209 tamquam
510 2157 662 2197 iudicia
678 2172 790 2198 mere
811 2159 1043 2199 indicantia
1058 2160 1153 2212 quid
1171 2159 1318 2199 deceat
1333 2172 1385 2198 ac
1401 2171 1539 2198 rerum
1557 2164 1734 2197 naturae
1755 2171 1862 2197 con-

279 2223 431 2263 veniat.
464 2224 571 2263 Huic
601 2231 739 2265 autem
771 2225 902 2264 ordini
932 2239 1034 2265 suae
1063 2225 1295 2278 sapientiae
1325 2224 1542 2264 adversari
1565 2224 1679 2263 Deus
1701 2223 1863 2276 nequit,

279 2300 363 2326 non
392 2287 488 2340 quia
508 2288 761 2340 obligatione
790 2290 872 2329 ulla
900 2289 1198 2342 adstringatur,
1224 2289 1298 2329 sed
1327 2288 1423 2340 quia
1452 2288 1513 2328 sic
1545 2287 1726 2340 exquirit
1755 2300 1852 2339 per-

280 2350 402 2391 fectio
423 2352 587 2392 divinae
609 2354 846 2403 voluntatis,
869 2367 975 2406 quae
995 2354 1233 2393 rectissima
1253 2359 1315 2393 est
1335 2361 1376 2394 et
1396 2366 1611 2405 nunquam
1632 2365 1658 2391 a
1679 2351 1855 2403 sapien-

282 2418 338 2457 tia
369 2417 629 2471 disiungitur.

803 2549 1045 2589 Solvuntur
1073 2549 1356 2602 dffcttltates.

330 2679 394 2719 94.
428 2679 555 2719 Obiz'c.
580 2681 610 2719 I.
635 2681 792 2720 Contra
811 2680 1101 2720 exsistentiam
1123 2679 1227 2731 legis
1249 2677 1474 2738 naturalis.¹
1499 2677 1542 2717 Si
1563 2677 1633 2716 lex
1654 2677 1862 2716 naturalis

279 2751 391 2784 esset
412 2744 453 2783 in
474 2745 655 2793 homine,
673 2746 845 2786 libertas
867 2746 1002 2786 omnis
1023 2746 1072 2786 de
1095 2744 1229 2785 medio
1251 2745 1482 2796 pelleretur.
1507 2744 1597 2782 Lex
1617 2742 1729 2782 enim
1750 2755 1854 2782 coa-

280 2811 460 2851 ctionem
482 2819 523 2851 et
542 2812 838 2851 necessitatem
860 2811 1045 2864 imponit,
1067 2811 1184 2863 isque
1207 2811 1381 2850 effectus
1401 2809 1593 2862 proprius
1614 2809 1721 2862 legis
1743 2814 1817 2848 est.

327 2917 379 2958 (1)
404 2917 593 2961 Pltz'lippic.
610 2919 643 2956 2,
669 2928 700 2950 n.
724 2919 774 2950 19.

324 2973 374 3013 (2)
399 2973 453 3005 De
476 2972 629 3013 Zcgyibccs,
650 2971 706 3004 lib.
731 2972 760 3010 2,
784 2982 812 3003 c.
842 2972 870 3003 4.
