1970 3203
219 220 355 247 CAPUT
372 218 410 245 11.
432 217 485 244 DE
505 217 768 244 OPERATIONE
790 218 968 244 HUMANA
989 217 1128 244 PROUT
1149 218 1391 244 ORDINATUR
1412 218 1452 244 IN
1476 217 1605 244 FINEM
1652 204 1702 244 75

146 295 287 334 ordine
308 306 480 340 morum,
502 305 575 332 seu
595 298 715 344 prout
736 291 926 331 virtutem
952 301 1025 333 aut
1044 292 1185 331 vitium
1214 291 1480 331 constituunt.
1507 291 1575 330 Sic
1596 303 1705 329 sum-

143 366 234 411 ptus
263 358 428 397 habitus
458 357 617 397 definiri
648 363 811 408 potest:
845 357 1043 402 Qualitas
1072 370 1157 410 qua
1187 357 1417 397 subiectam
1456 355 1701 408 disponitur·

144 425 200 464 ad
226 426 326 464 bene
356 425 417 462 vel
447 424 556 462 male
586 423 862 475 operandum.

187 490 247 529 76.
279 490 380 538 Quid
408 489 557 529 virtus.
588 487 731 526 Virtus
760 491 994 539 generatim
1026 488 1218 540 exprimit
1245 488 1453 541 quandam
1484 487 1696 540 potentiae

135 552 443 607 perfectionem.
475 553 526 592 Et
555 551 750 603 quoniam
781 552 974 602 potentia,
1005 558 1048 590 ut
1073 552 1166 590 talis
1197 560 1271 600 est,
1308 552 1520 591 ordinatur
1550 551 1602 589 ad
1631 563 1701 589 ac-

137 625 249 666 tum;
281 617 370 657 eius
400 617 598 669 perfectio
628 617 670 655 in
699 617 780 657 hoc
805 617 1006 664 consistit,
1039 623 1082 656 ut
1111 617 1222 656 actui
1244 618 1508 670 propinquior
1539 616 1706 656 efficia-

136 691 202 724 tur
223 716 231 731 ,
261 690 383 735 atque
418 684 470 722 ad
492 684 624 735 ipsum
656 683 915 730 eliciendum,
946 683 1080 735 quoad
1110 683 1199 722 fieri
1223 690 1367 735 potest,
1400 682 1709 722 determinetur.

139 748 249 787 Hinc
279 747 498 799 potentiae,
528 760 634 799 quae
664 760 716 786 ex
745 747 999 787 necessitate
1029 754 1170 799 agunt,
1202 760 1296 786 cum
1332 746 1414 785 sint
1444 747 1482 784 vi
1513 754 1704 792 naturae,

142 812 413 852 determinate
442 812 495 851 ad
524 825 649 850 unum
678 813 719 850 in
750 812 973 863 operando,
1004 825 1074 863 per
1108 825 1153 851 se
1182 811 1355 851 virtutes
1386 818 1598 850 vocantur.
1631 810 1703 848 Sic

88 930 93 936 .
144 878 291 917 dicitur
320 877 449 917 virtus
478 877 599 929 ignis,
632 878 760 916 virtus
790 878 981 929 plantae,
1014 878 1145 917 virtus
1174 877 1296 929 equi,
1328 884 1367 917 et
1396 877 1453 915 ita
1482 889 1615 929 porro.
1647 877 1703 914 At

144 943 353 996 potentiae
373 943 611 991 rationales,
634 957 739 996 quae
759 943 1191 983 indeterminationem
1213 943 1435 995 quamdam
1462 943 1618 982 habent
1638 955 1708 980 re-

144 1015 289 1062 spectu
319 1008 511 1061 plurium,
531 1016 656 1061 egent
684 1009 906 1052 habitibus,
928 1016 972 1048 ut
1002 1009 1054 1048 ad
1075 1016 1233 1060 partem
1265 1023 1391 1048 unam
1421 1022 1520 1060 prae
1551 1008 1634 1047 alia
1655 1007 1714 1045 in-

144 1074 375 1113 flectantur.
410 1073 463 1111 Hi
494 1073 617 1112 etiam
649 1072 822 1113 virtutes
850 1073 1138 1124 appellantur,
1170 1073 1258 1112 sive
1287 1073 1340 1112 ad
1370 1080 1528 1125 partem
1559 1084 1714 1124 cogno-

151 1137 340 1176 scitivam
369 1136 613 1188 pertineant,
644 1144 686 1176 ut
715 1136 914 1184 scientia,
947 1136 1035 1176 sive
1064 1137 1117 1175 ad
1148 1145 1306 1187 partem
1336 1136 1602 1187 appetitivam
1626 1167 1634 1182 ,
1665 1144 1708 1173 ut

143 1199 384 1240 liberalitas.
417 1201 498 1240 Sed
520 1200 727 1239 strictiore
743 1213 872 1240 sensu
894 1213 1046 1239 nomen
1078 1199 1239 1238 virtutis
1261 1199 1458 1250 competit
1487 1197 1711 1244 habitibus,

149 1279 254 1318 quae
284 1272 444 1318 partem
475 1266 743 1318 appetitivam
773 1275 1006 1314 exornant,
1038 1266 1104 1304 his
1133 1266 1241 1305 enim
1274 1266 1398 1304 homo
1429 1265 1576 1303 dicitur
1605 1264 1710 1303 sim-

145 1331 307 1383 pliciter
337 1332 479 1379 bonu8;
502 1345 595 1370 cum
625 1338 772 1371 contra
790 1332 1002 1372 habitibus
1023 1331 1374 1370 intellectualibus
1396 1331 1556 1369 dicatur
1583 1330 1717 1368 bonus

147 1397 378 1437 secundum
399 1397 506 1448 quid,
528 1410 676 1448 nempe
697 1397 831 1437 bonus
847 1398 1119 1448 philosophus
1141 1397 1205 1436 vel
1223 1397 1355 1436 bonus
1377 1396 1714 1436 mathematicus.

148 1462 199 1500 Et
219 1460 323 1499 ratio
352 1468 415 1499 est
434 1460 530 1512 quia
550 1461 715 1499 habitus
745 1461 993 1512 appetitivus
1019 1473 1101 1499 non
1132 1460 1253 1499 modo
1277 1460 1455 1512 disponit
1476 1461 1529 1498 ad
1558 1466 1710 1505 actum,

147 1526 222 1565 sed
242 1526 364 1565 etiam
395 1526 568 1564 inclinat
596 1526 648 1564 ad
677 1533 835 1564 rectum
862 1539 982 1564 usum
1013 1526 1122 1565 illius
1152 1525 1446 1576 dispositionis;
1483 1538 1576 1564 cum
1613 1538 1715 1563 usus

148 1591 424 1643 potentiarum
442 1604 468 1629 a
483 1591 522 1628 vi
543 1591 769 1643 appetitiva
789 1592 1028 1643 dependeat.
1048 1591 1117 1630 Sic
1133 1597 1265 1642 potest
1295 1591 1388 1642 quis
1418 1591 1526 1629 male
1557 1590 1613 1629 uti
1637 1603 1715 1629 sua

148 1655 326 1696 scientia
351 1658 416 1695 vel
445 1663 561 1704 arte;
592 1663 634 1695 at
665 1670 786 1696 nemo
808 1664 941 1708 potest
970 1657 1078 1695 male
1108 1656 1166 1694 uti
1186 1669 1263 1695 sua
1292 1657 1458 1695 iustitia.

203 1722 315 1761 Hinc
346 1722 476 1761 virtus
492 1722 663 1761 moralis
674 1723 867 1761 definitur
883 1736 908 1761 a
925 1723 964 1761 S.
979 1723 1229 1775 Augustino:
1242 1722 1368 1761 Βοηα
1386 1722 1576 1774 (finalitas
1598 1735 1717 1760 men-

152 1787 217 1834 tis,
235 1800 321 1839 qua
341 1790 449 1826 recle
471 1787 628 1825 vz'vitar
645 1790 683 1826 et
704 1800 822 1826 nemo
844 1777 955 1826 male
975 1787 1112 1826 utitur
1134 1789 1205 1837 (1).
1227 1786 1385 1826 Dicitur
1404 1788 1564 1834 mentis,
1588 1793 1629 1826 ut
1650 1787 1716 1826 in—

155 1852 314 1892 dicetur
330 1852 735 1905 subiectum,nempe
756 1854 934 1899 animus,
950 1853 1046 1892 licet
1061 1860 1255 1904 respectu
1271 1853 1546 1904 potentiarum
1565 1853 1715 1905 quibus

148 1915 377 1955 instruitur.
407 1916 582 1956 Additur
612 1916 720 1955 bona
750 1916 963 1968 qualitas,
995 1925 1038 1955 ut
1071 1915 1327 1966 exprimatur
1366 1923 1450 1954 tum
1482 1915 1679 1967 perfectio
1705 1949 1712 1963 ,

151 1991 272 2030 quam
304 1979 435 2018 virtus
464 1979 598 2026 affert,
629 1987 713 2018 tum
735 1992 869 2031 genus
898 1979 1021 2018 huius
1046 1979 1324 2031 perfectionis.
1358 1980 1462 2017 Nam
1494 1979 1624 2017 virtus
1646 1987 1712 2018 est

151 2044 404 2083 conveniens
426 2044 639 2096 dispositio
664 2045 841 2091 animae,
872 2045 979 2084 sicut
1000 2045 1229 2096 pulcritudo
1260 2052 1300 2084 et
1325 2044 1485 2083 sanitas
1516 2051 1614 2083 sunt
1634 2045 1709 2084 de-

149 2108 259 2148 bitae
289 2109 580 2161 dispositiones
601 2111 797 2162 corporis.
819 2111 1015 2150 Inhaeret
1036 2117 1174 2150 autem
1197 2123 1270 2161 per
1292 2110 1457 2148 modum
1492 2110 1716 2162 qualitatis,

151 2187 244 2213 curn
265 2174 317 2213 sit
336 2175 515 2223 habitus,
546 2175 625 2227 qui,
648 2182 691 2214 ut
715 2176 757 2214 in
779 2175 1073 2228 Metaphysica
1103 2176 1256 2214 dictum
1278 2182 1351 2222 est,
1377 2176 1429 2214 ad
1450 2188 1583 2227 genus
1619 2189 1718 2228 qua-

150 2239 275 2279 litatis
290 2239 476 2281 refertur.
494 2241 683 2293 Denique
704 2241 862 2293 reliqua
884 2241 1089 2280 vocabula
1108 2254 1193 2293 qua
1216 2245 1325 2280 recte
1347 2241 1505 2279 vivitur
1530 2244 1571 2279 et
1592 2254 1709 2280 nemo

151 2304 261 2342 male
293 2305 439 2352 utitur,
470 2304 709 2356 exprimunt
737 2305 922 2344 ordinem
957 2305 1009 2343 ad
1038 2313 1190 2351 actum,
1222 2304 1298 2343 sub
1337 2304 1489 2355 duplici
1519 2312 1712 2355 respectu

149 2368 313 2420 proprio
345 2369 504 2408 virtutis
533 2370 704 2409 moralis
727 2405 736 2418 ,
766 2376 970 2422 quatenus
998 2383 1147 2421 nempe
1184 2382 1268 2408 non
1297 2369 1419 2408 modo
1459 2369 1633 2409 inclinat
1660 2371 1711 2409 ad

152 2431 306 2471 bonam
337 2433 632 2483 operationem,
662 2435 734 2473 sed
765 2434 890 2474 etiam
921 2433 974 2472 ad
1004 2433 1156 2472 bonnm
1189 2446 1325 2472 usum.

205 2495 266 2534 77.
299 2495 400 2543 Quid
428 2496 588 2536 vitium.
620 2496 846 2548 Dispositio
886 2497 1097 2536 contraria
1135 2497 1275 2536 virtuti
1313 2502 1376 2536 est
1407 2496 1548 2536 vitium
1571 2529 1580 2545 ,
1607 2497 1713 2549 quod

150 2567 213 2600 est
241 2561 412 2601 habitus
442 2562 598 2609 malus;
629 2571 669 2601 et
697 2562 927 2614 generatim
958 2562 1150 2602 consistit
1178 2563 1220 2601 in
1251 2563 1357 2610 hoc,
1390 2568 1433 2601 ut
1470 2563 1721 2609 subiectum,

150 2624 285 2676 quoad
314 2624 622 2675 operationem,
653 2626 773 2666 aliter
802 2626 1048 2677 disponatur
1069 2659 1078 2674 ,
1109 2639 1233 2679 quam
1270 2627 1359 2666 eius
1388 2633 1539 2667 natura
1568 2626 1714 2679 poscit.

150 2687 258 2726 ‚Cum
288 2700 387 2727 vero
416 2694 566 2727 natura
585 2690 767 2729 hominis
797 2690 849 2729 sit
874 2690 1101 2738 rationalis,
1127 2690 1269 2729 vitium
1300 2691 1341 2730 in
1370 2704 1524 2743 genere
1545 2703 1721 2736 morum,

155 2749 197 2787 in
224 2755 382 2788 tantum
401 2750 558 2790 homini
579 2760 794 2804 repugnat,
815 2753 855 2792 in
877 2760 1076 2805 quantum
1108 2763 1315 2806 repugnat
1339 2755 1498 2794 rationi.
1532 2755 1642 2793 Hinc
1669 2754 1723 2791 vi-

157 2815 430 2865 tuperationis
463 2817 631 2857 ductum
662 2824 725 2858 est
754 2832 921 2859 nomen.

157 2950 159 2953 .
205 2919 254 2960 (1)
281 2920 420 2953 Contra
443 2923 645 2961 Iulianum,
671 2924 726 2956 lib.
751 2924 810 2962 IV,
836 2935 862 2956 c.
887 2927 912 2957 3.
