1970 3203
195 183 275 224 202
573 198 638 224 ius
669 196 910 224 NATURAE-
929 195 1037 223 PARS
1067 195 1104 221 11.
1135 195 1202 222 lus
1233 195 1406 223 sociALE

193 273 307 314 curis
323 275 498 314 reficere
514 287 565 314 ac
587 275 738 314 levare.
757 274 942 325 Uterque
963 277 1101 312 autem
1117 278 1201 312 tam
1223 280 1339 312 arcto
1360 274 1586 315 iunctionis
1604 275 1772 316 vinculo

191 351 237 377 se
268 343 411 377 mutuo
433 337 562 378 teneri
583 337 830 389 intelligant,
863 342 906 377 ut
934 349 1043 377 unus
1064 336 1229 376 animus
1257 337 1300 376 in
1322 338 1483 378 duobus
1503 339 1556 379 sit
1584 339 1775 392 corpori-

189 403 284 451 bus,
302 416 352 443 ac
383 403 556 454 proinde
585 402 694 442 idem
716 402 901 442 sentiant
921 408 961 442 et
990 402 1130 451 velint,
1151 416 1301 456 resque
1329 403 1499 444 alterius
1520 405 1573 444 ad
1593 406 1771 446 alterum

190 469 400 520 pertinere
430 468 696 517 arbitrentur,
726 474 865 521 utpote
886 469 953 522 qui
974 468 1160 508 eiusdem
1184 467 1375 509 fortunae
1398 476 1494 510 sunt
1513 471 1628 511 socii.
1651 471 1770 518 Quod

193 532 316 572 facile
346 534 427 581 fiet,
459 532 494 572 si
524 546 711 573 amorem
741 533 869 582 illum,
894 533 1002 572 unde
1032 533 1223 585 primitus
1252 535 1305 574 ad
1334 534 1643 575 matrimonium
1671 536 1764 577 ine-

196 598 354 637 undum
384 599 483 639 moti
514 605 621 648 sunt,
652 599 802 653 iugiter
832 612 1001 640 servare
1032 612 1082 638 ac
1113 598 1254 639 fovere
1284 601 1489 641 studeant.

813 730 1060 769 ARTlcULUs
1090 730 1163 768 III.

596 860 663 898 De
695 860 1072 900 indissolubilitate
1101 861 1385 900 matrimonii.

245 992 308 1030 11.
329 991 457 1031 Error
477 991 829 1031 Protestantismi.
853 991 931 1038 Qui
959 992 1300 1043 protestantismo
1329 993 1562 1034 adhaerent
1583 995 1774 1047 philoso-

191 1055 274 1106 phi,
291 1056 482 1106 quamvis
499 1062 539 1094 et
560 1055 636 1107 ipsi
659 1054 928 1096 divortiorum
950 1056 1162 1097 licentiam
1184 1057 1504 1109 reprehendant,
1530 1064 1669 1099 tamen
1691 1073 1768 1112 ge-

190 1122 367 1161 neratim
396 1122 706 1161 matrimonium
735 1122 908 1163 dissolvi
937 1136 1061 1175 posse
1091 1123 1238 1171 aiunt,
1270 1130 1438 1176 propter
1480 1125 1770 1165 intolerandos

188 1188 434 1229 alterutrius
464 1188 656 1241 coniugis
686 1201 824 1228 mores
845 1194 917 1228 aut
946 1201 1120 1240 gravem
1140 1188 1266 1227 aliam
1289 1203 1476 1237 causam,
1498 1190 1632 1241 qualis
1654 1197 1768 1230 esset

189 1252 454 1301 adulterium,
467 1254 678 1293 malitiosa
696 1253 891 1302 desertio,
908 1260 979 1293 aut
994 1253 1191 1306 quidquid
1205 1253 1318 1293 aliud
1333 1253 1407 1292 fini
1424 1255 1606 1307 coniugii
1627 1255 1774 1294 adver-

190 1322 319 1356 satur.
350 1317 505 1356 Contra
535 1318 740 1357 Doctores
770 1317 967 1358 catholici
987 1317 1395 1359 indissolubilitatem
1417 1319 1670 1359 matrimonii
1691 1319 1770 1358 ab·

190 1382 326 1422 solute
356 1388 535 1422 tuentur.

245 1448 306 1485 12.
336 1446 422 1487 Duo
453 1447 725 1503 advertenda.
758 1448 813 1487 Ut
844 1448 922 1487 rite
951 1448 1241 1498 procedamus,
1265 1448 1345 1487 duo
1376 1453 1473 1488 ante
1502 1448 1769 1488 advertimus.

190 1513 390 1552 Primum:
421 1526 515 1551 cum
537 1526 620 1552 non
642 1513 692 1552 de
722 1526 766 1553 re
786 1513 1003 1553 abstracta
1032 1514 1106 1553 sed
1127 1514 1177 1553 de
1198 1514 1475 1562 matrimonio,
1508 1515 1630 1567 quale
1659 1528 1770 1555 nunc

189 1579 304 1631 viget
333 1579 701 1619 sermocinandum
717 1580 782 1628 sit,
804 1581 844 1619 in
866 1593 997 1632 eoque
1015 1580 1331 1619 determinando
1354 1580 1495 1619 divina
1515 1586 1702 1632 potestas
1724 1594 1770 1621 se

189 1647 426 1686 immediate
456 1646 695 1698 ingesserit;
727 1660 811 1686 non
840 1647 980 1700 ita-ex
1000 1646 1087 1686 iure
1117 1654 1293 1685 naturae
1315 1646 1550 1685 definienda
1578 1646 1767 1699 quaestio

190 1716 266 1760 est,
297 1717 341 1750 ut
371 1710 419 1750 de
440 1710 618 1762 positivo
648 1711 736 1750 Deo
767 1717 990 1762 praecepto
1022 1710 1190 1749 omnino
1213 1717 1414 1750 taceatur.
1437 1710 1609 1750 Deinde:
1629 1710 1773 1749 distin-

190 1778 403 1830 guendum
419 1782 482 1816 est
498 1776 717 1816 divortium
738 1776 1040 1829 imperfectum,
1065 1789 1139 1816 seu
1160 1776 1370 1828 separatio
1389 1777 1615 1828 coniugum
1632 1776 1769 1828 quoad

190 1843 543 1883 cohabitationem
564 1849 761 1883 manente
781 1841 960 1890 vinculo,
982 1855 1008 1880 a
1024 1841 1197 1881 divortio
1218 1841 1414 1894 perfecto,
1433 1842 1543 1894 quod
1564 1842 1775 1881 vinculum

188 1908 324 1960 ipsum
345 1907 566 1959 abrumpat
585 1920 636 1946 ac
653 1912 902 1959 potestatem
919 1907 972 1946 ad
992 1908 1125 1947 altera
1142 1913 1239 1947 vota
1256 1907 1500 1947 transeundi
1521 1906 1768 1959 coniugibus

191 1973 332 2014 faciat.
365 1974 443 2013 His
473 1974 710 2025 praeiactis,
741 1974 794 2012 ad
823 1972 1113 2026 quaestionem
1144 1974 1448 2013 enucleandam
1480 1974 1732 2014 accedimus.

755 2104 1223 2144 PROPOSITIONES.

245 2238 306 2276 13.
339 2238 596 2277 PRoposrrio
629 2236 684 2276 12.
715 2236 966 2276 Dioortiam
998 2237 1293 2289 imperfectam
1314 2269 1322 2284 ,
1354 2249 1428 2275 sea
1458 2235 1604 2288 quoad
1630 2237 1767 2275 solam

193 2302 561 2350 cohabitationem,
595 2302 759 2342 licitam
789 2302 1048 2355 quandoque
1079 2315 1166 2342 esse
1184 2304 1339 2354 potest.

245 2367 368 2406 Proh.
384 2366 586 2413 Quamvis
603 2366 924 2413 matrimonium,
942 2379 1014 2417 per
1033 2379 1079 2404 se
1096 2371 1342 2417 spectatum,
1361 2366 1613 2404 voluntatem
1630 2377 1771 2417 perpe-

191 2439 287 2473 tuae
308 2433 614 2473 coniunctionis
634 2432 675 2471 in
703 2432 871 2485 sponsis
897 2432 1103 2480 subaudit,
1126 2437 1165 2472 et
1186 2431 1225 2470 vi
1247 2445 1348 2472 suae
1369 2438 1546 2471 naturae
1566 2444 1775 2483 nunquam

191 2496 406 2545 dirimitur,
425 2504 566 2536 tamen
582 2496 826 2548 contingere
842 2501 1018 2548 possunt
1035 2496 1391 2544 circumstantiae,
1409 2509 1515 2548 quae
1537 2496 1647 2535 hanc
1664 2495 1774 2534 vitae

189 2562 434 2602 societatem
452 2563 756 2602 intolerandam
773 2563 968 2602 efficiant.
994 2563 1171 2603 Evenire
1189 2563 1298 2603 enim
1313 2570 1446 2615 potest
1459 2562 1585 2615 (quod
1602 2575 1654 2601 ne
1665 2561 1779 2602 acci·

190 2629 261 2668 dat
277 2628 388 2667 omni
407 2641 510 2667 cura
526 2629 759 2668 cavendum
783 2630 865 2680 est)
878 2634 921 2668 ut
941 2636 1108 2668 mutuus
1125 2643 1242 2669 amor
1257 2643 1341 2669 non
1358 2628 1480 2668 modo
1501 2627 1776 2676 defervescat,

191 2690 313 2732 sedid
326 2690 461 2730 odium
476 2693 814 2740 convertatur,ita
826 2699 868 2732 ut
884 2693 1162 2745 tranquillitas
1174 2693 1284 2732 vitae
1298 2700 1337 2733 et
1349 2692 1528 2744 pacifica
1545 2691 1693 2731 domus
1706 2705 1777 2744 gu-

191 2757 378 2797 bernatio
395 2757 539 2796 haberi
560 2759 738 2809 amplius
759 2766 950 2811 nequeat.
969 2760 1088 2798 Tunc
1106 2765 1220 2798 certe
1240 2758 1344 2798 ratio
1365 2758 1591 2810 persuadet
1613 2764 1657 2798 ut
1680 2770 1780 2797 con-

189 2823 310 2875 iuges
321 2824 373 2862 ad
391 2830 551 2875 tempus
563 2824 708 2862 saltem
727 2830 985 2875 separentur,
1000 2824 1132 2863 donec
1145 2826 1311 2863 mutuus
1323 2837 1440 2863 amor
1450 2823 1775 2875 redintegretur.

195 2889 358 2929 Pariter
378 2889 413 2929 si
435 2888 662 2940 coniugum
685 2890 883 2929 alteruter
899 2890 1020 2929 fidem
1045 2889 1300 2928 matrimonii
1323 2890 1460 2937 violet,
1481 2895 1554 2929 aut
1574 2901 1777 2942 perversa
