1970 3203
488 226 624 253 CAPUT
652 227 703 252 IV.
733 226 785 252 DE
816 224 983 252 OFFICIIS
1012 224 1183 252 HOMINIS
1211 224 1326 251 ERGA
1353 224 1474 251 Amos
1692 211 1768 249 175

199 305 275 344 rali
305 301 584 352 communioni
614 301 814 341 bonorum
843 302 1034 341 nuntium
1064 302 1238 351 dedisse,
1269 308 1312 342 ut
1340 303 1415 342 sub
1444 302 1605 354 legibus
1635 300 1769 340 civili-

200 370 275 409 bus
303 368 503 416 viverent,
534 380 757 419 earumque
788 367 828 406 vi
858 367 921 406 ius
944 367 1105 407 stabilis
1127 368 1386 420 proprietatis
1407 368 1670 420 acquirerent
1692 368 1765 418 (1).

250 436 306 474 At
324 433 431 472 haec
461 432 599 484 opinio
631 432 672 471 in
702 433 846 484 primis
868 446 921 472 ex
940 445 989 472 eo
1011 440 1171 484 peccat,
1193 434 1302 485 quod
1326 433 1457 473 falsae
1479 431 1699 485 hypothesi
1720 431 1768 470 de

197 506 309 540 statu
338 497 520 538 naturali
549 511 726 550 segrege
756 505 796 538 et
812 498 992 538 silvestri
1014 498 1180 537 nitatur.
1203 499 1375 547 Deinde,
1397 500 1588 539 effectum
1610 497 1774 537 univer-

198 563 329 603 salem
346 567 385 602 et
401 568 663 601 constantem
679 561 788 613 apud
803 574 949 600 omnes
966 562 1100 601 cultas
1117 569 1442 613 gentes‚causae
1460 562 1598 603 tribuit
1614 560 1770 602 contin-

200 628 314 680 genti
331 634 370 668 et
387 627 541 675 variae,
564 634 607 666 ut
623 634 734 667 certe
747 634 810 666 est
830 628 895 666 lex
918 627 1095 678 positiva
1116 629 1371 679 populorum.
1389 628 1541 676 Tertio,
1563 627 1770 680 quomodo

200 691 382 731 societas
402 690 604 730 divisione
627 690 782 729 telluris
802 690 866 730 ius
885 689 1045 730 stabilis
1076 691 1340 743 proprietatis
1374 693 1534 732 civibus
1557 692 1643 732 suis
1667 693 1770 732 dare

204 756 418 807 potuisset,
439 755 519 794 nisi
538 755 650 794 illam
668 763 764 794 ante
780 754 856 794 sibi
874 753 1128 794 vindicasset
1144 768 1194 793 ac
1211 755 1418 807 propriam
1433 755 1661 795 effecisset?
1678 757 1776 794 Pro-

205 819 311 858 fecto
332 832 455 858 nemo
476 819 695 870 disponere
715 825 849 870 potest
870 818 919 856 de
949 831 1005 865 re,
1026 831 1133 870 quae
1154 818 1243 858 eius
1264 819 1446 859 dominio
1469 819 1654 859 subiecta
1693 832 1777 858 non

205 885 337 925 suerit.
358 886 496 932 Quare
518 885 623 924 haec
644 885 852 925 sententia
871 885 924 923 ad
944 884 1113 924 dominii
1140 885 1344 937 originem
1366 886 1676 937 explicandam,
1698 885 1775 923 do-

204 948 375 987 minium
401 949 483 987 iam
506 956 684 996 enatum,
715 950 864 988 saltem
886 962 960 1000 pro
990 949 1205 998 societate,
1231 949 1436 989 subaudit.
1459 950 1630 996 Quarto,
1653 949 1687 988 si
1708 949 1777 987 lex

205 1012 339 1051 civilis
377 1012 669 1065 proprietatem
692 1021 819 1060 creat,
837 1013 971 1053 omnis
992 1013 1079 1052 eius
1096 1013 1335 1052 constitutio
1367 1013 1447 1052 hac
1464 1013 1504 1052 in
1522 1026 1565 1052 re
1586 1025 1720 1064 aequa
1740 1025 1776 1050 e-

205 1078 267 1127 rit,
289 1091 367 1118 nec
388 1079 539 1117 iustum
556 1078 608 1117 ab
629 1078 793 1126 iniusto,
809 1079 863 1118 ad
879 1079 1121 1131 qualitatem
1139 1079 1276 1130 legum
1293 1079 1400 1131 quod
1416 1079 1573 1126 attinet,
1592 1077 1776 1118 discerni

206 1141 366 1193 poterit.
391 1142 437 1180 Id
467 1148 607 1182 autem
637 1141 788 1181 salsum
809 1150 884 1191 est,
915 1142 1128 1194 siquidem,
1148 1142 1322 1183 docente
1344 1150 1504 1191 natura,
1528 1144 1645 1194 leges
1665 1142 1780 1193 ipsas

206 1207 352 1248 civiles
369 1208 421 1246 ad
437 1208 807 1260 praeexsistentem
828 1209 1009 1249 iustitiae
1030 1223 1220 1249 normam
1242 1223 1501 1256 revocamus,
1519 1222 1672 1261 easque
1695 1208 1781 1246 ini-

207 1285 312 1324 quas
341 1272 558 1319 habemus,
587 1272 622 1311 si
652 1273 747 1323 quid
777 1273 970 1312 sanciunt
1001 1274 1109 1325 quod
1137 1273 1212 1313 iuri
1244 1273 1506 1326 proprietatis
1523 1273 1782 1311 adversetur.

210 1338 409 1390 Denique,
430 1338 664 1377 huiusmodi
681 1339 888 1378 sententia
903 1339 1092 1379 eamdem
1115 1346 1256 1379 notam
1277 1339 1460 1387 incurrit,
1481 1351 1605 1390 quam
1627 1336 1782 1376 doctri-

212 1418 267 1444 na
285 1404 513 1451 Heineccii‚
536 1417 683 1456 nempe
704 1406 812 1457 quod
828 1405 892 1445 ius
914 1406 1175 1457 proprietatis
1192 1406 1312 1457 plane
1330 1405 1462 1452 diruit,
1483 1418 1534 1444 ac
1552 1405 1660 1443 viam
1678 1416 1782 1455 ape-

211 1467 264 1506 rit
294 1467 608 1506 communismo.
628 1467 670 1506 Si
691 1468 800 1507 enim
830 1468 895 1507 ius
912 1469 1173 1520 proprietatis
1202 1483 1228 1508 a
1257 1470 1347 1522 lege
1371 1469 1482 1509 civili
1511 1469 1706 1515 dimanat,
1734 1467 1786 1506 ab

212 1530 359 1569 eadem
389 1530 496 1569 demi
526 1531 684 1581 poterit,
721 1542 844 1583 atque
872 1532 930 1571 ita
958 1533 1288 1572 communismus
1307 1530 1442 1574 iustus
1477 1533 1637 1579 evadet,
1664 1531 1786 1570 modo

213 1595 518 1636 communistae
547 1596 612 1635 ius
637 1596 794 1636 ferendi
815 1598 943 1650 leges,
962 1611 1034 1638 seu
1050 1599 1259 1650 politicam
1291 1606 1549 1650 potestatem,
1573 1597 1784 1649 arripiant.

269 1660 332 1699 75.
364 1659 619 1701 PROPOSlTio
649 1662 705 1700 3²².
736 1661 811 1699 Ias
840 1662 1095 1713 acquirendi
1135 1662 1327 1701 stabilem
1357 1662 1671 1715 proprietatem
1703 1661 1785 1699 im-

218 1725 401 1765 mediate
430 1727 574 1765 oritur
603 1739 628 1765 α
660 1731 832 1766 natura.

271 1789 394 1829 Prob.
416 1790 551 1829 Homo
574 1790 763 1830 conditus
784 1804 809 1830 a
825 1792 912 1830 Deo
934 1798 1008 1839 est,
1030 1798 1073 1830 ut
1101 1792 1153 1830 ad
1173 1791 1384 1843 proprium
1408 1792 1534 1830 finem
1555 1804 1786 1843 assequen-

214 1857 309 1895 dum
327 1856 479 1897 nitatur
494 1856 657 1895 actibus
675 1856 773 1895 suis.
787 1857 868 1896 Sed
884 1857 1064 1896 conditio
1073 1864 1112 1896 et
1128 1857 1439 1896 fundamentum
1456 1857 1710 1908 operationis
1723 1862 1789 1896 est

215 1918 472 1959 exsistentia.
494 1920 604 1971 Ergo
625 1920 677 1959 ad
700 1920 810 1959 hanc
832 1920 1082 1959 servandam
1100 1921 1390 1972 tuendamque,
1412 1928 1451 1960 et
1472 1921 1524 1959 ad
1546 1933 1789 1972 comparan-

216 1984 269 2024 da
299 1984 446 2032 media,
468 1984 615 2036 quibus
645 1984 778 2024 eidem
799 1985 1000 2025 stabiliter
1021 1986 1296 2037 provideatur,
1321 1986 1384 2025 ius
1405 1985 1563 2024 homini
1593 1999 1619 2025 a
1639 1992 1791 2024 natura

217 2049 418 2089 tribuitur.
439 2051 485 2089 Id
517 2063 614 2090 vero
637 2050 828 2090 stabilem
853 2051 1144 2102 proprietatem
1166 2052 1371 2104 importat.
1394 2053 1486 2091 Non
1508 2050 1618 2091 enim
1652 2050 1728 2091 sibi
1749 2050 1790 2089 in

262 2268 311 2307 (1)
337 2268 503 2310 L’Esprit
526 2268 592 2300 des
615 2269 696 2306 lois,
718 2271 740 2300 t.
768 2270 797 2306 3,
820 2269 873 2300 liv.
897 2270 947 2307 26,
971 2270 1021 2302 ch.
1052 2270 1096 2301 15.
1120 2271 1289 2302 Eamdern
1307 2271 1380 2303 fere
1398 2270 1611 2303 sententiam
1630 2269 1795 2310 sequitur

219 2320 376 2352 'l‘oullier
399 2321 430 2353 in
454 2330 574 2362 opere,
590 2322 644 2353 cui
666 2322 802 2354 titulus:
820 2323 867 2355 Le
884 2322 985 2354 droit
1001 2323 1283 2364 &wilfi-anca&
1299 2324 1452 2356 saiwan(
1469 2323 1605 2356 l'ordt‘e
1619 2323 1668 2356 du
1687 2322 1795 2355 Cede.

219 2371 296 2403 Etsi
310 2371 398 2403 enim
414 2381 446 2404 111
465 2374 574 2410 statu,
598 2373 735 2405 civilem
758 2374 971 2406 societatem
987 2375 1235 2416 praecedente,
1247 2376 1279 2407 in
1296 2386 1366 2416 quo
1388 2375 1669 2408 communionem
1685 2375 1797 2407 bono-

220 2435 298 2457 rum
315 2425 515 2466 negativam
528 2426 686 2466 viguisse
704 2427 794 2465 dicit,
805 2428 859 2460 ius
871 2428 1017 2468 aliquod
1029 2429 1225 2470 occupandi
1238 2439 1297 2461 res
1312 2439 1378 2470 pro
1395 2439 1463 2461 usu
1478 2430 1666 2461 dumtaxat
1680 2432 1791 2461 traus-

221 2480 325 2510 eunte
349 2481 383 2510 et
401 2478 619 2519 temporario
642 2484 828 2519 agnoscat,
853 2491 894 2513 ac
925 2481 1103 2522 deincep&
1120 2482 1261 2513 cultura
1280 2491 1487 2522 camporum
1505 2485 1657 2522 propter
1680 2482 1794 2513 multi-

220 2533 390 2574 plicatum
404 2541 518 2573 genus
535 2533 725 2565 humanum
748 2534 961 2570 introducta,
977 2535 1032 2567 ius
1050 2535 1247 2567 cultoribus
1271 2536 1445 2576 largiatur
1469 2536 1666 2568 vindicandi
1682 2536 1746 2567 sibi
1763 2546 1799 2567 a·

221 2595 327 2626 grum
340 2595 456 2626 usque
473 2588 517 2618 ad
533 2596 701 2625 messe1n;
717 2589 833 2619 tamen
847 2589 1079 2621 stabilitatem
1091 2589 1323 2630 proprietatis
1337 2590 1472 2622 nonnisi
1485 2590 1626 2630 legibus
1640 2589 1796 2621 civilibus

223 2636 403 2668 adscribit.
420 2638 471 2669 En
486 2637 560 2669 eius
579 2637 705 2669 verba:
722 2639 821 2670 Ροιιι·
832 2638 977 2672 donner
990 2642 1013 2671 ά
1032 2640 1072 2672 Za
1088 2640 1281 2682 propriete'
1297 2640 1329 2672 le
1346 2643 1542 2674 caractere
1554 2641 1598 2674 de
1617 2641 1795 2675 stabilite,

223 2697 292 2730 que
316 2699 410 2720 nous
427 2689 633 2731 lzcivoyons
657 2690 911 2731 ccujozcrcl'lzui,
934 2691 1089 2732 ilsallut
1105 2691 1170 2723 cles
1194 2692 1265 2723 lois
1285 2693 1555 2734 positioes‚des
1571 2693 1796 2734 magistrats

220 2748 318 2780 pout*
344 2739 515 2780 lesfaire
532 2742 719 2779 eoee'cuter,
743 2752 787 2774 en
805 2752 853 2774 zm
877 2747 963 2780 mot,
994 2743 1150 2785 ilsallut
1164 2744 1270 2776 Z’e'tat
1283 2745 1371 2777 cimil
1395 2745 1484 2786 <Di-v.
1503 2746 1543 2783 ΙΙ,
1558 2745 1639 2776 titre
1657 2746 1696 2783 ΙΙ,
1709 2746 1761 2777 ch.
1780 2747 1793 2775 1

226 2795 314 2824 sect.
339 2793 380 2832 Ι),
403 2794 440 2826 Si
463 2795 553 2827 adeo
571 2795 764 2828 delirantes
782 2797 978 2830 sententiae
990 2797 1127 2839 passim
1144 2798 1314 2839 vulgatae
1338 2801 1430 2837 sunt,
1446 2799 1615 2831 miramur
1639 2808 1796 2830 eommu-

229 2845 341 2877 nismi
353 2849 387 2878 et
401 2847 610 2881 soeialismi
627 2852 743 2881 ortum
762 2853 797 2882 et
807 2851 1042 2892 proterviam?
1057 2852 1219 2884 Miranda
1234 2853 1354 2894 potius
1372 2856 1518 2885 naturae
1536 2853 1687 2891 bonitas,
1705 2862 1797 2892 quae

230 2896 311 2929 licet
333 2899 388 2929 tot
411 2899 592 2934 erroribus
616 2901 785 2942 impetita,
808 2902 949 2943 penitus
972 2905 1090 2937 tamen
1114 2904 1302 2945 depravari
1323 2913 1392 2938 non
1415 2903 1543 2945 potuit.
