1970 3203
239 253 318 294 286
605 264 672 291 ωε
706 264 909 291 NATURAE
930 274 950 279 —
972 264 1079 292 PARS
1108 265 1147 290 ιι.
1178 265 1244 293 ius
1274 265 1450 293 SOCIALE

240 342 281 381 in
305 340 507 380 societate
538 340 603 380 ius
625 340 801 393 emergit
821 339 1037 392 infligendi
1061 340 1311 381 facinorosis
1327 354 1505 393 poenam
1527 353 1610 380 non
1632 340 1825 394 qualem-

242 420 425 460 cumque
445 439 454 455 ,
485 407 559 447 sed
593 407 730 455 talem,
762 420 869 459 quae
902 412 1003 457 apta
1033 406 1085 447 sit
1115 407 1169 446 ad
1198 420 1270 447 eos
1301 407 1569 447 deterrendos
1604 421 1629 446 a
1652 408 1827 448 scelere.

247 474 387 520 Quare
426 473 461 513 si
491 473 693 513 immania
723 474 927 526 quaedam
969 473 1128 526 flagitia
1159 473 1393 513 mitioribus
1422 474 1568 525 poenis
1601 487 1685 513 non
1723 473 1828 514 satis

244 543 525 585 removentur,
543 537 728 590 profecto
750 537 816 578 ius
836 537 912 577 erit
928 537 1121 578 societati
1142 551 1320 589 poenam
1339 537 1559 590 capitalem
1590 537 1829 587 adhibendi;

247 603 495 655 praesertim
519 617 615 643 cum
635 604 742 643 haec
759 603 811 644 sit
827 603 1042 651 eiusmodi,
1065 609 1107 642 ut
1128 603 1399 644 assuetudine
1420 617 1504 643 non
1520 604 1723 653 vincatur,
1747 617 1826 644 nec

244 681 364 719 spem
396 667 599 707 evadendi
628 667 847 720 relinquat.

291 731 355 770 95.
388 732 683 783 Respondetur
705 732 1010 773 obiectionibus
1031 732 1259 772 Beccariae
1281 735 1324 772 et
1342 732 1555 772 Bentham.
1578 732 1827 784 Perpenda-

237 809 331 836 mus
353 797 476 836 modo
498 797 647 849 quibus
664 797 924 850 argumentis
941 797 1173 836 adversarii
1190 797 1301 837 hanc
1319 797 1445 837 totius
1463 797 1632 849 generis
1652 796 1827 836 humani

237 859 490 899 sententiam
513 861 771 900 labefactare
791 861 989 901 nituntur.
1017 861 1224 900 Beccaria
1245 861 1304 913 (1)
1337 866 1377 902 et
1399 861 1606 901 Bentham
1629 862 1688 913 (2)
1719 862 1827 901 haec

239 926 461 966 obiiciunt:
495 928 524 966 Ι.
547 928 617 966 Ius
640 927 775 967 civilis
807 927 1027 979 potestatis
1049 927 1238 979 exsurgit
1269 941 1322 967 ex
1341 941 1505 967 summa
1525 927 1688 976 iurium,
1719 940 1827 980 quae

239 993 356 1034 cives
373 994 496 1033 simul
519 994 748 1042 conferunt,
770 994 822 1033 ad
853 994 1052 1034 socialem
1085 993 1377 1034 auctoritatem
1394 994 1742 1035 constituendam.
1773 995 1828 1033 At

238 1072 339 1098 vero
360 1059 401 1097 in
424 1059 634 1111 propriam
665 1059 793 1098 vitam
816 1073 937 1099 nemo
960 1059 1023 1099 ius
1045 1059 1183 1099 habet.
1208 1060 1319 1110 Ergo
1351 1059 1511 1099 adstrui
1532 1058 1671 1111 nequit
1692 1059 1827 1111 origo,

239 1136 292 1162 ex
310 1136 391 1175 qua
407 1122 472 1162 ius
489 1123 605 1163 necis
627 1123 669 1162 in
687 1123 853 1163 civilem
874 1129 1123 1175 potestatem
1142 1123 1363 1162 derivetur.
1385 1123 1436 1161 II.
1460 1124 1576 1161 Mors
1607 1136 1632 1161 a
1652 1122 1826 1162 nefariis

236 1189 477 1229 hominibus
509 1203 592 1230 non
613 1189 936 1243 apprehenditur
957 1197 1170 1242 tamquam
1192 1189 1396 1228 malorum
1419 1194 1664 1237 extremum;
1689 1188 1823 1241 siqui-

240 1256 334 1295 dem
355 1256 406 1295 iis
424 1256 508 1296 vita
524 1255 606 1296 iam
626 1256 770 1308 gravis
788 1261 866 1305 est,
887 1262 1054 1308 propter
1070 1268 1295 1295 aerumnas
1317 1260 1357 1294 et
1376 1254 1574 1307 pericula,
1597 1255 1746 1307 quibus
1763 1268 1826 1294 as-

239 1320 357 1360 sidue
374 1321 575 1361 subiacet.
598 1322 663 1361 Ad
680 1335 753 1361 eos
771 1321 895 1373 igitur
913 1321 1184 1361 deterrendos
1205 1324 1462 1372 opportunus
1483 1320 1618 1372 magis
1636 1319 1713 1360 erit
1732 1320 1825 1359 diu—

238 1390 386 1425 turnus
404 1381 562 1425 carcer.
574 1386 903 1438 III.Supremum
919 1385 1167 1438 supplicium
1181 1383 1493 1424 similitudinem
1512 1383 1740 1435 praesefert
1755 1383 1827 1422 ho-

241 1451 408 1500 micidii,
427 1452 536 1504 quod
553 1452 601 1491 de
623 1451 827 1490 industria
857 1458 897 1491 et
913 1456 1061 1503 pacate
1083 1455 1353 1502 perpetretur.
1377 1450 1580 1501 Exemplo
1602 1449 1726 1502 igitur
1748 1462 1824 1489 suo

235 1517 289 1556 ad
310 1517 504 1557 delictum
517 1517 653 1570 potius
669 1517 877 1558 intuentes
894 1517 1034 1557 allicit.
1050 1516 1325 1556 IV Societati
1344 1515 1482 1555 utilior
1498 1522 1561 1556 est
1573 1516 1658 1557 vita
1673 1529 1829 1556 nocen-

238 1584 303 1632 tis,
325 1597 431 1636 quae
447 1584 580 1624 labori
599 1583 828 1632 addicatur,
847 1596 971 1636 quam
989 1596 1104 1623 mors
1127 1583 1409 1635 violenta,qua
1424 1582 1611 1622 membro
1625 1582 1821 1634 privetur.

295 1651 421 1702 Resp.
455 1650 631 1702 primam
668 1649 953 1689 difficultatem
976 1650 1081 1689 falso
1104 1649 1295 1688 laborare
1316 1649 1543 1701 supposito.
1577 1650 1685 1687 Tota
1715 1648 1825 1688 enim

241 1720 398 1765 quanta
414 1720 489 1762 est,
504 1714 728 1765 hypothesi
745 1714 886 1753 nititur
903 1714 951 1753 de
964 1713 1123 1766 origine
1136 1712 1354 1765 potestatis
1371 1726 1396 1752 a
1412 1714 1575 1765 populo.
1588 1714 1642 1752 At
1660 1726 1737 1752 nos
1751 1713 1825 1753 de-

238 1778 569 1818 monstravimus
590 1784 841 1830 potestatem
863 1778 1042 1819 derivari
1064 1791 1089 1817 a
1105 1778 1203 1826 Dee,
1225 1777 1393 1817 iubente
1411 1778 1598 1817 ordinem
1621 1778 1662 1816 in
1684 1778 1825 1818 socie-

238 1849 336 1891 tate,
354 1849 479 1895 atque
494 1842 587 1882 ideo
604 1842 695 1882 iura
712 1843 853 1882 omnia
870 1843 1112 1895 elargiente,
1130 1855 1237 1894 quae
1254 1841 1308 1881 ad
1325 1841 1482 1881 ordinis
1499 1842 1826 1883 incolumitatem

243 1918 283 1951 et
300 1911 471 1950 tutelam
500 1910 745 1950 necessaria
765 1916 872 1949 sunt.
906 1911 1046 1957 Quare
1068 1910 1131 1949 vis
1153 1908 1413 1949 auctoritatis
1436 1910 1633 1962 politicae
1663 1924 1747 1951 non
1771 1924 1826 1950 ex

236 1976 324 2015 iure
343 1975 603 2029 singulorum
627 1976 839 2016 metienda
856 1983 929 2024 est,
962 1976 1035 2016 sed
1067 1989 1118 2016 ex
1135 1981 1285 2016 natura
1301 1976 1472 2025 ordinis,
1495 1976 1562 2028 qui
1589 1977 1825 2029 proportio-

237 2056 335 2082 nem
353 2043 483 2095 exigit
503 2042 610 2083 inter
627 2042 822 2082 delictum
839 2050 878 2082 et
894 2056 1087 2096 poenam,
1107 2057 1156 2083 ac
1179 2043 1432 2096 triumphum
1449 2043 1692 2083 moralitatis
1712 2057 1820 2084 con-

236 2115 302 2148 tra
325 2108 544 2147 audaciam
568 2108 754 2148 sceleris.
786 2109 991 2162 Princeps
1016 2121 1101 2148 non
1123 2115 1185 2149 est
1210 2110 1399 2149 minister
1426 2109 1579 2161 populi,
1612 2109 1686 2148 sed
1706 2115 1749 2148 ut
1769 2109 1826 2151 ait

239 2176 480 2228 Apostolus,
512 2182 574 2215 est
595 2175 783 2215 minister
805 2175 894 2222 Dei,
917 2175 1070 2215 vindex
1091 2175 1136 2215 in
1160 2175 1274 2215 iram
1296 2175 1338 2215 ei
1354 2175 1432 2228 qai
1447 2176 1609 2214 malum
1635 2175 1730 2228 agit
1751 2176 1826 2227 (3).

292 2242 488 2281 Secunda
509 2254 607 2281 vero
639 2241 863 2281 difficultas
885 2241 1169 2293 experientiae
1200 2247 1239 2281 et
1259 2241 1411 2281 rationi
1432 2251 1650 2294 repugnat.
1682 2243 1825 2295 Expe-

238 2304 415 2344 rientiae
436 2304 622 2356 quidem,
652 2318 733 2356 qua
764 2306 990 2352 docemur,
1021 2310 1223 2345 nocentes
1255 2319 1433 2358 poenam
1464 2306 1613 2358 capitis
1648 2306 1823 2347 libenter

240 2383 334 2409 cum
366 2373 564 2420 perpetuo
595 2381 766 2408 carcere
797 2376 1082 2417 commutare,
1113 2369 1233 2421 idque
1270 2370 1466 2410 beneficii
1498 2371 1590 2410 loco
1620 2371 1823 2423 recipere.

239 2435 407 2475 Rationi
439 2440 591 2484 autem,
622 2449 728 2488 quae
760 2436 886 2476 dictat
919 2436 1045 2475 vitam
1078 2435 1392 2476 fundamentum
1414 2450 1510 2477 esse
1539 2437 1741 2477 bonorum
1774 2450 1822 2476 o—

238 2501 408 2550 mnium,
439 2513 613 2552 quorum
636 2512 800 2552 semper
828 2513 927 2551 pars
949 2500 1088 2552 aliqua
1112 2506 1268 2549 manet,
1299 2506 1497 2540 manente
1520 2501 1616 2549 vita;
1639 2513 1827 2552 praeser-

237 2563 310 2602 tim
342 2564 375 2603 si
396 2577 493 2616 spes
523 2564 698 2616 affulget
727 2566 1041 2616 recuperandae
1075 2564 1304 2613 libertatis,
1337 2571 1502 2617 propter
1532 2571 1683 2604 eventa
1714 2555 1823 2617 quae

236 2626 484 2679 contingere
514 2634 690 2685 possunt
721 2635 759 2668 et
791 2641 916 2680 saepe
948 2628 1209 2681 contingunt.

295 2692 438 2731 Tertia
459 2693 683 2734 difficultas
705 2694 968 2746 apertissime
992 2694 1142 2734 salsum
1164 2695 1351 2735 includit.
1382 2695 1489 2734 Nam
1511 2708 1651 2746 poena
1673 2694 1824 2747 capitis

239 2759 355 2799 nulla
375 2759 586 2799 homicidii
608 2760 916 2801 similitudinem
936 2761 1096 2810 retinet;
1116 2775 1210 2801 cum
1228 2760 1488 2802 differentiae
1506 2761 1610 2802 satis
1629 2760 1823 2801 omnibus

283 2865 333 2906 (l)
360 2865 429 2898 Dei
452 2865 575 2898 clelitti
599 2876 616 2899 e
640 2867 735 2900 delle
754 2877 858 2910 pene.

278 2920 327 2960 (3)
354 2920 526 2957 Oeam-es,
553 2921 579 2957 t;
605 2920 643 2951 ΙΙ.

274 2974 335 3015 ,(3)
360 2973 419 3007 Ad
445 2974 650 3012 Romanos,
677 2975 769 3014 XIII,
790 2975 815 3006 4.
