1970 3203
188 323 278 360 ΛΒΤ.

223 689 242 712 »

183 911 287 946 CAP.

181 972 272 1007 Am.

250 1159 270 1181 ))

856 246 1051 274 1NDEx
1671 233 1748 272 373

351 324 392 359 II.
416 324 470 358 De
498 328 634 357 natura
664 329 698 358 et
715 325 909 369 partitione
940 325 1150 369 officiorum.
1185 324 1278 365 Quid
1309 323 1465 357 officium
1491 342 1533 347 ——-
1562 321 1656 363 Quid

451 385 659 429 praecedat:
686 385 745 419 Ius
771 396 818 419 an
843 384 1001 419 officium
1019 402 1063 410 —
1082 383 1292 418 Officiorum
1320 383 1452 427 triplex
1476 392 1593 426 genus
1614 402 1657 407 —

455 442 552 476 Num
577 443 616 477 in
641 443 786 478 homine
813 444 944 477 dentur·
961 443 1076 477 officia
1094 453 1180 486 erga
1197 443 1316 483 bruta,
1334 446 1397 476 aut
1413 445 1531 476 cetera
1549 441 1648 475 entia

451 500 592 535 ratione
610 500 781 535 destituta
796 521 838 526 -—-
855 491 1064 535 Officiorum
1090 500 1163 534 alia
1179 504 1264 534 sunt
1290 499 1554 541 connaturalia,
1571 499 1646 533 alia

448 558 645 593 adventitia
659 578 702 584 —
718 559 843 593 Officia
869 559 1024 593 iuridica
1042 563 1076 593 et
1093 570 1182 604 pure
1201 559 1353 593 moralia
1369 578 1411 584 —
1426 558 1529 593 Unde
1556 557 1655 592 diiu-

449 617 592 651 dicatur
617 618 817 651 officiorum
843 617 1066 663 praestantia
1094 641 1510 651 ........
1560 615 1647 659 Pag.
1675 613 1737 650 121

325 677 380 711 ΙΙΙ.
407 677 459 711 De
483 678 686 710 necessitate
709 678 884 710 eximente
914 677 957 710 ab
983 676 1106 721 officio.
1142 675 1236 717 Quid
1269 675 1357 709 haee
1389 675 1579 709 necessitas
1607 693 1649 699 —

449 737 650 772 Necessitas
673 737 839 771 absoluta
865 741 900 771 et
918 737 1146 782 hypothetica
1163 755 1205 760 —
1221 735 1370 781 Triplex
1388 747 1500 780 genus
1520 745 1646 770 neces-

451 795 569 829 sitatis
600 794 808 836 absolutae,
839 798 874 828 et
899 796 1081 839 quodnam
1112 805 1156 827 ex
1182 793 1238 826 his
1265 804 1434 827 excusare
1460 797 1577 838 potest
1603 813 1646 818 —

454 852 642 894 Quodnam
667 863 710 886 ex
737 852 862 886 officiis
887 853 1026 898 patitur
1051 852 1267 897 quandoque
1293 852 1568 886 excusationem.
1630 863 1649 885 »
1678 850 1745 886 126

337 912 378 946 II.
405 911 458 945 DE
482 921 626 946 OFFxcns
651 921 794 946 HOMINIS
819 921 918 945 ERGA
944 921 1053 944 DEUM.
1079 910 1346 953 Argumentum
1387 936 1395 944 .
1442 936 1450 944 .
1503 936 1511 944 .
1561 935 1570 944 .
1629 923 1649 943 »
1679 908 1745 944 129

352 972 376 1006 I.
402 972 454 1006 De
477 973 649 1016 relc'yione
669 973 880 1016 qeizeratim.
908 971 1001 1013 Quid
1027 971 1155 1014 religio
1205 995 1446 1004 .....
1505 997 1513 1005 .
1563 998 1570 1005 .
1631 983 1650 1004 >>
1684 970 1745 1005 ibi.

206 1030 315 1065 PROP.
349 1029 380 1065 1.
411 1030 532 1075 Officia
556 1031 755 1075 Reliyz'onis
774 1032 973 1075 praecipua
997 1034 1087 1063 sunt
1111 1030 1149 1063 in
1174 1029 1253 1062 iure
1277 1033 1448 1070 naturae,
1474 1034 1508 1063 et
1531 1029 1651 1062 ceteris

451 1090 619 1123 omnibus
644 1089 895 1134 anteponenda
921 1112 1570 1124 ............
1631 1100 1649 1121 >>
1679 1086 1746 1122 130

342 1147 375 1182 2.
402 1148 602 1193 Reliyz'onz‘s
634 1149 710 1182 alia
733 1159 826 1193 pars
855 1153 906 1182 est
932 1148 1138 1190 theoretica,
1171 1147 1245 1181 alia
1270 1148 1432 1192 practica
1445 1159 1458 1189 ,·
1495 1151 1650 1192 utraque

449 1220 529 1243 vero
555 1220 577 1243 a
603 1210 682 1243 iure
706 1213 862 1242 naturae
879 1209 1107 1252 praecipitur
1147 1232 1566 1242 ........
1627 1219 1646 1240 >>
1676 1205 1740 1241 131

250 1280 269 1302 >)

187 1620 278 1654 ART.

342 1267 375 1302 3.
402 1268 540 1312 Reliqio
560 1273 679 1313 potest
702 1270 741 1301 in
767 1268 1056 1313 superstitionem
1081 1267 1294 1311 deyeneo·a7·e
1311 1279 1354 1301 eae
1372 1268 1511 1312 duplici
1526 1269 1650 1311 capite,-

448 1328 504 1361 vel
527 1329 615 1372 quia
640 1327 779 1361 exhibet
802 1328 945 1361 cultum
970 1326 1150 1368 (licinum,
1176 1327 1236 1360 cui
1258 1337 1332 1360 non
1358 1326 1464 1369 debet,
1491 1328 1547 1361 vel
1562 1329 1654 1372 quia

448 1385 587 1419 exhibet
610 1387 671 1419 cui
693 1385 801 1427 debet,
826 1385 888 1419 secl
912 1396 950 1419 eo
976 1385 1095 1429 modo,¹
1120 1395 1191 1429 quo
1217 1396 1294 1418 non
1318 1384 1416 1419 debet
1441 1410 1449 1419 .
1501 1410 1508 1418 .
1559 1411 1567 1419 .
1630 1397 1647 1418 »
1684 1385 1745 1418 ibi.

346 1445 378 1480 4.
405 1445 519 1479 Amor
544 1446 619 1485 Dei,
649 1451 838 1491 tamquam
856 1445 978 1479 obiecti
992 1456 1134 1479 summe
1149 1446 1242 1489 boni,
1260 1457 1333 1479 non
1352 1446 1456 1479 modo
1469 1446 1650 1490 possibilis

452 1509 513 1547 est,
538 1504 600 1538 sed
624 1505 731 1538 etiam
756 1509 808 1538 est
831 1505 910 1538 iure
935 1509 1091 1537 naturae
1111 1505 1358 1548 praescriptus
1384 1530 1391 1537 .
1443 1531 1449 1538 .
1501 1530 1507 1538 .
1557 1529 1565 1538 .
1626 1514 1645 1536 »
1675 1501 1742 1537 132

411 1561 615 1596 Solvuntur
639 1562 870 1607 difficultates
919 1587 1568 1597 ............
1627 1573 1646 1594 >>
1677 1559 1743 1594 133

343 1619 384 1655 ΙΙ.
410 1620 461 1653 De
485 1621 589 1654 cultu
616 1621 758 1654 interno
776 1625 809 1654 et
824 1625 981 1653 externo.
1008 1619 1136 1653 Cultus
1154 1620 1290 1654 interni
1307 1621 1352 1654 ab
1371 1625 1517 1655 externo
1535 1620 1655 1654 diver-

453 1677 541 1711 sitas
559 1697 602 1704 —
620 1678 732 1712 Error
759 1677 1019 1712 nonnullorum
1039 1703 1573 1712 ..........
1634 1689 1654 1710 »
1682 1674 1749 1710 135

205 1736 317 1770 PROP.
352 1733 382 1770 1.
410 1735 481 1769 Deo
508 1735 646 1770 debitus
671 1741 722 1770 est
746 1737 824 1769 iure
849 1740 1004 1769 naturae
1030 1736 1152 1770 cultus
1177 1746 1251 1770 non
1277 1736 1381 1769 modo
1400 1737 1577 1778 internus,
1602 1746 1655 1768 ve-

255 1868 274 1890 ))

183 2035 273 2071 AR-r.

451 1806 538 1828 rum
561 1796 669 1829 etiam
694 1802 867 1829 externus
917 1823 923 1830 .
977 1821 984 1828 .
1034 1820 1042 1829 .
1093 1822 1099 1829 .
1155 1821 1570 1831 ........
1632 1806 1650 1828 >>
1680 1793 1746 1829 137

347 1854 380 1889 2.
409 1855 477 1889 Deo
503 1856 642 1890 debitus
665 1861 719 1890 est
741 1857 863 1890 cultus
888 1858 995 1890 etiam
1015 1856 1197 1901 publicae,
1224 1858 1290 1902 qui
1315 1859 1491 1891 nimirum
1516 1857 1559 1890 ab
1584 1857 1651 1890 ho-

456 1917 614 1950 minibus
638 1918 837 1951 societatem
861 1917 1136 1962 efformantibus
1161 1917 1354 1951 celebretur
1385 1942 1394 1951 .
1444 1943 1451 1951 .
1500 1942 1508 1950 .
1559 1942 1567 1951 .
1628 1929 1647 1949 »
1677 1914 1745 1950 138

406 1976 612 2011 Solvuntur
634 1977 865 2022 difficultates
921 2001 1217 2011 ......
1273 2002 1281 2010 .
1329 2003 1335 2010 .
1386 2003 1395 2011 .
1444 2002 1452 2011 .
1505 1989 1511 2010 ;
1563 2003 1569 2010 .
1630 1988 1649 2009 ))
1679 1974 1746 2010 139

324 2035 380 2069 111.
405 2036 457 2070 De
488 2036 602 2070 debito
632 2036 898 2081 amplectendae
932 2036 1167 2070 revelationis.
1204 2036 1447 2070 Revelationis
1486 2048 1652 2082 perversa

455 2097 552 2131 notio
571 2122 1571 2132 ..................
1633 2109 1652 2130 >>
1682 2096 1748 2131 140

212 2154 321 2189 PROP.
357 2151 387 2189 1.
414 2154 564 2188 Praeter
589 2157 762 2197 veritates,
788 2165 881 2200 quas
904 2155 1073 2188 naturali
1098 2155 1236 2189 lumine
1253 2155 1460 2199 dete9i7nu8,
1477 2156 1569 2189 aliae
1585 2156 1655 2189 ad-

259 2287 278 2309 »

259 2408 279 2430 >>

228 2616 231 2618 ,
254 2588 274 2610 >>

257 2706 276 2728 ))

192 2872 293 2908 CAP.

456 2221 556 2258 sunt,
581 2216 629 2249 ad
654 2226 748 2261 quas
773 2226 874 2249 mens
901 2216 1065 2249 humana
1084 2226 1153 2259 per
1175 2226 1211 2249 se
1235 2226 1424 2260 assuryere
1447 2217 1573 2261 nequit
1632 2227 1651 2249 »
1680 2213 1744 2250 141

353 2274 386 2310 2.
411 2275 554 2310 Nomen
579 2277 816 2317 revelationis,
834 2277 951 2309 stricte
966 2280 1167 2320 sumptum,
1182 2278 1327 2320 proprie
1343 2278 1506 2310 convenit
1522 2278 1653 2310 verita-

457 2337 560 2380 tibus,
584 2337 633 2370 ad
658 2347 751 2382 quas
777 2337 881 2370 homo
907 2336 1074 2369 naturali
1099 2336 1236 2370 lumine
1260 2347 1450 2381 assurgere
1479 2338 1606 2381 nequit
1629 2348 1648 2370 >)
1679 2334 1746 2371 142

353 2396 385 2431 3.
411 2396 567 2431 Homine
590 2397 639 2430 ad
662 2397 982 2441 supernaturalem
1006 2400 1141 2429 statum
1167 2401 1291 2438 evecto,
1315 2398 1557 2430 necessarium
1575 2407 1654 2430 om-

457 2458 545 2490 nino
570 2457 642 2501 fuit
673 2463 715 2490 ut
738 2458 809 2501 ipsi
832 2456 1008 2490 credenda
1033 2456 1302 2497 revelarentur,
1328 2468 1421 2501 quae
1445 2458 1654 2491 naturalem

455 2519 632 2551 rationem
658 2517 836 2552 excedunt
861 2542 1280 2550 ........
1303 2519 1306 2521 ’
1331 2543 1571 2551 .....
1632 2529 1652 2550 >>
1681 2516 1747 2552 143

349 2576 380 2610 4.
412 2576 629 2610 Conveniens
648 2577 722 2621 fuit
739 2575 883 2608 divinae
894 2574 1154 2619 providentiae,
1174 2580 1217 2608 ut
1232 2576 1393 2609 veritates
1410 2576 1519 2608 etiam
1536 2580 1651 2608 natu-

453 2637 560 2676 rales,
573 2647 666 2680 quae
680 2635 796 2668 Deum
810 2639 843 2667 et
857 2643 971 2666 mores
984 2634 1190 2677 respiciunt,
1206 2635 1347 2667 homini
1357 2634 1604 2668 revelarentur
1628 2645 1647 2667 »
1682 2633 1746 2667 ibi.

348 2695 381 2729 5.
409 2697 523 2729 Homo
555 2696 666 2740 officio
699 2694 945 2738 adstringitur
977 2694 1243 2737 amplectendae
1274 2695 1525 2736 revelationis,
1560 2705 1653 2738 quae

453 2755 549 2801 facta
574 2758 629 2797 sit,
654 2761 687 2789 et
710 2766 789 2789 eam
814 2754 1035 2799 inquirendi,
1061 2756 1094 2787 si
1116 2754 1284 2788 nondum
1307 2756 1511 2798 aynoverit.
1562 2781 1569 2788 .
1630 2765 1650 2786 >>
1681 2750 1748 2786 144

410 2817 613 2851 Solvuntur
644 2816 871 2861 difficultates
920 2839 1570 2849 ............
1630 2825 1649 2846 >)
1680 2811 1748 2847 145

335 2873 390 2908 ΙΙΙ.
417 2874 469 2908 ΠΕ
493 2884 635 2910 omucus
660 2883 804 2909 somnus
830 2881 927 2906 ERGA
951 2880 1107 2906 smpsum.
1133 2871 1237 2906 Unde
1262 2873 1453 2907 oriuntur.
1505 2897 1511 2905 .
1563 2897 1569 2906 .
1631 2882 1651 2905 >>
1680 2868 1746 2905 148
