1970 3203
172 207 222 245 14
823 215 1106 242 INTRODUCTIO

177 299 313 338 cundo
344 297 707 350 contemplaretur.
737 295 807 335 Sic
846 295 1052 336 obiectum
1087 294 1265 335 Ethicae
1293 300 1405 336 esset
1432 296 1587 336 bonam
1609 329 1619 346 ‚
1647 297 1754 337 sim-

172 362 336 415 pliciter
365 362 613 415 inspectum;
636 359 844 400 obiectum
862 359 984 399 Iuris
1015 365 1127 399 esset
1158 359 1330 408 iustam,
1361 359 1504 401 stricte
1533 366 1755 413 sumptum,

170 434 378 481 quatenus
408 427 704 481 aequalitatem
733 425 849 480 ponit
878 426 986 466 inter
1014 425 1206 467 homines
1236 431 1276 467 et
1297 426 1350 466 ad
1371 438 1493 467 suum
1522 428 1669 481 cuique
1691 427 1754 468 tri-

170 493 379 533 buendum
409 491 626 531 illuminat.

222 557 370 597 Altera
391 554 602 595 distinctio
618 555 660 594 in
676 568 725 595 eo
749 554 946 595 collocari
967 559 1116 607 potest,
1140 555 1250 608 quod
1269 555 1421 596 Ethica
1439 561 1580 596 actum
1600 556 1755 598 huma·

169 633 268 659 num
286 618 536 668 consideret,
558 625 605 659 ut
623 618 682 658 ita
702 619 851 667 dicam,
873 619 1009 672 quoad
1018 621 1232 671 formam,
1254 632 1403 672 nempe
1424 621 1655 660 secundum
1676 634 1750 662 eas

170 684 445 732 conditiones,
457 697 561 736 quas
584 684 693 724 actio
711 684 944 735 generatim
960 684 1131 724 induere
1148 684 1281 733 debet,
1295 690 1339 724 ut
1354 684 1527 725 moralis
1543 685 1751 727 efficiatur

169 758 208 791 et
223 751 352 800 bona3
371 753 442 791 Ius
459 764 558 792 vero
576 751 766 791 eamdem
784 750 995 791 actionem
1008 755 1217 790 scrutetur
1232 751 1370 803 quoad
1381 752 1623 800 materiam,
1642 765 1750 805 qua-

172 822 292 857 tenus
321 816 545 868 investiget
561 815 714 868 quibus
743 815 894 855 officiis
910 815 1038 855 homo
1059 815 1333 868 adstringitur
1354 821 1393 856 et
1422 816 1570 869 quibus
1591 817 1750 858 iuribus

173 887 354 930 ornetur,
387 880 506 920 iuxta
533 887 729 921 naturam
759 884 798 920 et
819 880 1007 919 ordinem
1027 893 1053 919 a
1072 879 1276 920 rationem
1305 880 1619 933 praescriptum.
1642 881 1748 922 Aliis

177 945 342 986 verbis:
372 945 415 984 in
444 950 541 985 actu
556 945 742 985 humano
759 957 854 984 cum
871 944 1130 984 considerari
1145 945 1278 997 possit
1309 945 1374 985 vel
1405 948 1537 995 actas,
1564 946 1666 998 ipse,
1683 946 1749 987 vel

175 1015 418 1052 contentum
448 1012 500 1051 ab
532 1017 628 1051 actu
639 1026 648 1060 ;
687 1010 845 1063 primus
875 1016 1093 1063 respectus
1108 1015 1393 1051 assumeretur
1409 1011 1461 1051 ab
1492 1012 1655 1060 Ethica,
1677 1025 1747 1053 se-

177 1078 341 1118 cundus
371 1092 396 1117 a
421 1079 516 1118 Iure
545 1082 734 1117 naturae.
767 1077 836 1116 Sic
867 1077 1017 1116 Ethica
1036 1077 1173 1130 quoad
1194 1078 1264 1117 Ius
1293 1082 1469 1118 naturae
1498 1078 1647 1119 eodem
1667 1079 1752 1119 fere

177 1155 350 1183 munere
378 1143 636 1195 fungeretur,
652 1142 762 1195 quod
792 1142 952 1194 Logica
971 1147 1165 1194 respectu
1181 1141 1357 1181 aliarum
1378 1141 1663 1192 scientiarum,
1684 1143 1750 1184 vel

178 1210 326 1250 melius
371 1208 670 1262 Metaphysica
705 1208 916 1261 generalis
951 1212 1145 1260 respectu
1186 1207 1505 1260 Metaphysicae
1540 1208 1748 1260 specialis.

182 1275 304 1314 Hanc
326 1273 635 1314 distinctionem
656 1279 700 1312 ut
720 1273 916 1313 methodo
936 1273 1074 1325 magis
1094 1272 1467 1322 accommodatam,
1489 1272 1556 1312 hic
1587 1272 1749 1326 eligen-

178 1339 272 1378 dam
304 1339 506 1379 ducimus.

231 1406 455 1455 Ceterum,
484 1410 578 1445 utra
608 1419 630 1445 e
663 1406 824 1446 duabus
854 1403 1076 1457 propositis
1119 1403 1451 1443 distinctionibus
1480 1404 1752 1456 praeferatur,

183 1471 405 1523 diligenter
436 1471 672 1510 cavendum
703 1478 767 1511 est
797 1484 850 1511 ne
879 1470 1053 1509 iuvenes
1082 1469 1369 1521 propellantur
1397 1469 1451 1508 ad
1481 1470 1551 1509 Ius
1578 1474 1754 1509 naturae

175 1537 431 1584 discendum,
454 1541 676 1588 antequam
694 1536 939 1589 disciplinae
962 1534 1109 1575 morali
1130 1533 1315 1587 apprime
1334 1535 1577 1574 studuerint.
1602 1534 1754 1574 Officia

177 1602 287 1641 enim
299 1601 481 1641 hominis
501 1601 685 1650 socialis,
702 1601 954 1641 subaudiunt
972 1599 1112 1639 officia
1126 1598 1307 1638 hominis
1323 1598 1533 1647 individui,
1550 1612 1602 1639 ex
1622 1599 1755 1651 iisque

177 1668 383 1719 originem
413 1672 452 1707 et
481 1666 564 1706 vim
597 1667 817 1707 deducunt,
839 1667 1024 1718 Itemque
1054 1663 1196 1716 nequit
1224 1669 1344 1704 actus
1377 1664 1592 1708 humanus
1618 1663 1755 1717 quoad

175 1733 393 1773 materiam
426 1732 671 1781 examinari,
703 1732 782 1771 nisi
800 1735 924 1770 antea
946 1729 1177 1784 generatim
1207 1729 1420 1781 inspectus
1436 1729 1489 1768 sit
1510 1729 1647 1782 quoad
1675 1741 1755 1769 na-

174 1803 309 1838 turam
341 1796 601 1846 moralitatis,
634 1810 716 1849 qua
746 1794 886 1836 ornari
918 1794 1049 1841 debet,
1074 1799 1117 1833 ut
1147 1806 1244 1834 vere
1267 1792 1448 1834 hominis
1469 1792 1521 1834 sit
1550 1793 1756 1847 proprius.
