1970 3203
433 238 570 264 CAPUT
598 238 652 263 iv.
681 237 734 263 DE
764 237 936 265 OFFICIIS
966 239 1134 266 HOMINIS
1165 239 1276 266 ERGA
1308 239 1422 266 ALIOS
1664 229 1741 268 177

223 313 284 352 76.
315 313 572 351 Pnoposrrxo
595 312 653 350 4³.
683 311 864 350 Factam
887 312 1211 364 primigenium,
1241 315 1356 367 quod
1377 314 1443 354 ias
1460 315 1742 367 propr-[etatis

167 377 460 425 determinat,
491 380 552 416 est
581 379 795 416 humanae
825 378 1056 416 activitatis
1086 380 1347 420 eoeercz‘tz‘um.

221 441 343 480 Prob.
377 441 480 480 Cum
510 441 615 480 ratio
646 448 686 480 et
714 447 866 480 natura
903 442 942 480 in
972 442 1061 481 iure
1092 445 1357 495 proprietatis
1388 446 1631 498 elargiendo
1661 460 1743 486 non

165 512 262 544 actu
291 505 461 543 definiat
481 518 561 553 res,
583 518 688 557 quae
711 504 798 544 eius
820 505 1020 544 exercitio
1043 507 1260 545 materiam
1286 509 1584 560 suppeditent,
1606 511 1747 561 quaeri

166 572 301 619 potest
331 567 537 619 quodnam
579 568 630 607 sit
660 568 812 607 factum
842 569 1054 620 peculiare
1075 601 1083 616 ,
1117 570 1224 621 quod
1255 571 1343 609 vim
1377 573 1534 613 habeat
1563 575 1748 614 determi-

165 633 289 671 nandi
318 633 383 672 ius
412 633 540 672 illud:
570 634 610 672 in
640 634 729 673 iure
759 633 867 673 enim
907 635 1177 686 adipiscendo
1200 636 1279 675 duo
1296 649 1459 690 semper
1479 648 1744 681 concurrunt:

164 699 232 738 lex
249 704 437 745 naturae,
455 712 560 751 quae
578 699 666 739 eius
686 700 807 739 veluti
827 700 879 740 sit
896 700 1042 747 forma,
1063 707 1103 740 et
1118 700 1274 741 sactum
1295 703 1470 755 aliquod,
1488 706 1595 756 quod
1612 707 1675 746 vel
1693 707 1746 746 ab

166 761 258 813 ipsa
275 768 424 802 natura
442 769 631 814 ponatur,
649 771 692 802 ut
708 763 749 802 in
770 763 927 803 iuribus
949 763 1117 811 innatis,
1135 765 1199 804 vel
1218 767 1414 816 procedat
1433 768 1484 807 ab
1502 769 1681 818 homine,
1702 777 1747 809 ut.

164 826 206 864 in
235 825 393 865 iuribus
422 826 648 879 acquisitis.
666 827 801 866 Etiam
832 827 873 865 in
904 827 984 866 hoc
1009 827 1243 880 philosophi
1265 830 1516 882 discrepant.
1542 833 1745 872 Iuriscon-

166 891 262 930 sulti
277 894 386 931 enim
407 892 567 932 romani
586 902 624 932 et
641 893 708 945 qui
726 906 798 933 eos
815 894 976 946 sequuti
994 902 1102 941 sunt,
1121 894 1275 933 sactum
1293 895 1494 936 eiusmodi
1512 911 1606 938 esse
1624 912 1744 938 occu-

166 956 376 1007 pationem
396 957 599 997 dixerunt:
618 958 726 998 unde
748 958 898 997 dictum
917 959 1016 997 illud
1034 960 1212 999 emersit:
1231 961 1314 1000 Res
1339 961 1606 1015 fiuntpm'mt'
1619 976 1744 1003 occu-

158 1021 325 1072 pantis.
356 1022 679 1062 Oeconomistae
710 1031 849 1063 autem
879 1024 1135 1064 recentiores
1156 1026 1196 1064 in
1219 1026 1307 1065 eius
1328 1027 1463 1066 locum
1481 1028 1743 1076 industriam,

164 1097 237 1124 seu
258 1085 611 1137 specificationem
633 1086 878 1139 rei‚propri0
901 1088 1043 1126 labore
1065 1096 1277 1139 peractam
1300 1090 1351 1141 (ic
1373 1091 1555 1142 lavoro),
1582 1092 1739 1132 substi-

164 1150 358 1188 tuendam
377 1156 582 1201 putarunt.
603 1151 694 1190 Hae
712 1151 816 1190 duae
833 1151 1066 1191 sententiae
1088 1153 1220 1204 prima
1241 1154 1372 1194 fronte
1393 1155 1610 1195 adversari
1633 1157 1742 1197 inter

163 1229 208 1256 se
239 1215 440 1264 videntur,
463 1217 537 1256 sed
558 1230 639 1257 non
663 1224 725 1256 est
745 1218 812 1257 ita.
838 1219 942 1256 Nam
965 1219 1031 1269 qui
1052 1219 1370 1270 occupationem
1393 1221 1480 1260 tuiti
1503 1228 1611 1269 sunt,
1632 1221 1740 1262 fate-

165 1280 312 1319 bantur
341 1294 435 1320 eam
465 1283 546 1322 huc
576 1290 780 1336 spectare,
802 1289 845 1322 ut
867 1295 933 1321 res
956 1290 1171 1334 occupata,
1195 1297 1242 1323 eo
1265 1286 1386 1324 modo
1408 1299 1488 1338 quo
1512 1294 1738 1338 pateretur,

163 1347 418 1387 elaboranda
429 1350 493 1388 vel
512 1349 828 1388 transmutanda
846 1349 1023 1388 essetab
1041 1351 1348 1401 occupante,ad
1365 1353 1631 1392 serviendum
1653 1355 1742 1394 eius

165 1413 340 1453 utilitati.
358 1415 436 1460 Qui
454 1428 552 1454 vero
569 1415 818 1454 induxerunt
834 1415 1096 1462 industriam,
1114 1428 1195 1454 non
1213 1417 1424 1468 negabant
1439 1419 1615 1469 primum
1632 1420 1741 1460 illius

167 1485 306 1517 actum
327 1478 368 1516 in
388 1479 468 1517 hoc
498 1478 606 1530 poni,
628 1485 671 1517 ut
704 1491 771 1518 res
800 1479 852 1517 ad
873 1478 1081 1517 neminem
1112 1479 1323 1530 pertinens
1353 1491 1593 1533 occupetur,
1618 1496 1742 1524 secus

167 1544 342 1583 materia
372 1545 537 1584 deesset
554 1544 665 1583 circa
695 1557 817 1596 quam
839 1544 927 1596 ipse
958 1545 1074 1583 labor
1104 1552 1143 1584 et
1173 1544 1378 1584 industria
1400 1548 1559 1587 versari
1590 1556 1737 1600 potest.

219 1609 276 1648 Ut
306 1608 628 1659 discrepantiam
659 1609 837 1648 vitemus
857 1641 865 1655 ,
898 1623 1003 1661 quae
1034 1622 1086 1648 ex
1117 1609 1255 1649 verbis
1285 1611 1414 1650 oritur
1435 1644 1443 1659 ‚
1475 1615 1735 1664 generaliore

165 1673 344 1713 formula
372 1673 563 1726 loquendi
595 1673 759 1720 utimur,
790 1680 1046 1713 statuentes:
1078 1674 1232 1713 sactum
1263 1676 1514 1727 primitivum
1545 1681 1652 1731 quod
1673 1681 1739 1720 ius

166 1737 428 1789 proprietatis
468 1737 595 1777 rebus
626 1737 834 1777 concretis
864 1738 1074 1789 applicat,
1105 1751 1199 1777 esse
1242 1740 1487 1779 exercitium
1517 1743 1741 1784 activitatis

163 1803 391 1841 humanae.
423 1802 476 1841 Et
509 1814 613 1841 sane
635 1801 831 1853 operatio,
854 1815 948 1840 cum
970 1815 995 1840 a
1016 1801 1283 1841 facultatibus
1305 1803 1504 1853 dimanet,
1524 1820 1629 1858 quae
1650 1807 1740 1848 sine

163 1867 290 1907 dubio
322 1867 362 1906 vi
383 1875 559 1907 naturae
581 1876 676 1908 sunt
697 1868 887 1920 propriae
909 1868 1136 1919 operantis,
1159 1874 1222 1907 est
1242 1869 1357 1908 velut
1377 1871 1600 1922 explicatio
1623 1886 1743 1924 quae-

164 1933 257 1972 dam
300 1933 610 1984 personalitatis
641 1933 840 1973 eiusdem.
886 1934 966 1972 Res
997 1933 1122 1984 igitur
1161 1946 1268 1985 quae
1300 1934 1481 1974 hominis
1512 1937 1743 1987 operationi

163 1999 392 2046 subiicitur,
424 1999 504 2038 hoc
536 1999 625 2051 ipso
647 1998 957 2051 personalitatis
979 1998 1067 2037 eius
1090 2006 1188 2037 nota
1211 1999 1470 2051 obsignatur,
1493 2015 1543 2041 ac
1568 2004 1740 2054 proinde

165 2078 370 2117 personae
398 2065 468 2113 illi,
500 2078 599 2116 prae
629 2064 791 2113 ceteris,
813 2064 1080 2116 singulariter
1103 2064 1346 2104 devincitur.
1372 2066 1434 2105 Ad
1455 2066 1591 2118 ipsam
1613 2069 1740 2121 igitur

166 2128 227 2168 sic
256 2129 444 2181 pertinet,
478 2136 521 2169 ut
551 2130 603 2168 ad
625 2136 789 2168 ceteros
810 2128 1017 2180 pertinere
1039 2141 1121 2166 non
1144 2127 1287 2179 possit,
1309 2128 1389 2168 nisi
1411 2129 1539 2170 libero
1561 2134 1740 2184 quodam

166 2198 263 2231 actu
292 2193 520 2232 abdicetur.
553 2194 670 2239 Quae
699 2192 805 2232 ratio
836 2205 919 2231 non
950 2205 1023 2243 pro
1047 2192 1138 2231 sola
1157 2205 1295 2230 rerum
1317 2192 1643 2245 specificatione,
1666 2199 1739 2237 sed

164 2272 240 2311 pro
269 2259 403 2310 prima
432 2259 554 2298 etiam
584 2259 862 2310 occupatione
896 2258 979 2297 vim
1010 2258 1148 2297 habet.
1179 2260 1286 2298 Nam
1317 2259 1384 2311 qui
1415 2274 1501 2300 rem
1533 2262 1573 2300 in
1605 2265 1739 2304 medio

165 2325 340 2377 positam
365 2357 373 2373 ,
403 2338 477 2364 seu
507 2338 612 2377 quae
640 2324 794 2364 nullius
824 2324 909 2372 sit,
940 2324 1097 2376 primus
1127 2330 1316 2376 occupat,
1347 2338 1438 2364 eam
1469 2327 1632 2367 actione
1663 2343 1741 2370 sua

165 2389 244 2428 sibi
274 2388 578 2442 quodammodo
608 2388 805 2436 adnectit,
828 2401 954 2441 seque
975 2388 1017 2426 in
1038 2394 1149 2427 statu
1171 2389 1384 2428 constituit
1405 2396 1447 2429 ut
1469 2393 1604 2443 quoad
1625 2393 1738 2434 illam

163 2453 257 2493 aliis
288 2451 589 2492 rationabiliter
617 2451 888 2503 praeferatur.
923 2453 965 2491 Si
997 2452 1122 2503 igitur
1151 2459 1322 2493 externe
1353 2454 1548 2503 declaret,
1584 2469 1629 2496 se
1650 2472 1737 2497 rem

162 2518 275 2557 illam
309 2517 386 2557 sibi
408 2517 589 2557 retinere
610 2516 729 2563 velle,
751 2522 794 2556 ut
816 2515 1009 2555 ulteriore
1030 2515 1174 2555 labore
1197 2516 1249 2555 ad
1271 2529 1370 2556 suos
1391 2530 1491 2557 usus
1512 2521 1739 2570 proficuam

160 2584 319 2632 reddat,
353 2582 479 2623 ceteri
509 2582 644 2634 ipsum
675 2581 898 2633 prohibere
928 2594 1012 2620 non
1042 2586 1229 2632 possunt;
1262 2581 1341 2620 nisi
1371 2589 1441 2621 aut
1470 2583 1532 2622 ius
1562 2593 1738 2638 negetur

161 2647 440 2700 prospiciendi
470 2646 674 2686 stabiliter
704 2645 895 2698 propriae
926 2644 1193 2692 necessitati,
1224 2652 1295 2683 aut
1324 2646 1483 2685 nullum
1514 2647 1736 2688 discrimen

161 2713 398 2753 habendum
428 2725 522 2752 esse
553 2712 716 2752 dicatur
744 2711 851 2750 inter
871 2723 977 2758 eum,
999 2710 1066 2762 qui
1088 2723 1175 2749 rem
1196 2711 1350 2750 nullius
1370 2712 1536 2752 actione
1558 2727 1634 2753 sua
1655 2716 1733 2754 sibi

165 2776 395 2825 adstrinxit,
426 2781 548 2829 atque
579 2789 672 2816 eum
704 2774 772 2827 qui
801 2775 882 2814 hoc
912 2774 1079 2813 vinculo
1107 2786 1282 2825 prorsus
1304 2780 1431 2814 caret.
1455 2776 1536 2814 Sed
1560 2777 1735 2828 primum

166 2840 386 2894 opponitur
414 2840 683 2893 propositioni
714 2839 871 2887 tertiae,
903 2852 928 2878 a
957 2837 1077 2877 nobis
1107 2837 1191 2876 iam
1216 2837 1535 2888 demonstratae,
1560 2841 1737 2880 alterum

169 2911 358 2958 apertam
386 2904 682 2945 absurditatem
712 2903 896 2943 includit.
927 2903 1038 2954 Ergo
1070 2905 1146 2941 etc.

249 2979 484 3011 LIBERATORE
504 2997 545 3001 —
563 2979 697 3012 Ethiccc
722 2981 756 3011 et
779 2979 843 3010 Ius
866 2980 1032 3010 naturae
1616 2979 1654 3011 12
