<?xml version="1.0" encoding="UTF-8"?>
<!DOCTYPE html PUBLIC "-//W3C//DTD XHTML 1.0 Transitional//EN"
    "http://www.w3.org/TR/xhtml1/DTD/xhtml1-transitional.dtd">
<html xmlns="http://www.w3.org/1999/xhtml" xml:lang="en" lang="en">
 <head>
  <title>
</title>
<meta http-equiv="Content-Type" content="text/html;charset=utf-8" />
  <meta name='ocr-system' content='tesseract 3.04.00' />
  <meta name='ocr-capabilities' content='ocr_page ocr_carea ocr_par ocr_line ocrx_word'/>
</head>
<body>
  <div class='ocr_page' id='page_1' title='image "./institutioneseth00libe_0031.png"; bbox 0 0 1970 3203; ppageno 0'>
   <div class='ocr_carea' id='block_1_1' title="bbox 460 202 1716 242">
    <p class='ocr_par' dir='ltr' id='par_1_1' title="bbox 460 202 1716 242">
     <span class='ocr_line' id='line_1_1' title="bbox 460 202 1716 242; baseline 0.001 -2"><span class='ocrx_word' id='word_1_1' title='bbox 460 214 596 241; x_wconf 84' lang='lat' dir='ltr'><strong>CAPUT</strong></span> <span class='ocrx_word' id='word_1_2' title='bbox 624 214 648 242; x_wconf 88' lang='lat' dir='ltr'>l.</span> <span class='ocrx_word' id='word_1_3' title='bbox 678 214 731 241; x_wconf 88' lang='lat' dir='ltr'>DE</span> <span class='ocrx_word' id='word_1_4' title='bbox 760 215 853 242; x_wconf 81' lang='lat' dir='ltr'><strong>FINE</strong></span> <span class='ocrx_word' id='word_1_5' title='bbox 884 213 1161 242; x_wconf 82' lang='lat' dir='ltr'>OPERATIONIS</span> <span class='ocrx_word' id='word_1_6' title='bbox 1191 213 1398 240; x_wconf 83' lang='lat' dir='ltr'><strong>HUMANAE</strong></span> <span class='ocrx_word' id='word_1_7' title='bbox 1667 202 1716 241; x_wconf 66' lang='lat'>27</span> 
     </span>
    </p>
   </div>
   <div class='ocr_carea' id='block_1_2' title="bbox 107 286 1720 2738">
    <p class='ocr_par' dir='ltr' id='par_1_2' title="bbox 107 286 1720 2738">
     <span class='ocr_line' id='line_1_2' title="bbox 150 286 1714 340; baseline -0.003 -12"><span class='ocrx_word' id='word_1_8' title='bbox 150 289 307 328; x_wconf 90' lang='lat' dir='ltr'>nullum</span> <span class='ocrx_word' id='word_1_9' title='bbox 322 294 397 335; x_wconf 84' lang='lat' dir='ltr'>est,</span> <span class='ocrx_word' id='word_1_10' title='bbox 414 287 494 327; x_wconf 92' lang='lat' dir='ltr'>nisi</span> <span class='ocrx_word' id='word_1_11' title='bbox 510 289 634 327; x_wconf 90' lang='lat' dir='ltr'>Deus.</span> <span class='ocrx_word' id='word_1_12' title='bbox 658 288 876 328; x_wconf 88' lang='lat' dir='ltr'>Obiectum</span> <span class='ocrx_word' id='word_1_13' title='bbox 897 288 1022 340; x_wconf 77' lang='lat' dir='ltr'>igitur</span> <span class='ocrx_word' id='word_1_14' title='bbox 1043 286 1249 327; x_wconf 75' lang='lat' dir='ltr'>felicitatis</span> <span class='ocrx_word' id='word_1_15' title='bbox 1269 287 1480 326; x_wconf 81' lang='lat' dir='ltr'>humanae</span> <span class='ocrx_word' id='word_1_16' title='bbox 1503 293 1565 325; x_wconf 86' lang='lat' dir='ltr'>est</span> <span class='ocrx_word' id='word_1_17' title='bbox 1589 287 1714 331; x_wconf 88' lang='lat' dir='ltr'>Deus;</span> 
     </span>
     <span class='ocr_line' id='line_1_3' title="bbox 149 350 1716 406; baseline -0.004 -11"><span class='ocrx_word' id='word_1_18' title='bbox 149 367 202 395; x_wconf 88' lang='lat' dir='ltr'>ex</span> <span class='ocrx_word' id='word_1_19' title='bbox 231 353 347 393; x_wconf 89' lang='lat' dir='ltr'>cuius</span> <span class='ocrx_word' id='word_1_20' title='bbox 377 354 595 405; x_wconf 80' lang='lat' dir='ltr'>adeptione</span> <span class='ocrx_word' id='word_1_21' title='bbox 623 353 783 406; x_wconf 88' lang='lat' dir='ltr'>reliqua</span> <span class='ocrx_word' id='word_1_22' title='bbox 802 353 923 399; x_wconf 84' lang='lat' dir='ltr'>bona,</span> <span class='ocrx_word' id='word_1_23' title='bbox 944 351 1064 391; x_wconf 87' lang='lat' dir='ltr'>nobis</span> <span class='ocrx_word' id='word_1_24' title='bbox 1093 351 1423 398; x_wconf 83' lang='lat' dir='ltr'>accommodata,</span> <span class='ocrx_word' id='word_1_25' title='bbox 1445 350 1716 403; x_wconf 86' lang='lat' dir='ltr'>proficiscan-</span> 
     </span>
     <span class='ocr_line' id='line_1_4' title="bbox 149 416 1717 469; baseline -0.004 -7"><span class='ocrx_word' id='word_1_26' title='bbox 149 427 223 462; x_wconf 86' lang='lat' dir='ltr'>tur.</span> <span class='ocrx_word' id='word_1_27' title='bbox 245 421 311 461; x_wconf 82' lang='lat' dir='ltr'>Ad</span> <span class='ocrx_word' id='word_1_28' title='bbox 331 434 418 461; x_wconf 88' lang='lat' dir='ltr'>rem</span> <span class='ocrx_word' id='word_1_29' title='bbox 440 422 481 460; x_wconf 88' lang='lat' dir='ltr'>S.</span> <span class='ocrx_word' id='word_1_30' title='bbox 500 422 668 460; x_wconf 87' lang='lat' dir='ltr'>Tomas:</span> <span class='ocrx_word' id='word_1_31' title='bbox 693 434 713 458; x_wconf 84' lang='grc'>(&lt;</span> <span class='ocrx_word' id='word_1_32' title='bbox 735 419 953 458; x_wconf 85' lang='lat' dir='ltr'>Beatitudo</span> <span class='ocrx_word' id='word_1_33' title='bbox 984 426 1046 457; x_wconf 88' lang='lat' dir='ltr'>est</span> <span class='ocrx_word' id='word_1_34' title='bbox 1075 418 1228 457; x_wconf 89' lang='lat' dir='ltr'>bonum</span> <span class='ocrx_word' id='word_1_35' title='bbox 1259 416 1500 469; x_wconf 86' lang='lat' dir='ltr'>perfectum,</span> <span class='ocrx_word' id='word_1_36' title='bbox 1523 417 1631 468; x_wconf 87' lang='lat' dir='ltr'>quod</span> <span class='ocrx_word' id='word_1_37' title='bbox 1663 423 1717 456; x_wconf 83' lang='lat' dir='ltr'>to-</span> 
     </span>
     <span class='ocr_line' id='line_1_5' title="bbox 150 482 1716 540; baseline -0.004 -12"><span class='ocrx_word' id='word_1_38' title='bbox 150 489 285 528; x_wconf 80' lang='lat' dir='ltr'>taliter</span> <span class='ocrx_word' id='word_1_39' title='bbox 315 487 470 540; x_wconf 88' lang='lat' dir='ltr'>quietat</span> <span class='ocrx_word' id='word_1_40' title='bbox 498 486 737 539; x_wconf 88' lang='lat' dir='ltr'>appetitum:</span> <span class='ocrx_word' id='word_1_41' title='bbox 758 484 939 537; x_wconf 88' lang='lat' dir='ltr'>alioquin</span> <span class='ocrx_word' id='word_1_42' title='bbox 960 496 1044 523; x_wconf 89' lang='lat' dir='ltr'>non</span> <span class='ocrx_word' id='word_1_43' title='bbox 1065 489 1179 522; x_wconf 85' lang='lat' dir='ltr'>esset</span> <span class='ocrx_word' id='word_1_44' title='bbox 1200 483 1368 522; x_wconf 88' lang='lat' dir='ltr'>ultimus</span> <span class='ocrx_word' id='word_1_45' title='bbox 1388 483 1496 531; x_wconf 81' lang='lat' dir='ltr'>finis,</span> <span class='ocrx_word' id='word_1_46' title='bbox 1519 482 1553 522; x_wconf 91' lang='lat' dir='ltr'>si</span> <span class='ocrx_word' id='word_1_47' title='bbox 1581 483 1716 521; x_wconf 86' lang='lat' dir='ltr'>adhuc</span> 
     </span>
     <span class='ocr_line' id='line_1_6' title="bbox 151 546 1716 603; baseline -0.004 -12"><span class='ocrx_word' id='word_1_48' title='bbox 151 552 334 592; x_wconf 71' lang='lat' dir='ltr'>’restaret</span> <span class='ocrx_word' id='word_1_49' title='bbox 363 550 516 603; x_wconf 88' lang='lat' dir='ltr'>aliquid</span> <span class='ocrx_word' id='word_1_50' title='bbox 535 549 824 603; x_wconf 88' lang='lat' dir='ltr'>appetendum.</span> <span class='ocrx_word' id='word_1_51' title='bbox 847 549 1068 588; x_wconf 90' lang='lat' dir='ltr'>Obiectum</span> <span class='ocrx_word' id='word_1_52' title='bbox 1090 553 1229 585; x_wconf 88' lang='lat' dir='ltr'>autem</span> <span class='ocrx_word' id='word_1_53' title='bbox 1255 546 1492 594; x_wconf 82' lang='lat' dir='ltr'>voluntatis,</span> <span class='ocrx_word' id='word_1_54' title='bbox 1510 559 1630 598; x_wconf 77' lang='lat' dir='ltr'>‘quae</span> <span class='ocrx_word' id='word_1_55' title='bbox 1653 554 1716 585; x_wconf 90' lang='lat' dir='ltr'>est</span> 
     </span>
     <span class='ocr_line' id='line_1_7' title="bbox 154 611 1720 668; baseline -0.004 -12"><span class='ocrx_word' id='word_1_56' title='bbox 154 616 360 668; x_wconf 89' lang='lat' dir='ltr'>appetitus</span> <span class='ocrx_word' id='word_1_57' title='bbox 389 615 611 662; x_wconf 85' lang='lat' dir='ltr'>humanus,</span> <span class='ocrx_word' id='word_1_58' title='bbox 641 621 704 655; x_wconf 88' lang='lat' dir='ltr'>est</span> <span class='ocrx_word' id='word_1_59' title='bbox 725 613 962 653; x_wconf 85' lang='lat' dir='ltr'>universale</span> <span class='ocrx_word' id='word_1_60' title='bbox 997 611 1164 659; x_wconf 83' lang='lat' dir='ltr'>bonum,</span> <span class='ocrx_word' id='word_1_61' title='bbox 1188 611 1295 651; x_wconf 89' lang='lat' dir='ltr'>sicut</span> <span class='ocrx_word' id='word_1_62' title='bbox 1329 612 1535 651; x_wconf 88' lang='lat' dir='ltr'>obiectum</span> <span class='ocrx_word' id='word_1_63' title='bbox 1563 611 1720 651; x_wconf 91' lang='lat' dir='ltr'>intelle-</span> 
     </span>
     <span class='ocr_line' id='line_1_8' title="bbox 152 675 1718 728; baseline -0.003 -8"><span class='ocrx_word' id='word_1_64' title='bbox 152 686 243 720; x_wconf 91' lang='lat' dir='ltr'>ctus</span> <span class='ocrx_word' id='word_1_65' title='bbox 272 684 335 718; x_wconf 92' lang='lat' dir='ltr'>est</span> <span class='ocrx_word' id='word_1_66' title='bbox 356 677 592 718; x_wconf 85' lang='lat' dir='ltr'>universale</span> <span class='ocrx_word' id='word_1_67' title='bbox 622 690 780 717; x_wconf 85' lang='lat' dir='ltr'>verum.</span> <span class='ocrx_word' id='word_1_68' title='bbox 803 679 867 717; x_wconf 77' lang='lat' dir='ltr'>Ex</span> <span class='ocrx_word' id='word_1_69' title='bbox 888 690 968 728; x_wconf 87' lang='lat' dir='ltr'>quo</span> <span class='ocrx_word' id='word_1_70' title='bbox 990 682 1100 728; x_wconf 85' lang='lat' dir='ltr'>patet</span> <span class='ocrx_word' id='word_1_71' title='bbox 1120 675 1230 728; x_wconf 89' lang='lat' dir='ltr'>quod</span> <span class='ocrx_word' id='word_1_72' title='bbox 1249 675 1351 715; x_wconf 90' lang='lat' dir='ltr'>nihil</span> <span class='ocrx_word' id='word_1_73' title='bbox 1373 682 1505 727; x_wconf 84' lang='lat' dir='ltr'>potest</span> <span class='ocrx_word' id='word_1_74' title='bbox 1535 676 1718 728; x_wconf 87' lang='lat' dir='ltr'>quietare</span> 
     </span>
     <span class='ocr_line' id='line_1_9' title="bbox 156 740 1716 793; baseline -0.003 -11"><span class='ocrx_word' id='word_1_75' title='bbox 156 744 413 783; x_wconf 85' lang='lat' dir='ltr'>voluntatem</span> <span class='ocrx_word' id='word_1_76' title='bbox 433 742 626 791; x_wconf 86' lang='lat' dir='ltr'>hominis,</span> <span class='ocrx_word' id='word_1_77' title='bbox 647 742 727 782; x_wconf 89' lang='lat' dir='ltr'>nisi</span> <span class='ocrx_word' id='word_1_78' title='bbox 747 742 899 782; x_wconf 91' lang='lat' dir='ltr'>bonum</span> <span class='ocrx_word' id='word_1_79' title='bbox 922 741 1170 789; x_wconf 77' lang='lat' dir='ltr'>universale;</span> <span class='ocrx_word' id='word_1_80' title='bbox 1201 740 1309 793; x_wconf 88' lang='lat' dir='ltr'>quod</span> <span class='ocrx_word' id='word_1_81' title='bbox 1329 753 1412 780; x_wconf 90' lang='lat' dir='ltr'>non</span> <span class='ocrx_word' id='word_1_82' title='bbox 1440 740 1646 780; x_wconf 75' lang='lat' dir='ltr'>invenitur</span> <span class='ocrx_word' id='word_1_83' title='bbox 1674 740 1716 778; x_wconf 90' lang='lat' dir='ltr'>in</span> 
     </span>
     <span class='ocr_line' id='line_1_10' title="bbox 152 803 1718 859; baseline -0.003 -13"><span class='ocrx_word' id='word_1_84' title='bbox 152 808 291 859; x_wconf 88' lang='lat' dir='ltr'>aliquo</span> <span class='ocrx_word' id='word_1_85' title='bbox 313 813 467 856; x_wconf 87' lang='lat' dir='ltr'>creato,</span> <span class='ocrx_word' id='word_1_86' title='bbox 489 807 562 847; x_wconf 91' lang='lat' dir='ltr'>sed</span> <span class='ocrx_word' id='word_1_87' title='bbox 583 808 718 847; x_wconf 84' lang='lat' dir='ltr'>solum</span> <span class='ocrx_word' id='word_1_88' title='bbox 738 806 779 846; x_wconf 89' lang='lat' dir='ltr'>in</span> <span class='ocrx_word' id='word_1_89' title='bbox 802 807 901 853; x_wconf 90' lang='lat' dir='ltr'>Deo;</span> <span class='ocrx_word' id='word_1_90' title='bbox 922 806 1017 858; x_wconf 88' lang='lat' dir='ltr'>quia</span> <span class='ocrx_word' id='word_1_91' title='bbox 1037 805 1173 844; x_wconf 91' lang='lat' dir='ltr'>omnis</span> <span class='ocrx_word' id='word_1_92' title='bbox 1193 810 1386 844; x_wconf 86' lang='lat' dir='ltr'>creatura</span> <span class='ocrx_word' id='word_1_93' title='bbox 1406 803 1532 843; x_wconf 87' lang='lat' dir='ltr'>habet</span> <span class='ocrx_word' id='word_1_94' title='bbox 1551 803 1718 843; x_wconf 89' lang='lat' dir='ltr'>bonita-</span> 
     </span>
     <span class='ocr_line' id='line_1_11' title="bbox 154 868 1717 924; baseline -0.002 -14"><span class='ocrx_word' id='word_1_95' title='bbox 154 876 237 912; x_wconf 86' lang='lat' dir='ltr'>tem</span> <span class='ocrx_word' id='word_1_96' title='bbox 257 872 558 924; x_wconf 74' lang='lat' dir='ltr'>participatam.</span> <span class='ocrx_word' id='word_1_97' title='bbox 580 871 702 912; x_wconf 90' lang='lat' dir='ltr'>Unde</span> <span class='ocrx_word' id='word_1_98' title='bbox 719 871 832 911; x_wconf 85' lang='lat' dir='ltr'>solus</span> <span class='ocrx_word' id='word_1_99' title='bbox 852 872 966 910; x_wconf 89' lang='lat' dir='ltr'>Deus</span> <span class='ocrx_word' id='word_1_100' title='bbox 987 870 1242 909; x_wconf 78' lang='lat' dir='ltr'>voluntatem</span> <span class='ocrx_word' id='word_1_101' title='bbox 1256 868 1437 908; x_wconf 89' lang='lat' dir='ltr'>hominis</span> <span class='ocrx_word' id='word_1_102' title='bbox 1458 868 1630 920; x_wconf 84' lang='lat' dir='ltr'>implere</span> <span class='ocrx_word' id='word_1_103' title='bbox 1652 881 1717 919; x_wconf 91' lang='lat' dir='ltr'>po-</span> 
     </span>
     <span class='ocr_line' id='line_1_12' title="bbox 149 932 1715 988; baseline -0.001 -14"><span class='ocrx_word' id='word_1_104' title='bbox 149 940 240 984; x_wconf 86' lang='lat' dir='ltr'>test,</span> <span class='ocrx_word' id='word_1_105' title='bbox 263 935 491 975; x_wconf 88' lang='lat' dir='ltr'>secundum</span> <span class='ocrx_word' id='word_1_106' title='bbox 512 937 622 988; x_wconf 91' lang='lat' dir='ltr'>quod</span> <span class='ocrx_word' id='word_1_107' title='bbox 643 936 790 975; x_wconf 89' lang='lat' dir='ltr'>dicitur</span> <span class='ocrx_word' id='word_1_108' title='bbox 810 937 851 975; x_wconf 91' lang='lat' dir='ltr'>in</span> <span class='ocrx_word' id='word_1_109' title='bbox 873 936 1042 974; x_wconf 86' lang='lat' dir='ltr'>Psalmo</span> <span class='ocrx_word' id='word_1_110' title='bbox 1059 933 1429 985; x_wconf 71' lang='lat' dir='ltr'>102:-Quireplet</span> <span class='ocrx_word' id='word_1_111' title='bbox 1445 932 1486 972; x_wconf 90' lang='lat' dir='ltr'>in</span> <span class='ocrx_word' id='word_1_112' title='bbox 1504 932 1623 971; x_wconf 86' lang='lat' dir='ltr'>bonis</span> <span class='ocrx_word' id='word_1_113' title='bbox 1641 932 1715 972; x_wconf 82' lang='lat' dir='ltr'>de—</span> 
     </span>
     <span class='ocr_line' id='line_1_13' title="bbox 151 997 1630 1052; baseline -0.003 -14"><span class='ocrx_word' id='word_1_114' title='bbox 151 998 358 1039; x_wconf 85' lang='lat' dir='ltr'>siderium.</span> <span class='ocrx_word' id='word_1_115' title='bbox 375 1000 490 1038; x_wconf 85' lang='lat' dir='ltr'>-In</span> <span class='ocrx_word' id='word_1_116' title='bbox 510 1001 599 1040; x_wconf 92' lang='lat' dir='ltr'>solo</span> <span class='ocrx_word' id='word_1_117' title='bbox 620 1000 745 1052; x_wconf 86' lang='lat' dir='ltr'>igitur</span> <span class='ocrx_word' id='word_1_118' title='bbox 765 1001 852 1039; x_wconf 90' lang='lat' dir='ltr'>Deo</span> <span class='ocrx_word' id='word_1_119' title='bbox 875 998 1082 1039; x_wconf 84' lang='lat' dir='ltr'>beatitudo</span> <span class='ocrx_word' id='word_1_120' title='bbox 1104 998 1283 1038; x_wconf 87' lang='lat' dir='ltr'>hominis</span> <span class='ocrx_word' id='word_1_121' title='bbox 1304 997 1495 1037; x_wconf 78' lang='lat' dir='ltr'>consistit</span> <span class='ocrx_word' id='word_1_122' title='bbox 1518 999 1589 1048; x_wconf 74' lang='lat'>(1).</span> <span class='ocrx_word' id='word_1_123' title='bbox 1611 1012 1630 1034; x_wconf 68' lang='grc' dir='ltr'>,η</span> 
     </span>
     <span class='ocr_line' id='line_1_14' title="bbox 201 1064 1716 1117; baseline -0.001 -13"><span class='ocrx_word' id='word_1_124' title='bbox 201 1067 337 1117; x_wconf 86' lang='lat' dir='ltr'>Atque</span> <span class='ocrx_word' id='word_1_125' title='bbox 358 1066 463 1105; x_wconf 90' lang='lat' dir='ltr'>haec</span> <span class='ocrx_word' id='word_1_126' title='bbox 483 1071 569 1105; x_wconf 88' lang='lat' dir='ltr'>tam</span> <span class='ocrx_word' id='word_1_127' title='bbox 590 1066 779 1106; x_wconf 87' lang='lat' dir='ltr'>sublimis</span> <span class='ocrx_word' id='word_1_128' title='bbox 800 1065 954 1104; x_wconf 79' lang='lat' dir='ltr'>veritas</span> <span class='ocrx_word' id='word_1_129' title='bbox 984 1064 1062 1117; x_wconf 87' lang='lat' dir='ltr'>ipsi</span> <span class='ocrx_word' id='word_1_130' title='bbox 1083 1064 1218 1104; x_wconf 83' lang='lat' dir='ltr'>illuxit</span> <span class='ocrx_word' id='word_1_131' title='bbox 1236 1064 1412 1111; x_wconf 85' lang='lat' dir='ltr'>Platoni,</span> <span class='ocrx_word' id='word_1_132' title='bbox 1434 1065 1530 1104; x_wconf 87' lang='lat' dir='ltr'>licet</span> <span class='ocrx_word' id='word_1_133' title='bbox 1563 1064 1716 1103; x_wconf 88' lang='lat' dir='ltr'>lumine</span> 
     </span>
     <span class='ocr_line' id='line_1_15' title="bbox 149 1128 1712 1182; baseline 0 -15"><span class='ocrx_word' id='word_1_134' title='bbox 149 1128 245 1168; x_wconf 88' lang='lat' dir='ltr'>fidei</span> <span class='ocrx_word' id='word_1_135' title='bbox 276 1128 482 1177; x_wconf 78' lang='lat' dir='ltr'>destitut03</span> <span class='ocrx_word' id='word_1_136' title='bbox 499 1130 566 1182; x_wconf 88' lang='lat' dir='ltr'>qui</span> <span class='ocrx_word' id='word_1_137' title='bbox 583 1143 817 1182; x_wconf 77' lang='lat' dir='ltr'>supremam</span> <span class='ocrx_word' id='word_1_138' title='bbox 833 1129 1014 1169; x_wconf 90' lang='lat' dir='ltr'>hominis</span> <span class='ocrx_word' id='word_1_139' title='bbox 1031 1129 1268 1169; x_wconf 85' lang='lat' dir='ltr'>felicitatem</span> <span class='ocrx_word' id='word_1_140' title='bbox 1291 1130 1332 1168; x_wconf 89' lang='lat' dir='ltr'>in</span> <span class='ocrx_word' id='word_1_141' title='bbox 1353 1129 1570 1168; x_wconf 88' lang='lat' dir='ltr'>intuitione</span> <span class='ocrx_word' id='word_1_142' title='bbox 1590 1141 1712 1179; x_wconf 89' lang='lat' dir='ltr'>repo-</span> 
     </span>
     <span class='ocr_line' id='line_1_16' title="bbox 149 1192 1714 1246; baseline -0.001 -15"><span class='ocrx_word' id='word_1_143' title='bbox 149 1192 230 1232; x_wconf 82' lang='lat' dir='ltr'>suit</span> <span class='ocrx_word' id='word_1_144' title='bbox 259 1193 410 1232; x_wconf 89' lang='lat' dir='ltr'>summi</span> <span class='ocrx_word' id='word_1_145' title='bbox 439 1193 534 1233; x_wconf 88' lang='lat' dir='ltr'>boni</span> <span class='ocrx_word' id='word_1_146' title='bbox 564 1194 825 1241; x_wconf 88' lang='lat' dir='ltr'>universalis,</span> <span class='ocrx_word' id='word_1_147' title='bbox 847 1207 953 1246; x_wconf 87' lang='lat' dir='ltr'>quae</span> <span class='ocrx_word' id='word_1_148' title='bbox 973 1206 1057 1233; x_wconf 81' lang='lat' dir='ltr'>non</span> <span class='ocrx_word' id='word_1_149' title='bbox 1088 1193 1287 1245; x_wconf 83' lang='lat' dir='ltr'>caliganti</span> <span class='ocrx_word' id='word_1_150' title='bbox 1307 1192 1404 1232; x_wconf 92' lang='lat' dir='ltr'>huic</span> <span class='ocrx_word' id='word_1_151' title='bbox 1431 1205 1536 1231; x_wconf 85' lang='lat' dir='ltr'>aevo</span> <span class='ocrx_word' id='word_1_152' title='bbox 1558 1205 1714 1231; x_wconf 79' lang='lat' dir='ltr'>conce-</span> 
     </span>
     <span class='ocr_line' id='line_1_17' title="bbox 150 1258 1715 1312; baseline -0.002 -15"><span class='ocrx_word' id='word_1_153' title='bbox 150 1258 280 1308; x_wconf 80' lang='lat' dir='ltr'>datur,</span> <span class='ocrx_word' id='word_1_154' title='bbox 297 1259 373 1298; x_wconf 85' lang='lat' dir='ltr'>sed</span> <span class='ocrx_word' id='word_1_155' title='bbox 389 1259 572 1299; x_wconf 91' lang='lat' dir='ltr'>animum</span> <span class='ocrx_word' id='word_1_156' title='bbox 587 1273 760 1312; x_wconf 87' lang='lat' dir='ltr'>corpore</span> <span class='ocrx_word' id='word_1_157' title='bbox 777 1261 956 1300; x_wconf 87' lang='lat' dir='ltr'>solutum</span> <span class='ocrx_word' id='word_1_158' title='bbox 978 1260 1019 1298; x_wconf 90' lang='lat' dir='ltr'>in</span> <span class='ocrx_word' id='word_1_159' title='bbox 1042 1259 1300 1311; x_wconf 78' lang='lat' dir='ltr'>perennitate</span> <span class='ocrx_word' id='word_1_160' title='bbox 1321 1259 1430 1298; x_wconf 83' lang='lat' dir='ltr'>vitae</span> <span class='ocrx_word' id='word_1_161' title='bbox 1451 1264 1620 1297; x_wconf 89' lang='lat' dir='ltr'>maneat</span> <span class='ocrx_word' id='word_1_162' title='bbox 1641 1259 1715 1309; x_wconf 70' lang='lat'>(2).</span> 
     </span>
     <span class='ocr_line' id='line_1_18' title="bbox 205 1324 1718 1379; baseline -0.001 -15"><span class='ocrx_word' id='word_1_163' title='bbox 205 1326 267 1365; x_wconf 75' lang='lat'>21.</span> <span class='ocrx_word' id='word_1_164' title='bbox 299 1326 506 1374; x_wconf 83' lang='lat' dir='ltr'>Quaestio.</span> <span class='ocrx_word' id='word_1_165' title='bbox 539 1326 691 1372; x_wconf 84' lang='lat' dir='ltr'>Quaeri</span> <span class='ocrx_word' id='word_1_166' title='bbox 712 1333 847 1379; x_wconf 86' lang='lat' dir='ltr'>potest</span> <span class='ocrx_word' id='word_1_167' title='bbox 868 1339 938 1378; x_wconf 87' lang='lat' dir='ltr'>per</span> <span class='ocrx_word' id='word_1_168' title='bbox 955 1338 1075 1378; x_wconf 88' lang='lat' dir='ltr'>quem</span> <span class='ocrx_word' id='word_1_169' title='bbox 1093 1330 1231 1364; x_wconf 88' lang='lat' dir='ltr'>actum</span> <span class='ocrx_word' id='word_1_170' title='bbox 1253 1324 1379 1363; x_wconf 90' lang='lat' dir='ltr'>animi</span> <span class='ocrx_word' id='word_1_171' title='bbox 1401 1324 1605 1364; x_wconf 78' lang='lat' dir='ltr'>habeatur</span> <span class='ocrx_word' id='word_1_172' title='bbox 1626 1324 1718 1362; x_wconf 82' lang='lat' dir='ltr'>ade-</span> 
     </span>
     <span class='ocr_line' id='line_1_19' title="bbox 150 1387 1716 1442; baseline -0.001 -15"><span class='ocrx_word' id='word_1_173' title='bbox 150 1389 233 1439; x_wconf 89' lang='lat' dir='ltr'>ptio</span> <span class='ocrx_word' id='word_1_174' title='bbox 260 1389 382 1429; x_wconf 84' lang='lat' dir='ltr'>huius</span> <span class='ocrx_word' id='word_1_175' title='bbox 411 1389 560 1428; x_wconf 89' lang='lat' dir='ltr'>summi</span> <span class='ocrx_word' id='word_1_176' title='bbox 591 1390 700 1438; x_wconf 88' lang='lat' dir='ltr'>boni,</span> <span class='ocrx_word' id='word_1_177' title='bbox 729 1404 827 1430; x_wconf 92' lang='lat' dir='ltr'>num</span> <span class='ocrx_word' id='word_1_178' title='bbox 858 1404 929 1442; x_wconf 87' lang='lat' dir='ltr'>per</span> <span class='ocrx_word' id='word_1_179' title='bbox 958 1399 1097 1429; x_wconf 87' lang='lat' dir='ltr'>actum</span> <span class='ocrx_word' id='word_1_180' title='bbox 1132 1388 1365 1428; x_wconf 87' lang='lat' dir='ltr'>intellectus</span> <span class='ocrx_word' id='word_1_181' title='bbox 1395 1401 1449 1427; x_wconf 88' lang='lat' dir='ltr'>an</span> <span class='ocrx_word' id='word_1_182' title='bbox 1479 1387 1716 1427; x_wconf 84' lang='lat' dir='ltr'>voluntatis.</span> 
     </span>
     <span class='ocr_line' id='line_1_20' title="bbox 151 1451 1713 1504; baseline -0.003 -12"><span class='ocrx_word' id='word_1_183' title='bbox 151 1452 284 1498; x_wconf 85' lang='lat' dir='ltr'>Quam</span> <span class='ocrx_word' id='word_1_184' title='bbox 315 1452 600 1504; x_wconf 89' lang='lat' dir='ltr'>quaestionem</span> <span class='ocrx_word' id='word_1_185' title='bbox 630 1454 691 1493; x_wconf 87' lang='lat' dir='ltr'>sic</span> <span class='ocrx_word' id='word_1_186' title='bbox 711 1453 814 1493; x_wconf 89' lang='lat' dir='ltr'>scite</span> <span class='ocrx_word' id='word_1_187' title='bbox 835 1453 1006 1492; x_wconf 81' lang='lat' dir='ltr'>resolvit</span> <span class='ocrx_word' id='word_1_188' title='bbox 1036 1454 1076 1492; x_wconf 79' lang='lat' dir='ltr'>S.</span> <span class='ocrx_word' id='word_1_189' title='bbox 1100 1453 1298 1491; x_wconf 77' lang='lat' dir='ltr'>Thomas.</span> <span class='ocrx_word' id='word_1_190' title='bbox 1323 1465 1343 1488; x_wconf 64' lang='lat' dir='ltr'>s&lt;</span> <span class='ocrx_word' id='word_1_191' title='bbox 1367 1451 1587 1491; x_wconf 84' lang='lat' dir='ltr'>Beatitudo</span> <span class='ocrx_word' id='word_1_192' title='bbox 1611 1453 1713 1501; x_wconf 80' lang='lat' dir='ltr'>(non</span> 
     </span>
     <span class='ocr_line' id='line_1_21' title="bbox 151 1515 1716 1568; baseline -0.001 -15"><span class='ocrx_word' id='word_1_193' title='bbox 151 1515 353 1554; x_wconf 73' lang='lat' dir='ltr'>obiectiva</span> <span class='ocrx_word' id='word_1_194' title='bbox 383 1516 456 1554; x_wconf 78' lang='lat' dir='ltr'>secl</span> <span class='ocrx_word' id='word_1_195' title='bbox 479 1517 707 1568; x_wconf 76' lang='lat' dir='ltr'>sor-malis)</span> <span class='ocrx_word' id='word_1_196' title='bbox 739 1523 801 1557; x_wconf 89' lang='lat' dir='ltr'>est</span> <span class='ocrx_word' id='word_1_197' title='bbox 831 1516 1099 1568; x_wconf 88' lang='lat' dir='ltr'>consequutio</span> <span class='ocrx_word' id='word_1_198' title='bbox 1128 1515 1224 1554; x_wconf 89' lang='lat' dir='ltr'>finis</span> <span class='ocrx_word' id='word_1_199' title='bbox 1253 1515 1397 1555; x_wconf 88' lang='lat' dir='ltr'>ultimi.</span> <span class='ocrx_word' id='word_1_200' title='bbox 1436 1515 1716 1567; x_wconf 85' lang='lat' dir='ltr'>Consequutio</span> 
     </span>
     <span class='ocr_line' id='line_1_22' title="bbox 150 1578 1715 1630; baseline 0 -13"><span class='ocrx_word' id='word_1_201' title='bbox 150 1584 289 1618; x_wconf 88' lang='lat' dir='ltr'>autem</span> <span class='ocrx_word' id='word_1_202' title='bbox 319 1578 415 1618; x_wconf 87' lang='lat' dir='ltr'>finis</span> <span class='ocrx_word' id='word_1_203' title='bbox 444 1591 527 1617; x_wconf 90' lang='lat' dir='ltr'>non</span> <span class='ocrx_word' id='word_1_204' title='bbox 557 1579 747 1618; x_wconf 83' lang='lat' dir='ltr'>consistit</span> <span class='ocrx_word' id='word_1_205' title='bbox 776 1580 818 1618; x_wconf 93' lang='lat' dir='ltr'>in</span> <span class='ocrx_word' id='word_1_206' title='bbox 846 1580 936 1630; x_wconf 89' lang='lat' dir='ltr'>ipso</span> <span class='ocrx_word' id='word_1_207' title='bbox 966 1586 1062 1619; x_wconf 86' lang='lat' dir='ltr'>actu</span> <span class='ocrx_word' id='word_1_208' title='bbox 1092 1580 1343 1628; x_wconf 75' lang='lat' dir='ltr'>voluntatis3</span> <span class='ocrx_word' id='word_1_209' title='bbox 1374 1580 1566 1618; x_wconf 86' lang='lat' dir='ltr'>voluntas</span> <span class='ocrx_word' id='word_1_210' title='bbox 1607 1578 1715 1618; x_wconf 89' lang='lat' dir='ltr'>enim</span> 
     </span>
     <span class='ocr_line' id='line_1_23' title="bbox 151 1641 1713 1693; baseline -0.001 -12"><span class='ocrx_word' id='word_1_211' title='bbox 151 1641 279 1681; x_wconf 86' lang='lat' dir='ltr'>fertur</span> <span class='ocrx_word' id='word_1_212' title='bbox 307 1641 350 1680; x_wconf 88' lang='lat' dir='ltr'>in</span> <span class='ocrx_word' id='word_1_213' title='bbox 371 1643 510 1691; x_wconf 87' lang='lat' dir='ltr'>finem,</span> <span class='ocrx_word' id='word_1_214' title='bbox 540 1649 583 1682; x_wconf 94' lang='lat' dir='ltr'>ut</span> <span class='ocrx_word' id='word_1_215' title='bbox 611 1643 826 1682; x_wconf 88' lang='lat' dir='ltr'>absentem</span> <span class='ocrx_word' id='word_1_216' title='bbox 857 1656 952 1682; x_wconf 89' lang='lat' dir='ltr'>cum</span> <span class='ocrx_word' id='word_1_217' title='bbox 981 1643 1115 1693; x_wconf 88' lang='lat' dir='ltr'>ipsum</span> <span class='ocrx_word' id='word_1_218' title='bbox 1147 1643 1364 1690; x_wconf 82' lang='lat' dir='ltr'>desiderat,</span> <span class='ocrx_word' id='word_1_219' title='bbox 1395 1650 1436 1682; x_wconf 88' lang='lat' dir='ltr'>et</span> <span class='ocrx_word' id='word_1_220' title='bbox 1455 1648 1498 1681; x_wconf 90' lang='lat' dir='ltr'>ut</span> <span class='ocrx_word' id='word_1_221' title='bbox 1523 1655 1713 1693; x_wconf 75' lang='lat' dir='ltr'>praesen-</span> 
     </span>
     <span class='ocr_line' id='line_1_24' title="bbox 153 1706 1714 1759; baseline -0.001 -14"><span class='ocrx_word' id='word_1_222' title='bbox 153 1710 235 1745; x_wconf 88' lang='lat' dir='ltr'>tem</span> <span class='ocrx_word' id='word_1_223' title='bbox 265 1718 359 1744; x_wconf 92' lang='lat' dir='ltr'>cum</span> <span class='ocrx_word' id='word_1_224' title='bbox 387 1706 429 1745; x_wconf 91' lang='lat' dir='ltr'>in</span> <span class='ocrx_word' id='word_1_225' title='bbox 456 1708 547 1759; x_wconf 90' lang='lat' dir='ltr'>ipso</span> <span class='ocrx_word' id='word_1_226' title='bbox 576 1707 844 1759; x_wconf 87' lang='lat' dir='ltr'>requiescens</span> <span class='ocrx_word' id='word_1_227' title='bbox 884 1707 1117 1746; x_wconf 84' lang='lat' dir='ltr'>delectatur.</span> <span class='ocrx_word' id='word_1_228' title='bbox 1167 1706 1437 1746; x_wconf 86' lang='lat' dir='ltr'>Manifestum</span> <span class='ocrx_word' id='word_1_229' title='bbox 1475 1712 1537 1745; x_wconf 91' lang='lat' dir='ltr'>est</span> <span class='ocrx_word' id='word_1_230' title='bbox 1576 1711 1714 1744; x_wconf 86' lang='lat' dir='ltr'>autem</span> 
     </span>
     <span class='ocr_line' id='line_1_25' title="bbox 153 1772 1716 1824; baseline 0.001 -14"><span class='ocrx_word' id='word_1_231' title='bbox 153 1772 261 1824; x_wconf 86' lang='lat' dir='ltr'>quod</span> <span class='ocrx_word' id='word_1_232' title='bbox 291 1772 425 1823; x_wconf 90' lang='lat' dir='ltr'>ipsum</span> <span class='ocrx_word' id='word_1_233' title='bbox 458 1773 707 1813; x_wconf 85' lang='lat' dir='ltr'>desiderium</span> <span class='ocrx_word' id='word_1_234' title='bbox 740 1773 834 1812; x_wconf 87' lang='lat' dir='ltr'>finis</span> <span class='ocrx_word' id='word_1_235' title='bbox 864 1786 948 1812; x_wconf 91' lang='lat' dir='ltr'>non</span> <span class='ocrx_word' id='word_1_236' title='bbox 979 1779 1041 1812; x_wconf 88' lang='lat' dir='ltr'>est</span> <span class='ocrx_word' id='word_1_237' title='bbox 1079 1772 1348 1824; x_wconf 86' lang='lat' dir='ltr'>consequutio</span> <span class='ocrx_word' id='word_1_238' title='bbox 1386 1772 1506 1819; x_wconf 79' lang='lat' dir='ltr'>finis,</span> <span class='ocrx_word' id='word_1_239' title='bbox 1543 1773 1617 1811; x_wconf 90' lang='lat' dir='ltr'>sed</span> <span class='ocrx_word' id='word_1_240' title='bbox 1654 1782 1716 1811; x_wconf 89' lang='lat' dir='ltr'>est</span> 
     </span>
     <span class='ocr_line' id='line_1_26' title="bbox 154 1838 1717 1889; baseline -0.001 -12"><span class='ocrx_word' id='word_1_241' title='bbox 154 1844 290 1878; x_wconf 90' lang='lat' dir='ltr'>motus</span> <span class='ocrx_word' id='word_1_242' title='bbox 320 1839 371 1877; x_wconf 86' lang='lat' dir='ltr'>ad</span> <span class='ocrx_word' id='word_1_243' title='bbox 401 1840 541 1879; x_wconf 89' lang='lat' dir='ltr'>finem.</span> <span class='ocrx_word' id='word_1_244' title='bbox 571 1839 804 1879; x_wconf 87' lang='lat' dir='ltr'>Delectatio</span> <span class='ocrx_word' id='word_1_245' title='bbox 834 1845 972 1878; x_wconf 88' lang='lat' dir='ltr'>autem</span> <span class='ocrx_word' id='word_1_246' title='bbox 1002 1838 1168 1878; x_wconf 77' lang='lat' dir='ltr'>advenit</span> <span class='ocrx_word' id='word_1_247' title='bbox 1195 1838 1398 1877; x_wconf 84' lang='lat' dir='ltr'>voluntati</span> <span class='ocrx_word' id='word_1_248' title='bbox 1428 1852 1481 1877; x_wconf 78' lang='lat' dir='ltr'>ex</span> <span class='ocrx_word' id='word_1_249' title='bbox 1507 1840 1587 1877; x_wconf 94' lang='lat' dir='ltr'>hoc</span> <span class='ocrx_word' id='word_1_250' title='bbox 1608 1838 1717 1889; x_wconf 87' lang='lat' dir='ltr'>quod</span> 
     </span>
     <span class='ocr_line' id='line_1_27' title="bbox 149 1901 1719 1954; baseline -0.001 -12"><span class='ocrx_word' id='word_1_251' title='bbox 149 1903 244 1942; x_wconf 86' lang='lat' dir='ltr'>finis</span> <span class='ocrx_word' id='word_1_252' title='bbox 275 1912 338 1943; x_wconf 90' lang='lat' dir='ltr'>est</span> <span class='ocrx_word' id='word_1_253' title='bbox 365 1916 578 1954; x_wconf 77' lang='lat' dir='ltr'>praesens3</span> <span class='ocrx_word' id='word_1_254' title='bbox 607 1916 692 1942; x_wconf 89' lang='lat' dir='ltr'>non</span> <span class='ocrx_word' id='word_1_255' title='bbox 720 1909 859 1942; x_wconf 89' lang='lat' dir='ltr'>autem</span> <span class='ocrx_word' id='word_1_256' title='bbox 890 1916 911 1941; x_wconf 91' lang='lat' dir='ltr'>e</span> <span class='ocrx_word' id='word_1_257' title='bbox 943 1915 1146 1942; x_wconf 82' lang='lat' dir='ltr'>converso</span> <span class='ocrx_word' id='word_1_258' title='bbox 1169 1915 1223 1942; x_wconf 81' lang='lat' dir='ltr'>ex</span> <span class='ocrx_word' id='word_1_259' title='bbox 1243 1902 1324 1940; x_wconf 91' lang='lat' dir='ltr'>hoc</span> <span class='ocrx_word' id='word_1_260' title='bbox 1356 1901 1507 1953; x_wconf 85' lang='lat' dir='ltr'>aliquid</span> <span class='ocrx_word' id='word_1_261' title='bbox 1540 1902 1583 1939; x_wconf 89' lang='lat' dir='ltr'>fit</span> <span class='ocrx_word' id='word_1_262' title='bbox 1603 1914 1719 1952; x_wconf 86' lang='lat' dir='ltr'>prae-</span> 
     </span>
     <span class='ocr_line' id='line_1_28' title="bbox 149 1966 1714 2021; baseline -0.003 -13"><span class='ocrx_word' id='word_1_263' title='bbox 149 1981 260 2017; x_wconf 84' lang='lat' dir='ltr'>sens,</span> <span class='ocrx_word' id='word_1_264' title='bbox 291 1969 387 2021; x_wconf 86' lang='lat' dir='ltr'>quia</span> <span class='ocrx_word' id='word_1_265' title='bbox 415 1970 607 2009; x_wconf 84' lang='lat' dir='ltr'>voluntas</span> <span class='ocrx_word' id='word_1_266' title='bbox 638 1969 866 2009; x_wconf 88' lang='lat' dir='ltr'>delectatur</span> <span class='ocrx_word' id='word_1_267' title='bbox 895 1968 936 2006; x_wconf 91' lang='lat' dir='ltr'>in</span> <span class='ocrx_word' id='word_1_268' title='bbox 955 1968 1058 2020; x_wconf 89' lang='lat' dir='ltr'>ipso.</span> <span class='ocrx_word' id='word_1_269' title='bbox 1081 1967 1251 2020; x_wconf 83' lang='lat' dir='ltr'>Oportet</span> <span class='ocrx_word' id='word_1_270' title='bbox 1283 1967 1407 2019; x_wconf 79' lang='lat' dir='ltr'>igitur</span> <span class='ocrx_word' id='word_1_271' title='bbox 1427 1967 1580 2019; x_wconf 84' lang='lat' dir='ltr'>aliquid</span> <span class='ocrx_word' id='word_1_272' title='bbox 1604 1966 1714 2005; x_wconf 88' lang='lat' dir='ltr'>aliud</span> 
     </span>
     <span class='ocr_line' id='line_1_29' title="bbox 149 2033 1718 2088; baseline -0.002 -13"><span class='ocrx_word' id='word_1_273' title='bbox 149 2048 242 2075; x_wconf 89' lang='lat' dir='ltr'>esse</span> <span class='ocrx_word' id='word_1_274' title='bbox 271 2048 396 2088; x_wconf 89' lang='lat' dir='ltr'>quam</span> <span class='ocrx_word' id='word_1_275' title='bbox 425 2041 564 2075; x_wconf 84' lang='lat' dir='ltr'>actum</span> <span class='ocrx_word' id='word_1_276' title='bbox 595 2035 831 2082; x_wconf 86' lang='lat' dir='ltr'>voluntatis,</span> <span class='ocrx_word' id='word_1_277' title='bbox 863 2047 932 2086; x_wconf 88' lang='lat' dir='ltr'>per</span> <span class='ocrx_word' id='word_1_278' title='bbox 961 2035 1069 2086; x_wconf 86' lang='lat' dir='ltr'>quod</span> <span class='ocrx_word' id='word_1_279' title='bbox 1098 2035 1143 2073; x_wconf 91' lang='lat' dir='ltr'>fit</span> <span class='ocrx_word' id='word_1_280' title='bbox 1172 2033 1268 2073; x_wconf 89' lang='lat' dir='ltr'>finis</span> <span class='ocrx_word' id='word_1_281' title='bbox 1296 2034 1386 2086; x_wconf 90' lang='lat' dir='ltr'>ipse</span> <span class='ocrx_word' id='word_1_282' title='bbox 1417 2046 1616 2085; x_wconf 86' lang='lat' dir='ltr'>praesens</span> <span class='ocrx_word' id='word_1_283' title='bbox 1651 2046 1718 2072; x_wconf 89' lang='lat' dir='ltr'>vo-</span> 
     </span>
     <span class='ocr_line' id='line_1_30' title="bbox 147 2098 1715 2152; baseline -0.002 -12"><span class='ocrx_word' id='word_1_284' title='bbox 147 2102 307 2141; x_wconf 86' lang='lat' dir='ltr'>luntati.</span> <span class='ocrx_word' id='word_1_285' title='bbox 341 2103 390 2140; x_wconf 89' lang='lat' dir='ltr'>Et</span> <span class='ocrx_word' id='word_1_286' title='bbox 419 2102 500 2141; x_wconf 91' lang='lat' dir='ltr'>hoc</span> <span class='ocrx_word' id='word_1_287' title='bbox 529 2100 748 2141; x_wconf 86' lang='lat' dir='ltr'>manifeste</span> <span class='ocrx_word' id='word_1_288' title='bbox 778 2105 951 2152; x_wconf 88' lang='lat' dir='ltr'>apparet</span> <span class='ocrx_word' id='word_1_289' title='bbox 979 2100 1093 2139; x_wconf 84' lang='lat' dir='ltr'>circa</span> <span class='ocrx_word' id='word_1_290' title='bbox 1130 2101 1236 2140; x_wconf 89' lang='lat' dir='ltr'>fines</span> <span class='ocrx_word' id='word_1_291' title='bbox 1267 2099 1498 2139; x_wconf 88' lang='lat' dir='ltr'>sensibiles.</span> <span class='ocrx_word' id='word_1_292' title='bbox 1533 2098 1576 2137; x_wconf 77' lang='lat' dir='ltr'>Si</span> <span class='ocrx_word' id='word_1_293' title='bbox 1605 2098 1715 2137; x_wconf 88' lang='lat' dir='ltr'>enim</span> 
     </span>
     <span class='ocr_line' id='line_1_31' title="bbox 149 2162 1715 2218; baseline -0.003 -13"><span class='ocrx_word' id='word_1_294' title='bbox 149 2165 346 2218; x_wconf 88' lang='lat' dir='ltr'>consequi</span> <span class='ocrx_word' id='word_1_295' title='bbox 374 2165 593 2217; x_wconf 88' lang='lat' dir='ltr'>pecuniam</span> <span class='ocrx_word' id='word_1_296' title='bbox 622 2172 734 2205; x_wconf 86' lang='lat' dir='ltr'>esset</span> <span class='ocrx_word' id='word_1_297' title='bbox 761 2178 835 2217; x_wconf 88' lang='lat' dir='ltr'>per</span> <span class='ocrx_word' id='word_1_298' title='bbox 864 2170 1002 2203; x_wconf 91' lang='lat' dir='ltr'>actum</span> <span class='ocrx_word' id='word_1_299' title='bbox 1030 2163 1269 2210; x_wconf 81' lang='lat' dir='ltr'>voluntatis,</span> <span class='ocrx_word' id='word_1_300' title='bbox 1299 2162 1438 2202; x_wconf 86' lang='lat' dir='ltr'>statim</span> <span class='ocrx_word' id='word_1_301' title='bbox 1471 2162 1715 2214; x_wconf 80' lang='lat' dir='ltr'>aprincipio</span> 
     </span>
     <span class='ocr_line' id='line_1_32' title="bbox 149 2225 1715 2286; baseline -0.003 -17"><span class='ocrx_word' id='word_1_302' title='bbox 149 2229 323 2281; x_wconf 86' lang='lat' dir='ltr'>cupidus</span> <span class='ocrx_word' id='word_1_303' title='bbox 344 2236 626 2281; x_wconf 89' lang='lat' dir='ltr'>consequutus</span> <span class='ocrx_word' id='word_1_304' title='bbox 647 2235 756 2286; x_wconf 75' lang='lat' dir='ltr'>esset</span> <span class='ocrx_word' id='word_1_305' title='bbox 775 2228 1008 2279; x_wconf 85' lang='lat' dir='ltr'>pecuniam,</span> <span class='ocrx_word' id='word_1_306' title='bbox 1029 2227 1192 2279; x_wconf 86' lang='lat' dir='ltr'>quando</span> <span class='ocrx_word' id='word_1_307' title='bbox 1214 2228 1301 2267; x_wconf 90' lang='lat' dir='ltr'>vult</span> <span class='ocrx_word' id='word_1_308' title='bbox 1331 2240 1423 2267; x_wconf 91' lang='lat' dir='ltr'>eam</span> <span class='ocrx_word' id='word_1_309' title='bbox 1444 2226 1611 2265; x_wconf 85' lang='lat' dir='ltr'>habere.</span> <span class='ocrx_word' id='word_1_310' title='bbox 1634 2225 1715 2264; x_wconf 84' lang='lat' dir='ltr'>Sed</span> 
     </span>
     <span class='ocr_line' id='line_1_33' title="bbox 148 2292 1713 2348; baseline -0.003 -14"><span class='ocrx_word' id='word_1_311' title='bbox 148 2309 174 2334; x_wconf 88' lang='lat' dir='ltr'>a</span> <span class='ocrx_word' id='word_1_312' title='bbox 202 2295 402 2347; x_wconf 86' lang='lat' dir='ltr'>principio</span> <span class='ocrx_word' id='word_1_313' title='bbox 433 2295 593 2348; x_wconf 88' lang='lat' dir='ltr'>quidem</span> <span class='ocrx_word' id='word_1_314' title='bbox 615 2294 769 2334; x_wconf 90' lang='lat' dir='ltr'>absens</span> <span class='ocrx_word' id='word_1_315' title='bbox 790 2300 853 2334; x_wconf 89' lang='lat' dir='ltr'>est</span> <span class='ocrx_word' id='word_1_316' title='bbox 872 2293 920 2342; x_wconf 86' lang='lat' dir='ltr'>ei;</span> <span class='ocrx_word' id='word_1_317' title='bbox 941 2294 1207 2346; x_wconf 87' lang='lat' dir='ltr'>consequitur</span> <span class='ocrx_word' id='word_1_318' title='bbox 1226 2300 1366 2333; x_wconf 86' lang='lat' dir='ltr'>autem</span> <span class='ocrx_word' id='word_1_319' title='bbox 1387 2292 1519 2344; x_wconf 86' lang='lat' dir='ltr'>ipsam</span> <span class='ocrx_word' id='word_1_320' title='bbox 1538 2305 1610 2344; x_wconf 90' lang='lat' dir='ltr'>per</span> <span class='ocrx_word' id='word_1_321' title='bbox 1630 2292 1713 2330; x_wconf 89' lang='lat' dir='ltr'>hoc</span> 
     </span>
     <span class='ocr_line' id='line_1_34' title="bbox 147 2354 1718 2411; baseline -0.004 -13"><span class='ocrx_word' id='word_1_322' title='bbox 147 2360 255 2411; x_wconf 87' lang='lat' dir='ltr'>quod</span> <span class='ocrx_word' id='word_1_323' title='bbox 285 2371 411 2397; x_wconf 83' lang='lat' dir='ltr'>manu</span> <span class='ocrx_word' id='word_1_324' title='bbox 440 2358 711 2411; x_wconf 88' lang='lat' dir='ltr'>apprehendit</span> <span class='ocrx_word' id='word_1_325' title='bbox 740 2359 805 2397; x_wconf 86' lang='lat' dir='ltr'>vel</span> <span class='ocrx_word' id='word_1_326' title='bbox 834 2357 971 2409; x_wconf 88' lang='lat' dir='ltr'>aliquo</span> <span class='ocrx_word' id='word_1_327' title='bbox 1002 2356 1249 2405; x_wconf 73' lang='lat' dir='ltr'>huiuSmodi3</span> <span class='ocrx_word' id='word_1_328' title='bbox 1285 2362 1326 2396; x_wconf 89' lang='lat' dir='ltr'>et</span> <span class='ocrx_word' id='word_1_329' title='bbox 1355 2361 1459 2394; x_wconf 62' lang='lat' dir='ltr'>tunc*</span> <span class='ocrx_word' id='word_1_330' title='bbox 1490 2354 1573 2393; x_wconf 86' lang='lat' dir='ltr'>iam</span> <span class='ocrx_word' id='word_1_331' title='bbox 1613 2355 1718 2393; x_wconf 90' lang='lat' dir='ltr'>dele-</span> 
     </span>
     <span class='ocr_line' id='line_1_35' title="bbox 107 2421 1717 2477; baseline -0.004 -12"><span class='ocrx_word' id='word_1_332' title='bbox 107 2437 111 2440; x_wconf 86' lang='grc'><em>·</em></span> <span class='ocrx_word' id='word_1_333' title='bbox 147 2430 283 2465; x_wconf 86' lang='lat' dir='ltr'>ctatur</span> <span class='ocrx_word' id='word_1_334' title='bbox 311 2425 353 2464; x_wconf 89' lang='lat' dir='ltr'>in</span> <span class='ocrx_word' id='word_1_335' title='bbox 383 2425 560 2477; x_wconf 87' lang='lat' dir='ltr'>pecunia</span> <span class='ocrx_word' id='word_1_336' title='bbox 587 2424 742 2463; x_wconf 87' lang='lat' dir='ltr'>habita.</span> <span class='ocrx_word' id='word_1_337' title='bbox 774 2424 842 2464; x_wconf 86' lang='lat' dir='ltr'>Sic</span> <span class='ocrx_word' id='word_1_338' title='bbox 871 2424 997 2476; x_wconf 80' lang='lat' dir='ltr'>igitur</span> <span class='ocrx_word' id='word_1_339' title='bbox 1027 2432 1067 2463; x_wconf 83' lang='lat' dir='ltr'>et</span> <span class='ocrx_word' id='word_1_340' title='bbox 1096 2423 1212 2462; x_wconf 88' lang='lat' dir='ltr'>circa</span> <span class='ocrx_word' id='word_1_341' title='bbox 1250 2421 1549 2474; x_wconf 77' lang='lat' dir='ltr'>intelligibilem</span> <span class='ocrx_word' id='word_1_342' title='bbox 1589 2422 1717 2460; x_wconf 90' lang='lat' dir='ltr'>finem</span> 
     </span>
     <span class='ocr_line' id='line_1_36' title="bbox 145 2487 1711 2543; baseline -0.003 -13"><span class='ocrx_word' id='word_1_343' title='bbox 145 2490 358 2543; x_wconf 84' lang='lat' dir='ltr'>contingit.</span> <span class='ocrx_word' id='word_1_344' title='bbox 390 2492 498 2530; x_wconf 88' lang='lat' dir='ltr'>Nam</span> <span class='ocrx_word' id='word_1_345' title='bbox 527 2504 550 2529; x_wconf 86' lang='lat' dir='ltr'>a</span> <span class='ocrx_word' id='word_1_346' title='bbox 578 2490 778 2543; x_wconf 86' lang='lat' dir='ltr'>principio</span> <span class='ocrx_word' id='word_1_347' title='bbox 808 2491 998 2530; x_wconf 87' lang='lat' dir='ltr'>volumus</span> <span class='ocrx_word' id='word_1_348' title='bbox 1016 2489 1214 2541; x_wconf 91' lang='lat' dir='ltr'>consequi</span> <span class='ocrx_word' id='word_1_349' title='bbox 1235 2490 1359 2528; x_wconf 89' lang='lat' dir='ltr'>finem</span> <span class='ocrx_word' id='word_1_350' title='bbox 1390 2487 1711 2539; x_wconf 80' lang='lat' dir='ltr'>intelligibilem;</span> 
     </span>
     <span class='ocr_line' id='line_1_37' title="bbox 149 2553 1714 2608; baseline -0.003 -13"><span class='ocrx_word' id='word_1_351' title='bbox 149 2556 441 2608; x_wconf 86' lang='lat' dir='ltr'>consequimur</span> <span class='ocrx_word' id='word_1_352' title='bbox 470 2561 607 2596; x_wconf 86' lang='lat' dir='ltr'>autem</span> <span class='ocrx_word' id='word_1_353' title='bbox 636 2555 771 2608; x_wconf 90' lang='lat' dir='ltr'>ipsum</span> <span class='ocrx_word' id='word_1_354' title='bbox 799 2569 872 2608; x_wconf 89' lang='lat' dir='ltr'>per</span> <span class='ocrx_word' id='word_1_355' title='bbox 899 2557 981 2595; x_wconf 88' lang='lat' dir='ltr'>hoc</span> <span class='ocrx_word' id='word_1_356' title='bbox 1016 2555 1123 2608; x_wconf 86' lang='lat' dir='ltr'>quod</span> <span class='ocrx_word' id='word_1_357' title='bbox 1161 2556 1206 2594; x_wconf 86' lang='lat' dir='ltr'>fit</span> <span class='ocrx_word' id='word_1_358' title='bbox 1244 2567 1445 2606; x_wconf 87' lang='lat' dir='ltr'>praesens</span> <span class='ocrx_word' id='word_1_359' title='bbox 1484 2553 1604 2593; x_wconf 90' lang='lat' dir='ltr'>nobis</span> <span class='ocrx_word' id='word_1_360' title='bbox 1642 2566 1714 2604; x_wconf 88' lang='lat' dir='ltr'>per</span> 
     </span>
     <span class='ocr_line' id='line_1_38' title="bbox 147 2619 1711 2672; baseline -0.003 -10"><span class='ocrx_word' id='word_1_361' title='bbox 147 2627 285 2662; x_wconf 88' lang='lat' dir='ltr'>actum</span> <span class='ocrx_word' id='word_1_362' title='bbox 313 2623 547 2663; x_wconf 89' lang='lat' dir='ltr'>intellectus</span> <span class='ocrx_word' id='word_1_363' title='bbox 568 2654 577 2670; x_wconf 94' lang='lat'><em>‚</em></span> <span class='ocrx_word' id='word_1_364' title='bbox 609 2628 648 2661; x_wconf 91' lang='lat' dir='ltr'>et</span> <span class='ocrx_word' id='word_1_365' title='bbox 676 2628 775 2662; x_wconf 89' lang='lat' dir='ltr'>tunc</span> <span class='ocrx_word' id='word_1_366' title='bbox 806 2622 998 2661; x_wconf 85' lang='lat' dir='ltr'>voluntas</span> <span class='ocrx_word' id='word_1_367' title='bbox 1027 2622 1235 2660; x_wconf 88' lang='lat' dir='ltr'>delectata</span> <span class='ocrx_word' id='word_1_368' title='bbox 1269 2619 1527 2672; x_wconf 90' lang='lat' dir='ltr'>conquiescit</span> <span class='ocrx_word' id='word_1_369' title='bbox 1557 2619 1599 2657; x_wconf 83' lang='lat' dir='ltr'>in</span> <span class='ocrx_word' id='word_1_370' title='bbox 1630 2619 1711 2657; x_wconf 86' lang='lat' dir='ltr'>fine</span> 
     </span>
     <span class='ocr_line' id='line_1_39' title="bbox 148 2681 1715 2738; baseline -0.003 -14"><span class='ocrx_word' id='word_1_371' title='bbox 148 2685 231 2724; x_wconf 85' lang='lat' dir='ltr'>iam</span> <span class='ocrx_word' id='word_1_372' title='bbox 251 2685 412 2738; x_wconf 89' lang='lat' dir='ltr'>adepto.</span> <span class='ocrx_word' id='word_1_373' title='bbox 435 2686 504 2725; x_wconf 88' lang='lat' dir='ltr'>Sic</span> <span class='ocrx_word' id='word_1_374' title='bbox 522 2685 646 2738; x_wconf 82' lang='lat' dir='ltr'>igitur</span> <span class='ocrx_word' id='word_1_375' title='bbox 666 2685 847 2725; x_wconf 74' lang='lat' dir='ltr'>essentia</span> <span class='ocrx_word' id='word_1_376' title='bbox 877 2684 1143 2725; x_wconf 88' lang='lat' dir='ltr'>beatitudinis</span> <span class='ocrx_word' id='word_1_377' title='bbox 1174 2684 1421 2736; x_wconf 78' lang='lat' dir='ltr'>(formalis)</span> <span class='ocrx_word' id='word_1_378' title='bbox 1452 2682 1494 2721; x_wconf 90' lang='lat' dir='ltr'>in</span> <span class='ocrx_word' id='word_1_379' title='bbox 1526 2688 1622 2721; x_wconf 88' lang='lat' dir='ltr'>actu</span> <span class='ocrx_word' id='word_1_380' title='bbox 1651 2681 1715 2720; x_wconf 92' lang='lat' dir='ltr'>in—</span> 
     </span>
    </p>
   </div>
   <div class='ocr_carea' id='block_1_3' title="bbox 198 2839 1411 2938">
    <p class='ocr_par' dir='ltr' id='par_1_3' title="bbox 198 2839 1411 2938">
     <span class='ocr_line' id='line_1_40' title="bbox 198 2839 850 2882; baseline 0.005 -11"><span class='ocrx_word' id='word_1_381' title='bbox 198 2839 248 2879; x_wconf 86' lang='lat'>(1)</span> <span class='ocrx_word' id='word_1_382' title='bbox 274 2840 428 2873; x_wconf 77' lang='lat' dir='ltr'>Samma</span> <span class='ocrx_word' id='word_1_383' title='bbox 452 2841 498 2873; x_wconf 79' lang='lat' dir='ltr'>th.</span> <span class='ocrx_word' id='word_1_384' title='bbox 524 2841 565 2873; x_wconf 76' lang='grc'>1.·</span> <span class='ocrx_word' id='word_1_385' title='bbox 587 2842 629 2873; x_wconf 76' lang='grc'>2.·</span> <span class='ocrx_word' id='word_1_386' title='bbox 652 2851 682 2882; x_wconf 87' lang='lat' dir='ltr'>q.</span> <span class='ocrx_word' id='word_1_387' title='bbox 707 2842 747 2880; x_wconf 85' lang='grc' dir='ltr'>ΙΙ,</span> <span class='ocrx_word' id='word_1_388' title='bbox 771 2852 799 2874; x_wconf 82' lang='lat' dir='ltr'>a.</span> <span class='ocrx_word' id='word_1_389' title='bbox 824 2843 850 2874; x_wconf 82' lang='lat'>8.</span> 
     </span>
     <span class='ocr_line' id='line_1_41' title="bbox 198 2893 1411 2938; baseline 0.002 -14"><span class='ocrx_word' id='word_1_390' title='bbox 198 2893 247 2931; x_wconf 74' lang='lat'>(2)</span> <span class='ocrx_word' id='word_1_391' title='bbox 272 2894 362 2926; x_wconf 90' lang='lat' dir='ltr'>Vide</span> <span class='ocrx_word' id='word_1_392' title='bbox 387 2894 461 2927; x_wconf 88' lang='lat' dir='ltr'>eius</span> <span class='ocrx_word' id='word_1_393' title='bbox 485 2895 722 2928; x_wconf 78' lang='lat' dir='ltr'>Phaedonem</span> <span class='ocrx_word' id='word_1_394' title='bbox 745 2898 780 2928; x_wconf 88' lang='lat' dir='ltr'>et</span> <span class='ocrx_word' id='word_1_395' title='bbox 805 2898 947 2928; x_wconf 79' lang='lat' dir='ltr'>sextum</span> <span class='ocrx_word' id='word_1_396' title='bbox 972 2896 1098 2928; x_wconf 86' lang='lat' dir='ltr'>librum</span> <span class='ocrx_word' id='word_1_397' title='bbox 1125 2896 1175 2928; x_wconf 79' lang='lat' dir='ltr'>De</span> <span class='ocrx_word' id='word_1_398' title='bbox 1200 2894 1411 2938; x_wconf 74' lang='lat' dir='ltr'>Republica.</span> 
     </span>
    </p>
   </div>
  </div>
 </body>
</html>
