1970 3203
624 223 760 249 CAPUT
789 223 826 248 11.
858 223 910 249 DE
940 222 1170 249 sooiE‘rA‘rr:
1203 203 1322 247 civim
1683 208 1760 247 263

188 299 418 354 imperandi
446 299 640 340 resideat.
672 299 790 339 Haec
810 307 951 340 autem
982 299 1196 347 certitudo,
1225 313 1278 339 ex
1308 312 1390 350 qua
1410 311 1535 338 verus
1565 297 1760 338 obedien-

188 368 272 408 tiae
300 378 451 407 sensus
479 365 522 404 in
551 364 701 405 animis
731 364 988 404 subditorum
1018 364 1301 415 ingeneratur,
1332 377 1416 403 non
1446 364 1611 404 aliunde
1640 378 1754 417 repe-

190 431 297 479 titur,
328 444 451 483 quam
473 443 528 469 ex
558 429 765 470 evidentia
794 429 898 468 tituli
918 442 998 482 quo
1029 429 1216 480 superior
1245 428 1534 468 auctoritatem
1554 429 1751 480 possidet.

197 494 320 536 Unde
343 493 653 545 sapientissima
672 492 746 532 fuit
762 507 812 533 ea
833 506 915 533 vox
946 492 1062 532 ducis
1090 491 1212 540 illius,
1230 492 1297 544 qui
1315 492 1469 532 nostris
1492 492 1758 544 temporibus,

190 559 243 599 ad
273 559 505 599 austriacos
527 560 701 611 populos
722 558 763 597 in
794 571 897 611 pace
918 557 1204 604 continendos,
1228 558 1491 597 exclamavit:
1509 558 1757 610 Imperacor

190 627 252 663 est
279 623 396 662 ordo.
427 624 591 662 Revera
621 622 728 661 enim
760 630 1000 662 concretum
1042 621 1289 672 principium
1329 621 1486 660 ordinis
1517 621 1681 661 nonnisi
1712 621 1757 660 in

189 700 237 727 eo
267 687 488 734 residebat,
519 686 588 739 qui
616 685 799 738 legitime
829 685 1073 738 imperabat.

238 752 300 792 67.
334 753 587 791 Paoposmo
607 752 664 790 4³.
691 750 974 791 Gicbernandi
991 750 1156 789 bonitas
1175 761 1258 787 non
1282 751 1367 787 tam
1388 749 1546 800 pendet
1565 750 1756 800 asor-ma

185 819 422 871 regiminis,
453 831 582 870 qaam
613 830 639 856 a
663 816 1000 868 gubernantium
1031 817 1258 854 honestate.

239 883 362 922 Prob.
394 884 549 922 Forma
576 881 791 920 materiale
813 882 924 920 velut
945 881 1266 920 instrumentum
1297 885 1371 925 est,
1392 879 1514 930 quod,
1545 887 1588 917 ut
1618 878 1659 916 in
1680 879 1756 919 bo-

184 959 296 993 num,
318 946 378 985 sic
401 945 524 985 etiam
547 945 586 983 in
602 945 756 983 malum
775 944 956 996 torqueri
978 950 1123 994 potest,
1141 943 1179 982 vi
1197 949 1267 982 aut
1288 943 1437 982 saltem
1458 941 1626 981 astutia.
1642 942 1762 982 Unde

187 1008 535 1062 quemadmodum
556 1021 712 1060 pravus
736 1008 953 1060 princepes
972 1008 1015 1047 in
1040 1008 1255 1059 despotam
1281 1008 1518 1059 degenerat,
1550 1006 1585 1045 si
1607 1005 1662 1044 nil
1684 1006 1762 1044 sibi

184 1087 270 1113 non
290 1079 458 1125 arroget
478 1079 516 1111 et
531 1072 686 1111 licitum
709 1085 802 1111 cum
824 1072 936 1111 libito
959 1071 1219 1111 confundens
1240 1085 1323 1111 non
1344 1071 1461 1110 iuxta
1491 1070 1756 1109 conditarum

184 1140 324 1192 legum
353 1138 615 1190 sapientiam,
646 1138 718 1177 sed
737 1138 854 1177 iuxta
874 1138 1032 1178 arbitrii
1054 1138 1326 1177 temeritatem
1347 1137 1572 1189 gubernet;
1602 1137 1665 1175 sic
1688 1150 1758 1176 re-

183 1204 324 1257 gimen
354 1204 549 1256 plurium,
580 1210 804 1255 utcumque
833 1203 998 1242 statutis
1026 1204 1193 1254 scriptis
1225 1210 1512 1255 temperatum,
1544 1203 1586 1241 in
1617 1202 1758 1241 factio-

186 1284 277 1311 sam
307 1270 557 1310 tirannidem
581 1269 776 1309 facillime
797 1269 1064 1317 convertitur,
1086 1269 1165 1307 nisi
1189 1269 1228 1316 ii,
1252 1270 1318 1321 qui
1341 1269 1502 1320 legibus
1524 1267 1752 1307 condendis

185 1345 255 1376 aut
276 1336 555 1388 exsequendis
576 1335 824 1388 praesident,
847 1349 1002 1388 magna
1028 1335 1230 1386 probitate
1245 1336 1328 1374 sint
1357 1334 1543 1387 praediti.
1567 1335 1623 1374 Ut
1648 1333 1757 1372 enim

186 1399 443 1451 experientia
472 1399 604 1446 docet,
636 1399 738 1437 nihil
759 1399 921 1439 facilius
952 1407 1015 1438 est
1038 1399 1232 1451 pravitati
1261 1398 1596 1451 gubernantium,
1628 1410 1754 1449 quam

186 1465 511 1517 sophismatibus
542 1465 768 1504 dictamina
799 1466 972 1505 rationis
1002 1467 1187 1513 eludere,
1222 1466 1360 1518 populi
1391 1465 1627 1517 opinionem
1658 1477 1755 1514 per-

186 1538 360 1578 vertere,
393 1531 524 1570 bonos
554 1544 579 1569 a
609 1531 859 1583 reipublicae
889 1532 1172 1583 gubernaculo
1195 1545 1352 1579 arcere,
1385 1530 1588 1582 suffragia
1617 1530 1658 1568 in
1689 1543 1754 1568 co-

185 1595 311 1634 mitiis
341 1596 518 1646 pecunia
547 1604 619 1635 aut
648 1597 864 1648 promissis
900 1610 1048 1644 emere,
1082 1598 1308 1637 calliditate
1342 1606 1382 1636 et
1411 1596 1624 1636 fraudibus
1653 1608 1752 1647 pro-

187 1674 337 1700 curare
366 1668 409 1700 ut
439 1662 555 1713 leges
585 1661 768 1701 ferantur
798 1662 987 1712 publicae
1017 1663 1211 1710 utilitati,
1260 1663 1467 1714 Religioni
1501 1668 1540 1702 et
1569 1662 1753 1701 moribus

186 1725 387 1766 infensae.
424 1726 644 1777 Sapienter
674 1727 961 1778 Taparellius:
994 1743 1012 1765 ((
1049 1729 1081 1766 Il
1113 1741 1210 1767 vero
1242 1728 1442 1780 principio
1474 1727 1512 1766 di
1542 1728 1756 1767 sicurezza

189 1788 253 1827 dei
284 1788 432 1840 popoli,
465 1795 486 1828 e
514 1790 555 1828 la
583 1790 804 1829 coscienza
834 1790 883 1829 ed
913 1796 1061 1830 onesta
1091 1791 1154 1830 dei
1184 1792 1445 1842 governanti.
1484 1793 1565 1831 Per
1604 1804 1758 1830 conse—

186 1868 350 1907 guenza
381 1855 407 1894 il
439 1868 544 1907 gran
575 1857 790 1907 problema
818 1857 984 1909 politico
1016 1858 1223 1897 dovrebbe
1257 1859 1466 1897 ricercare
1506 1857 1702 1909 piuttosto
1732 1857 1761 1896 il

184 1918 353 1958 vincolo
383 1920 541 1959 morale
571 1933 643 1972 per
665 1920 913 1960 affezionare
943 1922 1162 1960 all'onesta
1191 1922 1203 1959 i
1227 1921 1488 1972 governanti,
1520 1920 1696 1960 anziche
1720 1921 1761 1959 la

183 1983 319 2023 forma
348 1985 564 2024 materiale
595 1998 667 2036 per
688 1986 924 2025 contenerli.
948 2001 966 2023 »
1001 1986 1109 2026 Hinc
1141 1986 1286 2025 merito
1316 1985 1448 2024 infert:
1485 1986 1580 2024 «Se
1611 1986 1653 2024 la
1688 1986 1762 2024 Re-

182 2049 339 2102 ligione
369 2056 391 2089 e
419 2050 447 2088 il
476 2050 544 2102 piu
573 2051 791 2103 gagliardo
822 2051 987 2091 vincolo
1018 2053 1175 2091 morale
1197 2085 1205 2100 ,
1236 2051 1504 2091 affezionarle
1533 2051 1545 2090 i
1576 2051 1753 2090 Sovrani

185 2119 208 2154 e
236 2114 278 2152 la
306 2126 469 2153 somma
497 2114 764 2166 guarentigia
798 2115 965 2166 politica
987 2116 1060 2166 (1).
1086 2131 1105 2153 »

238 2178 302 2218 68.
334 2178 590 2218 PROPOS1T10
621 2180 677 2217 5³.
707 2179 919 2218 Absoluta
939 2180 1282 2219 consideratione
1296 2180 1476 2232 simpleoe
1497 2178 1756 2218 Monarchia

187 2243 338 2282 ceteris
355 2243 716 2294 omnibicsformis
735 2245 1199 2298 anteeellz‘t;atpropter³
1211 2246 1446 2284 humanam
1466 2244 1761 2294 infirmitatem

190 2308 340 2348 utilior
356 2313 418 2348 est
434 2309 698 2350 Monarchc'a
720 2313 955 2363 temperata
974 2312 1332 2351 eoeAristocratia
1354 2314 1391 2349 et
1411 2311 1704 2349 Democratia.

240 2373 363 2413 Prob.
386 2374 519 2425 prima
538 2389 647 2426 pars.
679 2376 754 2414 Illa
775 2375 908 2415 forma
927 2375 1142 2428 regiminis
1163 2375 1351 2415 absolute
1373 2384 1411 2414 et
1445 2388 1518 2426 per
1555 2388 1600 2415 se
1623 2375 1756 2426 perse-

188 2440 292 2480 ctior
309 2447 384 2488 est,
398 2453 504 2492 quae
525 2440 714 2480 absolute
736 2450 776 2481 et
792 2454 864 2493 per
879 2454 925 2480 se
941 2442 1076 2493 magis
1093 2441 1315 2493 respondet
1335 2441 1420 2488 fini,
1446 2447 1611 2492 propter
1631 2454 1752 2493 quem

187 2506 375 2559 regimen
407 2505 639 2545 institutum
661 2512 734 2546 est.
757 2505 881 2558 Atqui
900 2507 939 2545 id
960 2507 1157 2559 competit
1178 2507 1438 2558 potissimum
1463 2507 1753 2546 Monarchiae.

188 2572 295 2610 Nam
313 2571 408 2610 finis
425 2570 641 2622 regiminis
663 2578 725 2611 est
746 2571 846 2610 ordo
868 2577 907 2610 et
926 2585 1009 2623 pax
1026 2571 1190 2611 civium.
1210 2573 1440 2624 Utrumque
1461 2578 1599 2612 autem
1620 2572 1757 2623 magis

191 2636 399 2677 obtinetur
418 2650 491 2689 per
512 2635 787 2688 principatum
809 2637 944 2684 unius,
978 2650 1100 2689 quam
1122 2651 1194 2689 per
1215 2637 1490 2689 principatum
1515 2639 1749 2677 multorum.

189 2701 256 2739 Ad
277 2700 476 2740 unitatem
493 2701 602 2739 enim
620 2700 811 2740 societati
826 2700 1156 2752 impartiendam,
1181 2714 1233 2740 ex
1250 2714 1331 2753 qua
1350 2701 1450 2742 ordo
1472 2707 1511 2742 et
1526 2714 1607 2753 pax
1628 2701 1755 2739 resul-

187 2770 259 2812 tat,
281 2766 419 2817 aptius
440 2772 502 2805 est
529 2765 571 2805 id
591 2765 699 2818 quod
720 2772 785 2805 est
805 2778 932 2805 unum
953 2779 1024 2817 per
1046 2779 1090 2805 se
1111 2773 1150 2805 et
1170 2765 1209 2804 vi
1230 2773 1418 2815 naturae,
1437 2779 1560 2819 quam
1581 2765 1621 2804 id
1641 2764 1748 2817 quod

230 2905 280 2944 (1)
308 2905 421 2937 Corsa
448 2907 672 2940 elementale
697 2907 737 2939 cli
760 2907 917 2939 natural
941 2906 1082 2944 clz'ritto,
1105 2907 1160 2938 lib.
1185 2908 1228 2945 V,
1255 2917 1330 2948 cap.
1354 2909 1382 2938 4.
