1970 3203
197 208 246 248 72
893 224 1090 251 ETHicA

787 382 1204 423 PROPOTIONES.

249 521 310 561 72.
343 523 602 562 Paoposmo
634 524 694 562 La
721 524 965 573 Passiones,
988 538 1071 578 per
1099 539 1142 564 se
1170 527 1397 578 spectatae,
1430 537 1503 564 nec
1537 524 1672 564 bonae
1703 537 1778 564 nec

198 586 339 625 malae
368 590 472 626 sant
499 588 751 638 moraliter3
783 593 883 630 sant
914 603 1011 629 vero
1031 623 1039 638 ‚
1070 592 1282 642 quatenus
1315 589 1541 642 imperium
1593 589 1780 628 rationis

199 654 452 702 sequantur.

251 714 374 754 Prob.
406 715 542 768 prima
571 729 681 769 pars.
713 718 955 767 Passiones,
987 725 1129 770 utpote
1159 718 1212 758 ad
1241 717 1439 758 sensilem
1469 724 1661 757 naturam
1691 730 1786 769 per-

199 776 392 825 tinentes,
424 792 496 830 per
525 793 571 820 se
601 794 735 833 neque
765 782 921 822 ordinis
952 782 1332 835 apprehensionem
1363 789 1617 834 sequuntur,
1647 794 1782 833 neque

197 853 251 879 ex
280 841 412 882 libera
441 845 646 885 electione
674 846 923 886 excitantur.
957 847 1039 886 Sed
1070 847 1284 886 moralitas
1305 860 1358 886 ex
1379 852 1495 898 parte
1516 844 1669 886 obiecti
1689 858 1778 897 pro-

197 907 306 948 cedit
335 909 387 949 ab
418 912 753 963 apprehensione
783 913 952 962 ordinis,
969 927 1017 954 ex
1050 920 1166 966 parte
1190 927 1287 953 vero
1308 913 1484 953 subiecti
1513 912 1709 952 fundatur
1738 912 1780 950 in

196 976 397 1017 exercitio
429 978 644 1018 libertatis.
662 980 774 1031 Ergo
804 980 1085 1032 passionibus,
1115 993 1188 1032 per
1216 994 1262 1020 se
1291 980 1504 1033 inspectis,
1523 981 1636 1019 nulla
1665 979 1777 1019 inest

197 1040 427 1090 moralitas,
460 1054 532 1080 seu
562 1042 728 1082 bonitas
760 1045 824 1083 vel
856 1045 1025 1084 malitia.

251 1103 372 1142 Prob.
397 1105 586 1144 secunda
606 1119 716 1157 pars.
740 1108 981 1157 Passiones,
999 1116 1120 1162 prout
1140 1109 1396 1161 imperantur
1416 1122 1442 1148 a
1463 1109 1638 1157 ratione,
1660 1109 1778 1148 liber-

195 1177 323 1209 tatem
345 1171 610 1224 participant,
632 1180 671 1213 et
691 1174 996 1215 ordinationem
1027 1175 1215 1228 principii
1245 1189 1271 1215 a
1291 1189 1371 1228 quo
1394 1184 1629 1215 moventur.
1651 1174 1778 1227 Atqui

196 1249 248 1275 ex
279 1238 437 1278 ordinis
458 1239 805 1291 apprehensione,
836 1249 1030 1294 respectu
1060 1250 1180 1283 actus
1202 1242 1330 1290 liberi,
1348 1252 1574 1294 generatur
1602 1240 1776 1281 morali-

195 1312 273 1344 tas.
308 1306 420 1358 Ergo
452 1307 684 1358 passiones,
715 1317 835 1360 prout
864 1309 1037 1361 imperio
1068 1316 1109 1349 et
1139 1308 1273 1348 ordini
1302 1308 1476 1348 rationis
1513 1308 1747 1348 subduntur
1771 1338 1780 1354 ‚

195 1373 476 1413 moralitatem
506 1373 768 1426 participant,
801 1389 875 1415 seu
908 1376 1040 1415 bonae
1070 1383 1165 1415 sunt
1194 1376 1260 1414 vel
1290 1374 1438 1414 malae.

248 1436 314 1475 Ad
336 1450 426 1476 rem
449 1438 489 1477 S.
512 1432 713 1479 Thomas:
739 1453 758 1477 (c
778 1439 1006 1480 Passiones
1027 1439 1193 1478 animae
1215 1438 1429 1490 dupliciter
1446 1444 1621 1489 possunt
1646 1436 1784 1476 consi-

196 1501 343 1540 derari.
363 1503 458 1541 Uno
481 1502 616 1550 modo,
634 1503 864 1542 secundum
886 1516 943 1543 se.
966 1503 1060 1542 Alio
1081 1503 1217 1550 modo,
1240 1501 1470 1542 secundum
1492 1501 1602 1553 quod
1633 1500 1778 1540 subia-

196 1575 292 1608 cent
312 1567 485 1619 imperio
506 1569 681 1609 rationis
702 1576 741 1609 et
770 1570 1006 1610 voluntatis.
1033 1569 1075 1608 Si
1112 1569 1238 1621 igitur
1259 1568 1490 1608 secundum
1512 1580 1557 1606 se
1578 1566 1775 1606 conside—

196 1640 356 1682 rantur,
388 1642 510 1686 prout
533 1635 694 1675 scilicet
723 1643 820 1675 sunt
841 1646 978 1676 motus
1009 1635 1176 1688 quidam
1197 1633 1450 1673 irrationalis
1472 1632 1691 1685 appetitus
1714 1632 1781 1671 sic

195 1714 279 1741 non
301 1707 363 1741 est
383 1702 424 1741 in
446 1702 506 1741 eis
527 1702 681 1741 bonum
698 1703 763 1741 vel
785 1703 939 1741 malum
964 1702 1121 1741 morale
1142 1702 1251 1754 quod
1272 1700 1476 1752 dependet
1492 1712 1517 1737 a
1538 1698 1718 1746 ratione,
1742 1706 1788 1739 ut

196 1780 324 1819 supra
345 1768 497 1808 dictum
518 1774 593 1807 est.
612 1768 655 1807 Si
676 1774 815 1807 autem
833 1768 1163 1814 considerantur,
1185 1765 1415 1806 secundum
1431 1765 1540 1817 quod
1557 1764 1777 1804 subiacent

195 1831 368 1883 imperio
392 1831 566 1871 rationis
586 1838 626 1872 et
647 1833 885 1879 voluntatis,
908 1832 968 1871 sic
990 1837 1053 1871 est
1073 1832 1113 1870 in
1143 1831 1203 1870 eis
1225 1830 1378 1870 bonum
1410 1831 1477 1869 vel
1507 1830 1661 1868 malum
1684 1843 1776 1869 mo-

194 1897 296 1935 rale.
328 1896 604 1948 propinquior
635 1896 746 1936 enim
776 1903 838 1935 est
868 1895 1076 1948 appetitus
1106 1894 1334 1934 sensitivus
1364 1893 1441 1945 ipsi
1464 1894 1613 1933 rationi
1636 1900 1676 1933 et
1697 1907 1773 1933 vo-

195 1960 372 2008 luntati;
403 1973 528 2012 quam
557 1960 745 2000 membra
774 1961 984 2000 exteriora
1005 1992 1013 2008 ,
1045 1972 1221 2012 quorum
1251 1965 1391 1998 tamen
1422 1964 1556 1998 motus
1587 1966 1627 1998 et
1656 1964 1776 1997 actus

195 2029 291 2063 sunt
321 2023 417 2062 boni
439 2024 504 2063 vel
525 2023 625 2063 mali
646 2023 869 2072 moraliter,
891 2023 1121 2064 secundum
1143 2023 1251 2075 quod
1277 2029 1375 2062 sunt
1397 2022 1631 2062 voluntarii.
1654 2022 1776 2062 Unde

196 2089 324 2129 multo
355 2089 492 2141 magis
521 2096 561 2129 et
590 2089 707 2141 ipsae
737 2089 968 2142 passiones,
990 2089 1222 2129 secundum
1249 2088 1356 2140 quod
1377 2095 1473 2127 sunt
1503 2087 1777 2136 voluntariae,

196 2156 263 2194 vel
294 2168 345 2194 ex
376 2169 424 2195 eo
457 2156 565 2207 quod
593 2170 618 2195 a
649 2156 862 2195 voluntate
890 2156 1156 2208 imperantur,
1188 2155 1251 2194 vel
1283 2167 1337 2193 ex
1367 2167 1415 2194 eo
1446 2154 1555 2206 quod
1579 2167 1605 2193 a
1627 2154 1779 2192 volun-

197 2229 282 2263 tate
313 2236 397 2262 non
427 2222 698 2274 prohibentur
727 2225 799 2273 (1).
833 2238 852 2260 »

250 2290 311 2329 73.
346 2291 603 2328 PRoposiTio
634 2289 692 2328 ΞΡ
722 2289 954 2329 Passiones
987 2289 1029 2327 in
1060 2287 1228 2327 homine
1258 2290 1381 2339 egent
1401 2286 1696 2326 moderamine
1719 2300 1787 2326 γά-

201 2356 341 2395 tionis.

251 2422 372 2461 Prob.
405 2423 525 2469 Quod
554 2421 727 2461 inferius
748 2429 821 2469 est,
840 2428 935 2474 eget
955 2420 1237 2460 moderamine
1258 2419 1448 2472 principii
1470 2418 1717 2471 superioris,
1742 2424 1787 2457 ut

197 2486 298 2526 ordo
329 2487 542 2526 subsistat.
564 2486 645 2526 Sed
675 2487 895 2538 passiones
917 2486 957 2524 in
988 2484 1156 2524 homine
1186 2489 1381 2535 spectant
1410 2482 1463 2521 ad
1485 2489 1642 2534 partem
1665 2481 1773 2521 infe—

196 2550 361 2595 riorem,
379 2564 527 2601 nempe
547 2550 805 2598 sensivitam,
832 2556 872 2590 et
901 2549 1090 2600 superior
1120 2561 1218 2600 pars
1243 2546 1424 2586 hominis
1445 2553 1507 2586 est
1524 2547 1629 2585 ratio
1651 2559 1676 2584 a
1699 2559 1783 2598 qua

196 2614 321 2653 homo
342 2613 523 2665 speciem
547 2614 700 2665 accipit
720 2621 759 2654 et
789 2615 828 2652 vi
849 2613 969 2653 cuius
989 2627 1014 2652 a
1035 2612 1166 2652 brutis
1189 2611 1511 2651 discriminatur.
1534 2611 1646 2661 Ergo
1682 2623 1787 2661 pas-

195 2677 336 2716 siones
356 2678 396 2715 in
420 2679 586 2717 homme
603 2684 726 2729 egent
746 2677 968 2729 temperari
991 2675 1194 2727 regimine
1215 2674 1402 2714 rationis.
1422 2675 1656 2720 Praeterea,
1683 2685 1779 2724 pas-

197 2744 337 2784 siones
366 2757 438 2796 per
468 2757 514 2783 se
543 2757 699 2784 caecae
720 2752 815 2783 sunt
845 2751 883 2783 et
902 2742 1089 2782 ordinem
1112 2754 1195 2780 non
1216 2739 1458 2792 percipiunt;
1476 2739 1551 2778 sed
1573 2747 1778 2792 quantum

240 2922 289 2961 (1)
316 2920 469 2953 Samma
494 2920 539 2952 tlt.
567 2921 606 2952 1.·
629 2918 736 2959 2:¹0'q.
762 2917 882 2949 xxiv
908 2927 936 2948 a.
972 2917 998 2947 4.
