1970 3203
223 172 304 212 224
601 183 667 210 ius
697 183 898 209 NATURAE
917 192 938 198 —
958 181 1066 208 PARS
1096 183 1132 209 11.
1161 182 1229 210 lus
1259 182 1428 210 SOCIALE

223 259 306 299 hoc
337 258 444 312 quod
475 257 667 297 homines
697 256 775 296 sibi
802 256 984 297 invicem
1014 257 1324 297 communicent
1352 257 1395 296 in
1425 257 1512 298 utili
1543 263 1582 298 et
1617 257 1768 298 nocivo
1790 291 1798 307 ,

222 327 329 366 iusto
360 331 400 365 et
427 325 582 366 iniusto
613 331 653 366 et
676 323 770 365 aliis
799 323 1063 373 huiusmodi;
1097 324 1294 377 sequitur,
1325 337 1376 364 ex
1405 338 1485 378 quo
1515 329 1666 364 natura
1694 324 1798 364 nihil

223 391 322 431 facit
350 391 518 438 frustra,
548 391 657 444 quod
686 390 935 432 naturaliter
969 389 1162 429 homines
1194 390 1237 428 in
1265 389 1332 429 his
1363 389 1440 429 sibi
1470 391 1796 431 communicent.

223 458 305 498 Sed
336 457 663 498 communicatio
693 458 735 497 in
763 457 856 497 istis
886 457 985 497 facit
1014 457 1182 496 domum
1211 464 1251 496 et
1273 456 1498 498 civitatem.
1520 457 1652 510 Igitur
1673 458 1799 499 homo

222 531 285 565 est
315 523 562 564 naturaliter
590 524 745 564 animal
775 524 1052 565 domesticum
1083 527 1125 561 et
1156 521 1278 562 civile
1310 523 1384 574 (1).
1418 537 1437 560 »

278 591 402 631 Prob.
433 590 504 629 IV.
535 604 587 631 ex
616 591 764 630 innata
792 590 920 630 animi
940 590 1246 630 benevolentia.
1279 589 1415 628 Homo
1445 590 1507 629 sic
1528 598 1796 643 comparatus

224 665 287 699 est
314 669 466 698 natura
495 671 584 705 sua,
614 663 658 696 ut
686 657 739 696 ad
761 656 1156 697 communicandum
1179 669 1274 695 cum
1295 655 1388 694 aliis
1409 669 1634 710 eorumque
1655 670 1798 697 neces-

220 723 331 763 sitati
354 722 686 762 subveniendum
706 722 990 773 maximopere
1011 720 1247 760 inclinetur.
1271 720 1340 759 Sic
1369 720 1436 772 qui
1457 721 1676 761 scientiam
1696 735 1800 774 pos—

219 789 339 836 sidet,
362 786 558 827 cohibere
583 799 629 826 se
649 786 791 838 nequit
810 786 1033 838 quominus
1058 798 1150 824 eam
1173 784 1359 824 exterius
1379 785 1626 834 manifestet;
1647 787 1716 839 qui
1748 787 1800 826 ob

220 857 403 896 faustum
439 860 634 893 eventum
666 852 823 891 laetitia
853 851 1058 898 exsultat,
1091 855 1164 889 aut
1194 850 1245 890 ob
1282 849 1440 890 tristem
1476 863 1622 889 casum
1656 851 1798 890 dolore

221 920 411 967 tabescit,
443 918 549 957 alios
579 931 722 957 secum
757 915 908 955 laetari
938 921 1009 954 aut
1039 914 1265 954 condolere
1293 914 1430 966 cupit;
1463 928 1542 954 nec
1572 915 1794 968 quidquam

219 985 391 1038 aegrius
412 984 503 1030 sert,
534 996 656 1035 quam
679 981 956 1028 solitudinem,
988 988 1112 1032 atque
1132 980 1363 1019 amicorum
1394 979 1605 1020 consortio
1626 981 1795 1032 privari.

217 1053 416 1102 Itemque,
448 1049 482 1087 si
511 1048 553 1087 in
583 1047 690 1100 alios
715 1052 954 1086 moerentes
974 1052 1045 1084 aut
1065 1044 1223 1085 hilares
1242 1044 1398 1092 incidit,
1419 1043 1529 1083 illico
1551 1045 1795 1084 eorumdem

218 1116 445 1155 affectuum
474 1111 685 1165 particeps
714 1110 905 1159 efficitur,
927 1110 963 1149 si
992 1122 1092 1149 vero
1122 1122 1371 1161 quemquam
1393 1109 1637 1148 calamitate
1658 1108 1799 1161 aliqua

217 1178 365 1219 iactari
388 1176 601 1230 perspicit,
623 1175 760 1215 statim
784 1174 1007 1226 impellitur
1027 1174 1081 1213 ad
1102 1173 1191 1213 eius
1212 1173 1479 1225 indigentiae,
1496 1171 1794 1224 opitulandum,

221 1248 312 1287 sive
343 1260 485 1299 opera,
518 1246 607 1285 sive
636 1258 694 1294 re,
726 1244 815 1283 sive
845 1243 993 1283 saltem
1025 1241 1202 1283 consilio
1233 1241 1354 1280 bono.

273 1313 395 1353 Prob.
426 1315 477 1352 V.
499 1326 553 1352 ex
574 1310 922 1364 perfectibilitatis
943 1314 1161 1360 conceptu.
1185 1308 1321 1347 Homo
1342 1305 1615 1359 perfectibilis
1644 1312 1708 1345 est
1728 1318 1797 1344 na-

216 1387 312 1420 tura
341 1394 431 1429 sua,
461 1380 584 1431 idque
613 1378 719 1417 inter
748 1376 997 1429 praecipuas
1027 1375 1117 1414 eius
1137 1373 1455 1426 praerogativas
1487 1373 1796 1411 adnumeratur.

215 1445 298 1484 Sed
319 1443 634 1496 perfectibilitas
655 1442 707 1480 ad
729 1447 867 1480 actum
891 1439 1040 1479 adduci
1060 1438 1213 1491 nequit,
1235 1438 1326 1478 sine
1347 1437 1547 1476 societate
1560 1442 1600 1476 et
1615 1436 1793 1487 plurium

212 1511 321 1550 inter
342 1523 387 1549 se
410 1509 575 1549 collatis
597 1507 766 1546 viribus.
790 1507 902 1557 Ergo
923 1506 1049 1558 homo
1072 1504 1111 1543 vi
1129 1510 1303 1543 naturae
1320 1503 1374 1542 ad
1390 1503 1633 1543 societatem
1651 1501 1790 1541 tendit.

213 1578 264 1617 Et
286 1589 403 1624 sane,
424 1575 504 1614 nisi
526 1573 672 1613 divisis
692 1572 948 1620 muneribus,
971 1571 1144 1624 quisque
1165 1570 1343 1610 aliorum
1372 1569 1530 1609 auxilio
1551 1569 1693 1614 fultus,
1717 1581 1792 1620 pe-

211 1642 357 1683 culiari
389 1641 504 1694 operi
525 1653 680 1680 nervos
700 1639 889 1679 intendat
909 1646 948 1678 et
970 1636 1309 1689 praecedentium
1333 1634 1651 1687 generationum
1673 1635 1794 1674 labo-

212 1710 327 1749 ribus
343 1708 510 1747 adiutus
528 1705 697 1757 propria
716 1706 889 1744 inventa
899 1702 1121 1754 nepotibus
1132 1701 1398 1749 transmittat3
1411 1700 1640 1739 humanum
1658 1713 1794 1751 genus

216 1786 382 1825 semper
403 1771 550 1811 eodem
573 1770 706 1822 gradu
727 1769 989 1814 consisteret,
1011 1780 1061 1806 ac
1086 1766 1208 1805 valde
1229 1765 1422 1817 angustis
1438 1764 1705 1815 perfectionis
1721 1772 1796 1805 ter-

213 1840 337 1879 minis
374 1838 702 1878 concluderetur.
741 1834 903 1887 Singuli
937 1834 1048 1873 enim
1084 1831 1278 1871 homines
1310 1831 1436 1870 veluti
1466 1830 1675 1883 fragmina
1697 1838 1796 1871 sunt

211 1905 418 1959 quaedam
438 1904 629 1954 integrae
649 1908 839 1948 naturae;
861 1912 967 1952 quae
991 1896 1128 1950 qualis
1151 1896 1203 1935 sit
1223 1902 1261 1936 et
1278 1900 1478 1948 quantum
1496 1896 1636 1935 valeat
1651 1909 1735 1936 non
1752 1897 1793 1936 in

210 1986 293 2012 uno
316 1976 387 2010 aut
404 1971 536 2011 altero
559 1981 751 2008 seorsum
773 1966 971 2018 explicat,
997 1963 1072 2003 sed
1092 1963 1133 2002 in
1154 1968 1242 2002 tota
1262 1961 1519 2009 collectione,
1542 1975 1648 2014 quae
1678 1976 1794 2002 nun-

213 2053 338 2092 quam
370 2038 549 2088 abrupta
579 2035 632 2074 ad
666 2034 778 2074 vires
808 2045 908 2073 suas
939 2030 1197 2071 evolvendas
1227 2028 1527 2080 augendasque
1560 2029 1791 2069 contendit.

262 2104 385 2144 Prob.
409 2103 479 2141 VI.
503 2115 555 2141 ex
577 2099 752 2139 rationis
769 2097 1004 2137 dictamine.
1021 2094 1147 2134 Ratio
1164 2093 1351 2133 ordinem
1372 2092 1627 2131 servandum
1649 2098 1688 2131 et
1704 2105 1788 2131 am-

208 2168 479 2223 plificandum
500 2167 621 2206 iubet.
644 2164 769 2216 Atqui
786 2163 886 2203 ordo
907 2161 997 2201 sive
1017 2160 1059 2199 in
1081 2158 1303 2210 implendis
1329 2156 1491 2204 officiis,
1513 2155 1601 2196 sive
1623 2156 1665 2194 in
1686 2169 1788 2208 pro—

207 2234 308 2287 priis
329 2231 494 2272 tuendis
514 2230 686 2276 iuribus,
710 2228 799 2267 sive
818 2227 860 2265 in
889 2224 1077 2264 colendis
1107 2222 1265 2262 artibus
1285 2227 1357 2260 aut
1378 2220 1566 2261 scientiis
1585 2253 1594 2268 ,
1627 2220 1715 2260 sive
1745 2221 1788 2259 in

207 2301 359 2341 ceteris
380 2297 509 2338 animi
531 2295 750 2335 virtutibus
771 2290 1045 2345 explicandiS,
1066 2289 1108 2328 in
1133 2287 1311 2341 plurium
1342 2286 1544 2327 societate
1574 2286 1786 2327 maximo-

204 2379 302 2418 pere
330 2366 475 2405 elucet.
501 2363 614 2413 Ergo
637 2359 742 2399 ratio
764 2359 816 2397 ad
836 2357 1081 2396 societatem
1106 2353 1331 2393 ineundam
1353 2352 1536 2391 iussione
1560 2365 1638 2391 sua
1659 2352 1789 2391 homi-

207 2446 285 2473 nes
307 2430 488 2484 impellit.
514 2427 636 2469 Unde
655 2425 867 2478 sapienter
889 2421 1050 2461 Tullius
1074 2419 1224 2460 aiebat:
1246 2418 1373 2458 Nihil
1393 2417 1591 2471 principi
1620 2418 1711 2457 Deo
1745 2417 1790 2455 in

207 2500 331 2540 rebus
365 2494 567 2536 humanis
598 2505 686 2532 esse
711 2491 896 2542 gratius,
926 2498 1057 2539 quam
1079 2483 1270 2523 homines
1292 2482 1445 2521 habere
1465 2481 1581 2520 inter
1599 2493 1643 2519 se
1664 2481 1789 2520 socie-

211 2566 343 2603 tatem
374 2560 623 2599 ordinatam
654 2558 693 2596 ei
713 2554 968 2607 perfectam,
999 2562 1111 2602 quae
1142 2547 1293 2586 civitas
1321 2545 1494 2584 dieitur.

259 2629 373 2669 Hinc
391 2625 574 2678 sequitur
586 2622 832 2662 societatem
843 2618 978 2670 ipsam
988 2618 1184 2667 respectu
1196 2612 1406 2653 sociorum
1419 2610 1574 2650 habere
1583 2609 1788 2650 rationem

203 2707 287 2734 non
307 2691 418 2746 finis
438 2690 513 2729 sed
535 2686 675 2727 medii.
698 2685 863 2725 Idcirco
884 2681 995 2722 enim
1027 2677 1240 2732 quaeritur
1270 2682 1310 2716 et
1338 2675 1476 2723 initur,
1507 2682 1553 2714 ut
1581 2673 1787 2714 defectum

247 2851 297 2893 (1)
323 2850 358 2881 ln
382 2847 509 2879 librum
534 2846 551 2875 4
575 2842 716 2875 Ροίἱτὶσ.
741 2841 821 2873 lect.
846 2840 872 2871 1.

245 2907 296 2946 (2)
323 2904 374 2936 De
398 2898 588 2934 Amicitia.
