1970 3203
1062 176 1079 200 p
1351 179 1353 183 ,
1503 161 1531 186 Eu

222 228 301 270 372
875 243 887 268 1
903 243 930 269 N
946 243 971 269 n
988 242 1012 269 E
1029 242 1057 268 x

252 319 363 353 Pnoa
392 316 423 353 1.
449 319 580 354 Exstat
605 321 642 354 in
670 321 814 355 homine
841 322 899 355 lex
922 321 1107 355 naturalis
1146 348 1568 357 ........
1620 322 1708 368 Pag.
1760 322 1805 358 86

295 389 314 410 »
389 376 421 412 2.
448 378 669 413 Autonomia
699 381 872 422 rationis,
901 391 1015 425 quam
1046 379 1250 428 adstruunt
1284 381 1555 423 rationalistae,
1593 383 1697 416 insa-

279 479 282 481 Α
486 440 551 473 nia
576 445 629 473 est
678 465 1628 477 .................
1691 454 1711 476 »
1762 441 1808 477 89

288 506 308 529 »
382 493 415 530 3.
442 495 598 530 Admitti
620 497 659 531 in
684 497 756 531 Deo
783 498 881 532 debet
909 499 965 533 leoe
991 505 1137 534 aeterna
1153 525 1632 536 .........
1693 512 1713 534 >>
1764 501 1811 536 90

446 557 652 592 Solvuntur
677 558 908 604 difficultates
912 584 1629 597 .............
1690 573 1709 595 »
1758 560 1807 596 92

229 615 322 652 Am.
389 617 428 652 ΙΙ.
455 617 508 652 De
532 620 716 653 sanctione
743 619 831 664 leyis
853 621 1049 655 naturalis.
1078 620 1173 662 Quid
1199 619 1345 655 Sanctio
1388 647 1630 656 .....
1695 634 1714 655 5>
1764 621 1810 656 94

249 676 362 712 PnoP.
392 676 423 712 1.
449 677 526 712 Lex
551 679 739 713 naturalis
765 682 987 715 sanctionem
1011 682 1178 727 aliquam
1196 683 1395 716 necessario
1425 682 1493 716 sibi
1511 682 1716 717 vindicat.»
1748 682 1812 717 ibi.

289 749 308 770 »
383 737 416 772 2.
447 738 590 772 Sanctio
618 740 705 784 ἱερεῖς
729 741 915 775 naturalis
939 741 1112 785 futuram
1139 743 1251 775 vitam
1275 743 1448 787 respicere
1473 742 1572 776 debet
1620 767 1628 774 .
1688 754 1708 776 »
1759 741 1805 776 96

292 807 311 830 »
386 794 419 830 3.
446 795 663 831 Praemium
688 798 788 832 bonis
821 804 854 832 et
871 810 992 844 poena
1018 801 1139 844 impiis
1163 800 1397 835 retribuenda
1424 801 1586 835 consistit
1603 801 1713 845 potis-

490 856 628 889 simum
654 858 692 890 in
717 857 905 902 adeptione
930 859 986 893 vel
1010 860 1206 893 amissione
1231 859 1357 893 ultimi
1377 860 1466 905 finis
1509 886 1516 894 .
1567 885 1575 893 .
1627 885 1634 892 .
1696 871 1715 893 >>
1742 860 1805 895 ibi.

446 912 653 948 Solvuntur
677 915 909 961 difficultates
912 943 1630 954 .............
1692 930 1712 952 >>
1761 919 1808 954 97

229 970 321 1006 ART.
364 970 422 1005 111.
447 971 500 1006 De
519 975 802 1018 proprietatibus
829 977 916 1021 legiis
930 977 1117 1011 naturalis
1133 977 1282 1022 eiusque
1298 977 1553 1022 fundamento.
1579 978 1705 1023 Argu-

484 1033 657 1068 mentum
677 1060 1631 1074 .................
1692 1049 1712 1072 »
1762 1038 1808 1073 99

246 1093 359 1128 PROP.
388 1091 419 1128 1.
446 1093 523 1128 Lex
549 1097 737 1130 naturalis
761 1103 813 1131 est
837 1098 1086 1140 immutabilis,
1114 1099 1346 1142 universaliS,
1372 1104 1518 1134 aeterna
1549 1126 1556 1134 .
1607 1126 1615 1134 .
1678 1110 1698 1132 >>
1742 1099 1804 1134 ihi.

289 1166 309 1188 >>
383 1154 416 1190 2.
444 1154 749 1191 Fundamentum
770 1159 857 1203 leyis
869 1160 1056 1194 naturalis
1072 1161 1111 1194 in
1125 1160 1288 1194 dominio
1305 1162 1507 1205 reponitur2
1521 1161 1620 1206 quod
1638 1161 1710 1195 Deo

491 1218 665 1260 competit,
692 1222 884 1264 tamquam
909 1230 1101 1264 supremae
1126 1230 1255 1254 causae
1279 1224 1312 1253 et
1331 1221 1473 1255 auctori
1496 1225 1662 1255 naturae.
1690 1231 1710 1254 »
1741 1218 1809 1254 100

289 1285 308 1307 »
383 1273 416 1308 3.
440 1274 517 1309 Lex
541 1278 727 1311 naturalis
753 1279 1044 1322 fundamentum
1069 1285 1122 1313 est
1148 1281 1234 1324 leyis
1255 1281 1451 1324 positivae.
1503 1306 1510 1314 .
1561 1307 1568 1314 .
1621 1306 1628 1314 .
1690 1291 1710 1312 »
1747 1280 1811 1314 ibi.

449 1335 657 1371 Solvuntur
682 1338 914 1384 difficultates
917 1364 1632 1374 .............
1693 1350 1713 1372 >>
1742 1337 1807 1373 101

225 1393 321 1427 ART.
363 1392 423 1427 IV.
448 1394 501 1428 De
511 1397 635 1439 primo
646 1398 828 1441 principio
849 1399 936 1443 leyis
952 1399 1148 1432 naturalis.
1168 1397 1460 1443 Investigationis
1485 1397 1640 1433 utilitas.
1691 1409 1710 1432 »
1740 1396 1808 1433 103

250 1453 362 1488 PROP.
390 1452 421 1488 1.
448 1455 554 1490 Illud
579 1457 703 1491 haberi
718 1458 818 1492 debet
833 1465 878 1492 ut
892 1461 1064 1504 primum
1083 1460 1171 1504 leyis
1187 1465 1345 1493 naturae
1356 1461 1595 1505 principium,
1613 1459 1712 1505 quod

492 1520 544 1549 est
559 1518 882 1562 simplicissimum,
900 1520 1266 1563 universalissimum,
1292 1519 1520 1554 irreducibile
1536 1520 1585 1554 ad
1602 1519 1709 1554 aliud

492 1582 526 1609 ct
550 1577 664 1611 veluti
686 1579 859 1623 i'n‘iplz'cz'ta
883 1582 975 1614 ratio
1000 1586 1202 1614 ceterarum
1220 1582 1519 1625 praeceptionum
1561 1606 1569 1614 .
1620 1606 1627 1614 .
1689 1591 1709 1614 ›>
1745 1580 1808 1615 ibi.

292 1645 310 1666 »
385 1632 418 1668 2.
447 1633 619 1668 Primum
646 1636 734 1681 lefflis
759 1639 946 1672 natm-alis
964 1640 1194 1684 principium
1219 1640 1267 1672 sic
1293 1640 1482 1673 enuntiari
1499 1644 1630 1685 potest:
1649 1639 1716 1673 Bo-

494 1705 588 1727 num
613 1701 665 1729 est
687 1696 909 1740 faciendum,
936 1698 1080 1732 malum
1106 1709 1186 1731 vero
1212 1698 1406 1732 vitandum
1444 1725 1451 1731 .
1504 1723 1511 1732 .
1562 1724 1570 1732 .
1623 1725 1630 1732 .
1692 1709 1711 1731 >>
1740 1696 1809 1732 104

453 1752 662 1788 Solvuntur
686 1756 916 1801 difficultates
976 1782 1632 1792 ............
1693 1768 1711 1790 >>
1743 1754 1810 1790 105

226 1813 317 1848 Am.
378 1809 420 1844 V.
447 1810 499 1844 De
522 1814 762 1856 applicatione
789 1817 878 1861 lcyis
904 1818 952 1851 ad
978 1828 1085 1851 casus
1105 1818 1319 1861 peculiares,
1344 1827 1408 1850 seu
1427 1816 1470 1849 de
1487 1816 1714 1850 conscientia.

488 1871 582 1913 Quid
608 1875 826 1910 conscientia
846 1897 888 1902 —
908 1877 987 1912 Duo
1020 1877 1244 1912 consectaria
1263 1897 1306 1902 —
1326 1876 1482 1911 partitio
1498 1895 1542 1902 —
1557 1875 1607 1909 De
1632 1886 1711 1910 con-

493 1935 646 1970 seientia
674 1939 769 1969 recta
795 1939 830 1969 et
855 1946 1007 1970 erronea
1027 1956 1070 1962 —
1090 1936 1140 1970 De
1165 1936 1385 1971 conscientia
1411 1936 1521 1971 dubia
1546 1939 1581 1969 et
1607 1945 1713 1970 scru-

495 1993 682 2040 pulosa—
698 1993 749 2028 De
773 1994 992 2030 conscientia
1018 1995 1199 2041 probabili
1214 2020 1634 2030 ........
1695 2006 1714 2028 >>
1744 1992 1810 2029 108

761 2192 877 2246 IUS
918 2192 967 2244 N
971 2190 1280 2245 ATURAE

676 2333 798 2368 PARS
825 2334 850 2368 Ι.
876 2354 921 2362 -
948 2333 1021 2369 IUS
1055 2333 1363 2369 INDIVIDUALE

232 2469 477 2504 INTRODUCTIO
497 2493 1631 2505 ....................
1692 2478 1712 2500 »
1742 2464 1809 2500 113

234 2530 338 2564 CAP.
404 2530 429 2564 Ι.
455 2530 509 2564 ΒΕ
533 2539 617 2565 IURE
641 2540 688 2564 ET
714 2540 851 2564 OFFmIo
877 2540 1097 2565 GENERATIM.
1125 2529 1281 2564 partitio
1330 2554 1634 2564 ......
1695 2538 1715 2560 >>
1745 2524 1811 2560 115

232 2590 323 2625 ART.
404 2589 429 2624 I.
454 2590 507 2624 De
531 2592 685 2633 notione,
711 2591 886 2624 divisione
910 2596 944 2625 et
964 2591 1246 2635 proprietatibus
1271 2590 1374 2623 iuris,
1403 2588 1498 2631 Quid
1524 2588 1581 2622 ius
1600 2586 1719 2620 -Ius

505 2651 625 2685 differt
655 2663 676 2686 a
701 2651 736 2685 vi
762 2651 915 2697 physica
942 2672 985 2677 ——
1012 2651 1154 2685 Inducit
1188 2650 1363 2685 moralem
1395 2649 1653 2693 obligationem
1679 2646 1717 2680 in

504 2710 587 2744 aliis
608 2729 649 2736 -—
669 2709 878 2744 Subiectum
905 2714 941 2744 et
968 2710 1144 2744 terminus
1171 2709 1263 2743 iuris
1282 2729 1324 2734 ——
1345 2708 1535 2743 Obiectum
1561 2705 1652 2740 iuris
1672 2724 1714 2730 —

508 2770 568 2804 Ius
593 2771 670 2804 sine
696 2770 769 2804 Deo
795 2770 936 2816 concipi
963 2770 1088 2816 nequit
1103 2790 1145 2794 —
1160 2769 1332 2803 Definitio
1356 2767 1450 2802 iuris
1465 2787 1507 2792 —-
1523 2765 1717 2800 Transfer-

512 2834 572 2864 tur
598 2830 706 2864 etiam
732 2830 776 2864 ad
803 2830 935 2864 alia—
952 2830 1108 2864 partitio
1134 2829 1236 2872 iuris,
1264 2833 1298 2863 et
1323 2828 1483 2874 primum
1502 2826 1538 2860 in
1566 2825 1663 2860 reale
1686 2829 1721 2860 et

512 2891 699 2938 personale
713 2911 757 2917 —-
771 2891 811 2925 ln
830 2892 999 2926 Innatum
1026 2895 1062 2925 et
1077 2890 1299 2936 acquisitum
1314 2908 1357 2916 --
1371 2887 1558 2923 Attributa
1576 2887 1720 2922 iuris—

513 2950 661 2986 Collisio
678 2971 721 2976 —
739 2949 927 2984 Limitatio
978 2971 1632 2983 ............
1694 2956 1713 2979 »
1748 2945 1812 2980 ihi.
