1970 3203
179 197 258 237 132
507 205 575 233 ωε
605 203 808 232 NATURAE
828 212 849 218 -
871 201 990 243 PARS*
1007 201 1032 226 1.
1062 200 1129 228 ius
1157 200 1432 227 1ND1V1DUALE

185 296 249 330 ter
269 301 391 341 quem
413 288 530 327 Deus
549 284 748 324 adoratur
777 288 817 322 et
834 280 994 320 colitur.
1017 279 1082 318 Ad
1102 293 1188 320 rem
1206 281 1246 319 S.
1270 280 1477 319 Thomas:
1502 294 1521 317 «
1544 278 1586 318 Si
1611 278 1764 332 aliquid

182 353 247 401 sit,
269 351 377 404 quod
397 355 596 403 quantum
618 352 683 387 est
702 346 752 386 de
783 358 829 385 se
850 357 933 384 non
953 343 1131 396 pertinet
1161 344 1213 383 ad
1235 343 1310 383 Dei
1332 344 1522 396 gloriam,
1546 356 1680 396 neque
1711 343 1765 382 ad

181 421 262 460 hoc
292 418 401 472 quod
431 429 550 456 mens
578 412 763 453 hominis
794 411 948 451 feratur
977 410 1019 449 in
1050 410 1182 450 Deum
1202 441 1211 458 ‚
1255 414 1326 449 aut
1353 410 1460 462 quod
1491 410 1630 450 carnis
1661 422 1766 449 con-

182 480 467 535 cupiscentiae
497 478 710 518 moderate
739 475 1025 522 refrenentur,
1071 480 1142 514 aut
1172 474 1298 513 etiam
1330 473 1383 513 sit
1425 480 1590 526 praeter
1620 472 1697 513 Dei
1728 479 1767 513 et

187 547 406 589 Ecclesiae
426 544 739 591 institutionem,
756 543 823 581 vel
844 546 992 581 contra
1007 539 1352 580 consuetudinem
1369 552 1638 580 communem
1657 552 1765 592 quae

185 613 416 654 secundum
446 609 728 663 Augustinum
758 621 830 659 pro
852 607 945 657 lege
975 604 1170 644 habenda
1191 610 1268 653 est;
1305 609 1435 644 totum
1467 604 1547 643 hoc
1577 612 1768 656 reputan-

187 680 284 720 dum
315 685 378 719 est
396 678 654 730 superfluum
688 680 727 714 et
757 671 1105 725 superstitiosum,
1136 670 1233 723 quia
1251 670 1294 709 in
1315 669 1593 711 exterioribus
1626 671 1760 711 solum

187 746 427 787 consistens
456 745 510 784 ad
537 742 777 784 interiorem
810 739 886 779 Dei
916 739 1072 779 cultum
1103 751 1189 777 non
1218 737 1396 790 pertinet
1416 738 1489 789 (1).
1512 751 1532 776 »

237 811 301 850 31.
332 811 590 849 ΡΗΟΡΟΞΙΤΙΟ
624 808 681 845 4³.
711 805 853 844 Amor·
881 803 990 851 Dei,
1024 805 1244 855 tamquam
1274 801 1425 842 obiecti
1452 815 1614 842 summe
1641 802 1762 851 boni,

188 887 273 913 non
303 873 427 913 modo
452 870 668 925 possibilis
690 870 761 917 est,
780 867 854 907 secl
882 868 1011 907 etiam
1040 870 1101 906 est
1122 867 1217 906 iure
1242 869 1429 907 naturae
1452 868 1765 920 praescriptus.

239 936 365 976 Prob.
382 936 517 988 prima
537 947 646 987 pars.
665 931 862 984 Quisquis
879 932 1010 970 Deum
1027 930 1231 982 agnoscit,
1249 931 1364 971 illum
1382 937 1589 984 agnoscat
1606 937 1770 984 oportet

189 1008 401 1053 tamquam
431 1011 597 1038 summa
625 1002 665 1037 et
685 995 847 1035 infinita
867 995 1098 1047 praeditum
1129 995 1326 1035 bonitate.
1354 997 1411 1037 At
1441 1009 1541 1036 vero
1573 996 1770 1049 quidquid

188 1066 432 1120 agnoscitur
454 1070 497 1103 ut
516 1064 685 1110 bonum,
705 1075 731 1101 a
751 1062 965 1102 voluntate
987 1061 1100 1113 diligi
1121 1066 1256 1113 potest
1276 1075 1325 1101 eo
1354 1062 1489 1111 modo,
1512 1076 1591 1114 quo
1614 1069 1659 1103 ut
1692 1062 1770 1102 bo-

188 1147 288 1174 num
305 1132 562 1185 agnoscitur;
579 1129 682 1169 nihil
702 1129 812 1168 enim
830 1128 942 1168 aliud
959 1134 1022 1168 est
1042 1141 1171 1176 amor,
1189 1141 1311 1180 quam
1333 1128 1642 1182 complacentia
1659 1135 1698 1168 et
1718 1143 1770 1168 a-

188 1199 360 1238 dhaesio
383 1196 612 1237 voluntatis
634 1208 737 1247 erga
765 1195 918 1234 bonum
939 1193 1258 1246 apprehensum.
1280 1194 1394 1233 Deus
1423 1193 1548 1246 igitur
1577 1195 1658 1234 hoc
1679 1195 1770 1247 ipso

189 1263 299 1316 quod
318 1261 590 1313 cognoscitur
609 1266 652 1299 ut
672 1272 835 1299 summe
856 1257 1003 1307 bonus;
1035 1264 1077 1296 ut
1101 1257 1195 1296 talis
1225 1257 1350 1297 etiam
1373 1257 1598 1297 dilectione
1620 1258 1769 1311 attingi

190 1335 340 1383 potest.

245 1395 368 1434 Prob.
399 1393 585 1433 secunda
619 1404 729 1444 pars.
761 1390 926 1443 Duplici
957 1391 1081 1430 modo
1117 1391 1231 1429 Deus
1269 1390 1526 1442 apprehendi
1563 1394 1697 1441 potest
1727 1395 1772 1429 ut

189 1472 353 1499 summe
374 1458 522 1497 bonus:
544 1455 739 1495 nimirum
771 1455 836 1494 vel
858 1454 1048 1494 absolute
1072 1454 1114 1492 in
1143 1467 1200 1502 se,
1233 1454 1299 1493 vel
1318 1453 1490 1494 relative
1522 1453 1658 1505 quoad
1679 1466 1770 1492 nos.

191 1523 395 1563 Absolute
425 1521 604 1574 quidem,
626 1526 831 1573 quatenus
858 1517 1022 1557 infinita
1037 1523 1204 1558 constat
1234 1517 1419 1558 bonitate
1449 1530 1499 1557 ac
1530 1516 1685 1556 bonum
1707 1523 1769 1557 est

192 1602 433 1642 supremum
463 1587 570 1628 inter
591 1585 741 1626 omnia.
773 1586 844 1625 Sic
866 1584 1096 1624 maximum
1126 1597 1314 1624 amorem
1335 1590 1517 1623 meretur
1538 1583 1690 1635 duplici
1710 1597 1771 1622 ra-

191 1657 315 1704 tione3
332 1655 522 1708 primum,
541 1655 638 1705 quia
655 1652 861 1691 sibonum
879 1660 943 1692 est
958 1650 1149 1698 amabile,
1169 1663 1329 1690 summe
1345 1650 1500 1689 bonum
1519 1656 1582 1689 est
1607 1663 1769 1689 summe

193 1722 400 1770 amabile;
421 1721 543 1772 idque
563 1719 653 1771 ipso
683 1731 821 1758 rerum
843 1718 943 1757 ordo
961 1716 1174 1768 praecipit.
1206 1715 1459 1768 Principium
1493 1715 1603 1755 enim
1623 1715 1773 1755 iubens

196 1785 354 1827 homini
381 1791 426 1825 ut
446 1788 586 1824 servet
605 1788 646 1823 et
675 1781 819 1834 diligat
839 1781 1039 1829 ordinem,
1070 1780 1184 1819 iubet
1204 1780 1329 1819 etiam
1351 1786 1394 1819 ut
1413 1779 1596 1818 maxime
1628 1778 1773 1831 diligat

193 1854 346 1893 bonum
375 1850 487 1898 illud,
510 1849 619 1902 quod
640 1854 704 1888 est
733 1848 869 1900 ipsum
891 1847 1046 1886 bonum
1077 1853 1117 1887 et
1137 1847 1237 1887 ordo
1258 1847 1508 1894 subsistens,
1541 1853 1581 1887 et
1597 1846 1638 1886 vi
1655 1846 1774 1886 cuius

193 1916 355 1969 reliqua
384 1914 576 1954 ordinata
605 1918 703 1952 sunt
731 1926 782 1953 ac
813 1912 933 1951 bona.
966 1913 1031 1951 Ex
1063 1924 1142 1963 quo
1173 1911 1439 1964 consequitur
1469 1919 1513 1951 ut
1543 1912 1657 1951 Deus
1688 1924 1772 1951 non

196 1981 320 2021 modo
351 1978 586 2031 diligendus
616 1977 680 2026 sit;
703 1977 776 2016 sed
806 1975 930 2015 etiam
951 1975 1010 2016 ita
1039 1975 1094 2016 sit
1113 1975 1360 2027 diligendus,
1390 1982 1434 2015 ut
1454 1976 1546 2016 aliis
1577 1975 1772 2016 omnibus

194 2046 468 2100 praeferatur,
485 2048 683 2096 quotquot
700 2048 882 2089 exstant,
899 2041 1020 2082 bonis
1037 2043 1090 2081 ad
1111 2055 1298 2082 amorem
1314 2042 1633 2094 impellentibus.
1650 2043 1773 2081 Prae-

194 2122 310 2154 terea
330 2114 365 2152 si
387 2113 512 2159 Deus,
535 2116 674 2162 utpote
696 2123 772 2149 ens
792 2109 1004 2160 optimum,
1026 2107 1122 2147 finis
1143 2114 1207 2149 est
1226 2108 1430 2148 bonorum
1451 2109 1647 2157 omnium3
1671 2109 1771 2148 ordo

195 2184 310 2219 certe
340 2175 499 2217 servari
519 2174 674 2227 nequit,
705 2174 786 2214 nisi
807 2174 860 2212 ad
888 2173 1025 2226 ipsum
1046 2180 1189 2214 cetera
1218 2173 1328 2213 bona
1348 2186 1498 2213 revera
1527 2173 1771 2225 dirigantur.

195 2244 332 2283 Homo
362 2242 512 2293 itaque,
543 2239 610 2291 qui
641 2239 694 2277 ad
724 2238 908 2278 ordinem
939 2237 1256 2278 custodiendum
1287 2242 1462 2286 tenetur,
1492 2243 1655 2277 tenetur
1684 2251 1772 2289 pro-

196 2309 305 2349 fecto
328 2307 379 2346 ad
401 2304 620 2345 referenda
640 2304 682 2342 in
704 2305 838 2343 Deum
860 2304 971 2343 bona
999 2309 1152 2343 cuncta
1169 2316 1274 2355 quae
1291 2302 1456 2355 appetit.
1480 2302 1526 2342 Id
1557 2317 1656 2343 vero
1676 2317 1772 2343 cum

195 2373 316 2413 aliter
347 2371 515 2411 efficere
543 2374 734 2421 nequeat,
764 2367 844 2406 nisi
875 2369 1007 2407 Deum
1038 2366 1220 2406 maxime
1251 2366 1406 2419 diligat;
1424 2366 1477 2405 ad
1507 2366 1773 2407 dilectionem

192 2439 304 2478 hanc
333 2448 481 2488 reapse
510 2434 552 2474 vi
583 2433 740 2473 ordinis
770 2433 990 2485 obligatur.
1023 2432 1214 2472 Relative
1252 2432 1577 2484 apprehenditur
1606 2446 1774 2471 summa

195 2500 272 2542 Dei
302 2499 479 2546 bonitas,
511 2512 606 2538 cum
634 2496 851 2549 inspicitur
885 2503 1096 2549 tamquam
1127 2510 1367 2549 supremum
1403 2497 1502 2535 illud
1533 2496 1700 2544 bonum,
1731 2496 1775 2535 in

193 2577 274 2618 quo
304 2563 484 2602 felicitas
505 2565 690 2602 humana
710 2560 912 2609 consistit,
934 2568 973 2601 et
993 2573 1045 2600 ex
1075 2574 1154 2613 quo
1177 2561 1385 2613 completa
1415 2559 1614 2613 perfectio
1635 2559 1676 2598 in
1694 2573 1774 2600 nos

194 2627 489 2682 proficiscitur.
520 2628 633 2666 Deus
663 2632 815 2674 autem,
846 2626 906 2665 sic
935 2626 1161 2678 inspectus,
1192 2626 1245 2665 ad
1266 2639 1452 2666 amorem
1484 2626 1627 2676 procul
1651 2626 1772 2666 dubio

194 2693 430 2744 adstringit.
464 2693 600 2732 Homo
631 2691 741 2732 enim
773 2705 1011 2743 supremam
1041 2693 1104 2731 sui
1132 2691 1430 2744 perfectionem
1462 2699 1502 2731 et
1533 2691 1772 2732 felicitatem

189 2761 366 2813 diligere
397 2763 572 2807 tenetur;
605 2758 753 2811 quippe
783 2772 878 2797 cum
909 2764 1074 2810 propter
1099 2771 1192 2798 eam
1214 2763 1355 2798 cetera
1385 2757 1538 2810 diligat,
1572 2764 1694 2810 atque
1717 2758 1770 2798 ad

236 2901 288 2944 (1)
313 2900 470 2935 Summa
493 2898 540 2932 τΙι.
567 2899 610 2932 2.·
632 2899 673 2931 2.·
700 2908 731 2940 q.
757 2899 882 2937 XCIV,
904 2909 934 2931 a.
958 2899 1003 2931 11.
