1970 3203
229 199 308 240 ‘260
611 211 678 238 ius
707 208 909 236 NATURAE
929 218 949 224 —
972 208 1080 235 PARS
1107 209 1145 235 11.
1175 208 1241 236 ms
1270 207 1442 236 SoclALE

230 303 341 343 ceps,
374 294 417 328 ut
447 287 585 340 populi
616 288 731 326 salus
762 300 811 327 ac
843 285 1019 326 felicitas
1049 291 1307 337 procax-etum
1339 298 1425 334 seu,
1456 285 1615 334 melius,
1648 284 1806 326 idcirco

230 361 326 395 sunt
357 359 395 393 et
420 360 644 405 operantur
675 351 850 404 populus
880 355 920 389 et
949 348 1164 402 princeps,
1194 356 1238 388 ut
1266 348 1431 401 integra
1461 349 1642 389 societas
1668 381 1676 396 ,
1708 361 1817 401 quae

233 428 406 472 utroque
437 424 617 464 constat,
648 417 699 456 sit
731 428 879 468 sospes
909 421 948 455 et
978 413 1088 454 felix.

289 484 529 526 Subiectum
562 494 752 521 summae
782 479 1002 532 potestatis
1032 491 1126 519 esse
1156 485 1294 531 potest
1324 479 1390 518 vel
1417 491 1598 531 persona
1616 478 1811 531 physica,

235 566 310 593 seu
338 553 463 591 homo
484 547 732 596 individuus,
764 547 829 587 vel
851 559 1033 599 persona
1054 545 1237 594 moralis,
1269 558 1344 585 seu
1365 550 1510 585 coetus
1531 546 1723 598 plurium,
1747 545 1814 598 qui

235 619 276 658 in
306 630 434 657 unum
465 615 730 655 conveniant.
773 611 882 652 Hinc
931 610 1122 650 diversae
1159 609 1317 650 formae
1356 609 1571 662 regiminis
1602 610 1791 650 oriuntur
1806 641 1816 656 ,

232 687 353 734 prout
382 679 425 719 in
455 691 536 718 uno
576 684 648 716 aut
678 674 864 727 pluribus
895 687 1060 714 summa
1089 672 1321 713 auctoritas
1360 672 1539 722 residet,
1576 681 1615 713 et
1645 673 1815 712 diversa

231 745 498 801 proportione
521 756 569 783 ac
587 748 914 793 temperamento
931 739 1021 779 eius
1051 738 1297 779 exercitium
1319 752 1345 777 a
1366 738 1527 791 legibus
1556 738 1814 779 fundamen-

234 814 384 855 talibus
414 808 722 851 determinatur.
754 808 859 846 Nam
883 806 980 845 licet
1010 805 1238 844 auctoritas
1268 804 1459 845 societati
1479 805 1532 844 sit
1552 805 1809 852 essentialis,

231 891 363 931 eaque
402 888 571 922 carere,
601 871 766 913 etiamsi
796 883 942 910 omnes
981 869 1261 917 consentiant,
1292 869 1510 909 multitudo
1543 883 1626 909 non
1655 869 1785 922 possit
1809 884 1819 918 3

231 954 373 987 tamen
413 941 645 982 subiectum
676 937 790 985 eius,
822 936 988 976 nonnisi
1025 949 1051 975 a
1080 935 1190 976 facto
1221 935 1358 988 aliquo
1389 936 1574 976 humano
1607 936 1813 977 determi-

231 1017 365 1059 natur,
395 1023 446 1049 ac
468 1006 640 1059 proinde
671 1002 824 1042 variari
847 1002 1114 1042 multifariam
1135 1008 1284 1053 potest.
1316 1002 1439 1051 Hinc,
1469 1016 1542 1055 pro
1565 1003 1809 1044 diversitate

232 1076 354 1115 huius
384 1071 571 1118 subiecti,
602 1068 793 1108 diversae
823 1066 982 1106 formae
1012 1066 1228 1119 regiminis
1259 1074 1527 1107 enascuntur.

283 1142 346 1182 63.
379 1141 483 1188 Quot
503 1136 676 1190 species.
708 1135 887 1174 Formae
917 1132 1134 1186 regiminis
1161 1133 1483 1186 generalissima
1512 1134 1693 1186 quadam
1715 1148 1808 1186 par-

235 1205 390 1252 titione,
420 1203 462 1242 in
484 1200 695 1252 simplices
727 1206 765 1237 et
796 1197 1052 1250 compositas
1074 1197 1255 1250 dispesci
1276 1199 1425 1238 solent.
1444 1199 1545 1237 Illae
1567 1205 1678 1248 sunt,
1701 1212 1808 1251 quae

233 1284 286 1311 ex
324 1264 647 1321 simplicioribus
677 1276 760 1302 non
783 1268 999 1309 constant;
1030 1269 1071 1302 et
1099 1267 1185 1301 tres
1214 1262 1491 1302 communiter
1521 1268 1810 1310 recensentur,

232 1336 439 1377 nimirum:
469 1330 743 1377 Monarchia,
765 1327 1077 1376 Aristowatia,
1109 1328 1404 1368 Democratta.
1436 1329 1624 1368 Habetur
1642 1329 1811 1368 Monar-

232 1404 340 1451 chia,
352 1401 387 1441 si
408 1411 604 1452 suprema
625 1402 810 1449 potestas
831 1394 940 1447 apud
961 1395 1175 1434 hominem
1197 1395 1352 1435 residet
1368 1395 1642 1448 singularem,
1666 1395 1734 1447 qui
1752 1395 1819 1434 ius

233 1471 388 1510 habeat
408 1462 668 1520 gubernandi
679 1461 937 1508 societatem,
950 1460 1039 1500 sive
1059 1460 1100 1499 in
1119 1461 1200 1500 hoc
1221 1460 1261 1499 vi
1275 1461 1417 1513 legum
1436 1460 1811 1501 fundamentalium

233 1537 358 1577 certis
370 1532 568 1573 limitibus
582 1528 878 1579 adstringatur,
896 1526 984 1566 sive
996 1540 1168 1579 prorsus
1183 1527 1377 1566 absoluta
1390 1534 1594 1579 potestate
1611 1528 1806 1580 gaudeat.

235 1602 422 1652 Utroque
439 1602 578 1636 autem
595 1606 721 1633 sensu
738 1598 914 1644 accepta
931 1591 1135 1631 eiusmodi
1150 1591 1413 1644 gubernandi
1429 1591 1564 1632 forma
1576 1591 1726 1644 oppido
1745 1592 1808 1630 di—

234 1664 486 1719 stinguenda
503 1668 564 1702 est
580 1674 604 1699 a
621 1657 885 1710 despotismo.
902 1658 1065 1698 Etenim
1088 1657 1347 1710 despoticum
1364 1658 1551 1709 regimen
1568 1657 1668 1697 illud
1680 1666 1755 1706 est,
1769 1658 1810 1696 in

236 1745 314 1785 quo
332 1728 473 1770 omnia
489 1726 542 1765 ad
559 1723 770 1764 arbitrium
790 1728 829 1762 et
844 1723 1101 1761 voluntatem
1118 1721 1299 1773 supremi
1316 1722 1560 1774 imperantis
1574 1723 1805 1763 decernun-

235 1806 312 1845 tur,
332 1795 429 1848 quin
444 1788 916 1845 legibusconstantibus
934 1788 1160 1840 parendum
1179 1787 1241 1836 sit;
1264 1788 1434 1841 eiusque
1453 1788 1632 1829 formula
1650 1791 1732 1830 hoc
1750 1791 1820 1829 di-

239 1870 305 1905 cto
323 1860 571 1902 continetur:
596 1855 693 1895 Stat
709 1867 789 1907 pro
804 1858 972 1893 panone
991 1854 1199 1894 voluntas.
1222 1854 1470 1894 Huiusmodi
1487 1855 1622 1894 forma
1635 1864 1817 1896 nontam

237 1928 442 1981 regimen,
465 1936 590 1976 quam
613 1921 749 1973 potius
772 1918 1000 1958 dominium
1023 1918 1248 1966 constituit,
1269 1918 1310 1958 in
1327 1933 1406 1971 quo
1428 1920 1578 1960 subditi
1600 1934 1816 1961 servorum

236 1991 462 2037 conditioni
482 1987 665 2028 maxime
683 1985 900 2033 accedunt;
914 1992 953 2025 et
968 1984 1178 2038 tyrannidi
1194 1985 1385 2037 proxima
1401 1992 1475 2035 est,
1492 1987 1534 2025 in
1551 2001 1633 2039 qua
1648 2000 1730 2027 non
1751 2001 1813 2027 so-

237 2065 321 2102 lum
339 2059 478 2099 omnia
498 2056 549 2095 ab
567 2052 737 2094 arbitrio
760 2051 941 2104 supremi
959 2051 1205 2104 imperantis
1221 2052 1413 2103 pendent,
1436 2053 1508 2092 sed
1524 2066 1657 2105 neque
1680 2053 1812 2106 ipsius

235 2125 438 2168 naturalis
454 2120 687 2163 honestatis
704 2118 931 2160 dictamina
943 2131 1047 2170 erga
1065 2117 1254 2158 subditos
1272 2124 1504 2158 servantur.
1516 2120 1570 2159 At
1586 2119 1628 2158 in
1641 2133 1813 2159 monar-

237 2193 345 2240 chia,
366 2191 463 2229 licet
479 2187 684 2232 absoluta,
701 2197 785 2223 non
803 2183 997 2222 voluntas
1014 2182 1087 2221 sed
1102 2181 1207 2221 ratio
1225 2182 1387 2234 proprie
1404 2182 1655 2222 dominatur.
1679 2183 1810 2236 Regi-

237 2272 333 2298 men
353 2268 453 2295 vero
476 2264 641 2303 semper
656 2256 932 2301 temperatum
952 2248 1141 2295 habetur,
1164 2254 1249 2286 tum
1266 2256 1432 2299 propter
1447 2248 1588 2300 legum
1609 2258 1810 2289 constan-

234 2326 346 2372 tiam,
360 2337 385 2362 a
401 2320 564 2374 quibus,
578 2317 673 2355 dum
691 2315 902 2367 vigent,ne
919 2313 1095 2366 principi
1111 2313 1273 2366 quidem
1291 2314 1488 2353 recedere
1502 2314 1609 2364 licet;
1623 2321 1709 2355 tum
1721 2329 1817 2369 pro·

236 2400 324 2443 pter
345 2387 512 2427 modum
534 2396 606 2423 eas
628 2380 846 2428 condendi,
863 2379 1057 2418 nimirum
1075 2385 1169 2431 post
1184 2379 1361 2431 plurium
1383 2380 1617 2432 sapientum
1639 2383 1812 2421 consul-

235 2457 444 2503 tationem;
466 2459 552 2493 tum
570 2449 694 2489 etiam
716 2451 881 2499 propter
897 2445 1077 2485 debiturn
1094 2458 1177 2484 non
1193 2445 1439 2485 immutandi
1457 2446 1811 2488 fundamentalem

236 2520 488 2574 reipublicae
511 2512 864 2559 constitutionem,
887 2510 1175 2560 efficiendique
1197 2518 1242 2551 ut
1263 2510 1304 2549 in
1326 2512 1516 2551 omnibus
1547 2525 1631 2551 non
1651 2512 1816 2564 privata

239 2585 448 2640 principis,
467 2582 537 2623 sed
555 2577 789 2621 communis
810 2575 951 2630 populi
967 2576 1122 2617 utilitas
1139 2589 1328 2616 normam
1347 2577 1545 2629 operandi
1567 2578 1815 2629 suppeditet.

289 2651 409 2700 Quod
429 2649 463 2689 si
480 2661 562 2687 non
585 2646 694 2699 apud
715 2657 842 2683 unum
859 2642 1069 2683 hominem
1086 2642 1342 2682 individuum
1366 2642 1439 2683 sed
1456 2656 1584 2695 penes
1603 2643 1812 2695 primores

237 2717 410 2770 aliquos,
431 2713 498 2766 qui
511 2713 711 2751 Senatum
735 2707 1004 2755 constituant,
1027 2719 1190 2747 summa
1205 2707 1257 2745 sit
1275 2712 1472 2758 potestas;
1491 2706 1729 2757 respublica
1746 2721 1812 2747 ex-

238 2786 383 2835 surget
399 2775 712 2822 Aristocratica,
735 2786 810 2813 seu
826 2772 1014 2824 regimen
1032 2771 1289 2824 optimatum,
1303 2771 1391 2811 sive
1408 2771 1449 2811 hi
1466 2772 1655 2824 patribus
1672 2773 1816 2813 haere-

237 2848 362 2887 ditate
384 2844 424 2883 in
440 2852 612 2881 munere
633 2836 874 2883 succedant,
897 2836 984 2875 sive
1001 2834 1139 2886 populi
1159 2841 1231 2873 aut
1247 2835 1456 2874 sociorum
1474 2842 1571 2876 voto
1590 2837 1808 2889 eligantur.

238 2911 281 2952 Si
303 2908 479 2960 denique
508 2903 597 2956 ipse
619 2901 794 2954 populus
815 2898 1121 2952 quodammodo
1142 2898 1219 2937 sibi
1241 2898 1427 2950 imperet,
1459 2905 1498 2940 et
1518 2900 1582 2941 ius
1605 2902 1810 2942 condendi
