1970 3203
583 215 721 243 CAPUT
750 215 775 241 1.
804 216 857 242 DE
886 215 1112 244 socfflTATE
1141 217 1378 244 DOMESTICA
1702 207 1778 245 215

831 349 1074 388 ARTlcULUs
1103 350 1173 388 VI.

746 476 813 515 De
845 477 1042 516 societate
1071 477 1211 516 her-ili.

250 606 313 643 25.
343 604 445 652 Quid
472 605 654 645 societas
682 605 836 646 herilis.
869 605 1130 657 Quamquam
1161 606 1372 645 communi
1393 607 1576 647 sermoni
1607 607 1764 648 familia

206 668 404 720 appellari
433 669 565 708 soleat
593 668 717 708 etiam
758 668 938 708 societas
966 667 1073 708 inter
1101 675 1298 720 parentes
1340 675 1499 708 tantum
1530 676 1569 710 et
1597 670 1762 719 liberos,

200 734 266 773 vel
286 733 392 773 inter
421 734 552 773 virum
574 741 614 774 et
634 747 831 783 uxorem;
853 741 993 773 tamen
1013 733 1047 772 si
1074 734 1277 785 complete
1300 740 1340 773 et
1360 735 1519 786 integre
1542 735 1758 787 accipitur,

203 798 380 839 famulos
401 799 525 839 etiam
554 799 736 848 includit;
767 799 824 838 ita
845 805 888 838 ut
907 798 958 839 sit
983 798 1220 838 coniunctio
1251 799 1357 838 inter
1378 806 1584 850 parentes,
1606 800 1759 840 liberos

204 876 245 905 et
260 864 452 912 famulos,
470 865 794 916 societatemque
814 865 1090 917 coniugalem,
1107 871 1326 917 paternam
1343 871 1382 904 et
1397 865 1569 905 herilem
1587 867 1770 918 comple-

206 935 353 970 ctatur.
376 931 507 969 Porro
528 928 710 969 societas
725 929 867 969 herilis
888 929 1065 968 describi
1087 929 1246 981 poterit:
1271 929 1521 969 Coniunctio
1542 930 1763 970 dominum

202 992 316 1032 inter
336 993 627 1043 etfamalum,
653 992 876 1045 utriusque
898 992 1098 1031 utilitatis
1124 993 1285 1044 qratia.
1315 994 1407 1032 Non
1437 993 1558 1033 modo
1580 993 1689 1033 enirn
1712 1007 1766 1032 ex

203 1063 422 1097 contractu
442 1057 638 1109 procedit,
660 1071 739 1110 quo
759 1058 851 1110 quis
871 1064 994 1110 pacta
1013 1059 1206 1098 mercede
1227 1059 1397 1099 servitio
1427 1059 1600 1099 alterius
1621 1073 1665 1099 se
1687 1060 1764 1098 ad-

202 1122 324 1170 dicit;
346 1135 491 1162 verum
511 1121 634 1161 etiam
649 1121 918 1162 intentionem
940 1122 1068 1174 exigit
1089 1123 1357 1163 emolumenti
1387 1124 1633 1171 communis,
1656 1125 1764 1176 quod

198 1202 282 1229 non
302 1189 423 1229 modo
444 1189 486 1228 in
505 1188 726 1236 dominum,
747 1189 821 1229 sed
841 1189 882 1228 in
904 1202 1069 1229 servum
1091 1188 1216 1228 etiam
1238 1190 1448 1230 redundet.
1473 1191 1630 1230 Servus
1651 1190 1762 1230 enim

202 1252 278 1293 etsi
298 1258 418 1304 prout
447 1251 552 1297 talis,
580 1264 663 1290 non
685 1252 866 1304 seipsum
897 1252 970 1291 sed
997 1251 1149 1290 domini
1180 1251 1397 1290 utilitatem
1429 1259 1599 1304 spectet3
1622 1258 1762 1292 tamen

201 1331 287 1357 non
307 1317 463 1357 idcirco
480 1316 660 1357 hominis
680 1324 720 1356 et
740 1330 944 1369 personae
965 1316 1210 1369 dignitatem
1231 1317 1383 1356 amittit
1400 1350 1408 1365 ,
1430 1331 1553 1370 quarn
1575 1332 1600 1358 a
1620 1331 1666 1357 se
1687 1318 1764 1357 ab-

205 1382 346 1421 dicare
375 1394 497 1420 nemo
527 1386 673 1432 potest.
703 1381 841 1427 Quare
870 1381 964 1420 finis
992 1381 1195 1420 rationem
1236 1381 1416 1429 retinet,
1448 1382 1487 1420 vi
1526 1381 1645 1420 cuius
1676 1394 1758 1421 non

200 1445 324 1483 modo
354 1444 394 1482 in
415 1444 603 1491 aliorum,
620 1444 694 1483 sed
722 1444 764 1483 in
790 1458 910 1483 suum
927 1457 1088 1497 quoque
1108 1444 1260 1484 bonum
1282 1453 1487 1496 operetur.
1510 1446 1644 1497 Atque
1665 1445 1762 1484 hinc

199 1521 347 1547 norma
375 1507 618 1553 desumitur,
641 1520 721 1559 qua
742 1507 965 1546 famulatus
985 1507 1246 1548 conditiones
1263 1507 1559 1559 temperandae
1581 1512 1688 1554 sunt,
1711 1519 1765 1546 ne

199 1573 250 1612 ab
280 1573 500 1612 honestate
532 1573 741 1612 deficiant.

250 1637 312 1677 26.
342 1637 428 1677 Non
443 1637 610 1688 proprie
627 1638 762 1677 oritur
782 1648 806 1676 a
821 1641 986 1677 natura.
1005 1636 1196 1676 Societas
1216 1637 1362 1676 herilis
1379 1649 1431 1676 ex
1452 1637 1564 1676 nullo
1587 1642 1763 1677 naturae

195 1704 313 1743 iussu
328 1703 530 1755 originem
548 1702 689 1750 habet,
704 1702 778 1742 sed
795 1716 847 1742 ex
864 1702 1118 1742 institutione
1137 1702 1334 1741 humana.
1354 1702 1632 1754 Multiplicato
1650 1702 1760 1741 enim

196 1770 380 1808 humano
400 1781 568 1820 genere,
589 1775 630 1808 et
649 1768 687 1806 vi
707 1768 970 1820 proprietatis
987 1767 1189 1807 divisione
1207 1781 1342 1808 rerum
1364 1767 1547 1815 inducta,
1567 1770 1764 1820 inaequa-

195 1835 290 1874 litas
306 1834 554 1874 conditionis
570 1838 716 1874 exorta
732 1840 794 1873 est
812 1833 862 1873 ob
879 1833 1068 1873 fortunae
1085 1833 1197 1873 vices
1215 1840 1254 1873 et
1271 1833 1482 1873 diversam
1500 1834 1758 1886 singulorum

194 1897 438 1937 industriam
451 1898 512 1937 vel
523 1897 832 1949 parsimoniam.
852 1897 962 1936 Hinc
979 1910 1031 1936 ex
1044 1910 1128 1936 una
1148 1903 1265 1948 parte
1282 1898 1575 1936 nonnullorum
1592 1898 1758 1949 opulen—

194 1963 263 2012 tia,
286 1977 339 2003 ex
359 1963 441 2002 alia
460 1963 752 2002 nonnullorum
774 1970 996 2014 paupertas
1016 1962 1196 2009 emersit;
1232 1969 1355 2015 atque
1376 1963 1434 2002 ita
1455 1963 1609 2004 sactum
1626 1971 1688 2004 est
1712 1971 1756 2003 ut

194 2027 411 2067 illihorum
427 2026 618 2079 opera,hi
634 2026 796 2066 illorum
812 2026 995 2066 subsidio
1013 2026 1210 2078 etopibus
1228 2026 1493 2078 indiguerint.
1509 2028 1664 2079 Sponte
1682 2040 1763 2066 sua

195 2091 319 2143 igitur
331 2092 489 2144 utrique
504 2092 558 2130 ad
574 2090 905 2130 conveniendum
916 2090 1021 2130 inter
1036 2103 1081 2129 se
1097 2090 1263 2130 adducti
1281 2097 1389 2137 sunt,
1403 2103 1454 2129 ac
1471 2090 1754 2142 stipulandum

193 2162 237 2196 ut
255 2156 352 2196 hinc
386 2158 439 2196 ad
459 2156 629 2197 alterius
650 2156 974 2196 emolumentum
1004 2155 1219 2195 servitium
1251 2155 1531 2201 exhiberetur,
1552 2155 1665 2194 illinc
1686 2168 1759 2207 pro

195 2220 387 2259 mercede
403 2220 613 2268 alimenta,
630 2219 817 2271 pecunia,
835 2226 975 2259 vestes
991 2226 1113 2270 atque
1126 2218 1190 2257 his
1208 2218 1361 2258 similia
1379 2218 1754 2270 suppeditarentur.

196 2285 334 2331 Quare
353 2285 588 2333 famulatus,
606 2285 682 2325 rite
697 2285 919 2332 institutus,
937 2299 962 2324 a
977 2285 1064 2324 iure
1080 2284 1244 2336 quidem
1262 2292 1439 2325 naturae
1456 2298 1538 2323 non
1556 2283 1753 2336 praecipi-

193 2358 270 2398 tur,
289 2350 362 2390 sed
379 2350 510 2391 eidem
526 2364 609 2390 non
625 2351 883 2399 adversatur,
900 2364 994 2390 cum
1008 2349 1214 2390 rationem
1236 2350 1332 2389 finis
1348 2350 1389 2388 in
1406 2350 1576 2389 homine
1594 2363 1675 2389 non
1693 2351 1741 2390 de
1753 2373 1762 2377 <

192 2421 289 2463 mat,
301 2415 530 2455 etmedium
544 2416 763 2455 honestum
775 2416 988 2456 contineat
1000 2415 1108 2454 vitae
1118 2414 1356 2466 indigentiis
1370 2414 1608 2466 opitulandi.
1631 2416 1766 2454 Immo

190 2484 347 2518 remote
364 2491 417 2517 ex
430 2478 523 2530 ipsa
537 2485 687 2518 natura
702 2479 905 2531 originem
922 2479 1060 2530 aliquo
1077 2478 1199 2518 modo
1222 2478 1380 2517 habere
1398 2478 1478 2517 dici
1498 2484 1642 2530 potest,
1670 2492 1765 2531 qua-

193 2670 311 2702 solum
331 2671 377 2703 ad
399 2671 525 2703 horam
537 2670 643 2702 debet
659 2670 689 2702 ei
712 2670 909 2707 subvenire,
934 2671 999 2702 sed
1015 2671 1060 2702 ad
1082 2672 1197 2702 totam
1214 2679 1316 2702 suam
1339 2671 1457 2708 vitam,
1482 2673 1578 2712 quod
1603 2674 1659 2703 est
1682 2672 1765 2702 the-

187 2722 379 2754 saurizare.
407 2723 481 2755 Sed
505 2723 603 2763 quod
617 2722 710 2754 filius
726 2721 856 2762 aliquid
877 2722 1037 2754 conferat
1051 2721 1155 2762 patri,
1175 2722 1245 2754 hoc
1268 2725 1324 2754 est
1341 2732 1405 2764 per
1423 2723 1604 2755 accidens·
1621 2722 1760 2754 ratione

198 2774 344 2808 alicuius
366 2776 594 2809 necessitatis
618 2775 794 2814 instantis,
816 2776 848 2807 in
872 2784 943 2816 qua
964 2777 1106 2808 tenetur
1128 2775 1158 2807 ei
1181 2775 1368 2808 subvenire
1383 2785 1451 2808 non
1475 2779 1594 2808 autem
1616 2776 1767 2807 thesau-

194 2825 319 2863 rizare,
342 2828 445 2867 quasi
466 2827 499 2860 in
520 2827 752 2868 longinquum
769 2839 777 2865 3
803 2827 885 2867 quia
906 2826 1115 2860 naturaliter
1136 2836 1205 2859 non
1228 2829 1394 2868 parentes
1426 2827 1588 2865 filiorum,
1613 2827 1678 2860 sed
1700 2826 1758 2858 filii

202 2879 389 2917 parentum
413 2881 496 2910 sunt
519 2888 799 2912 successores.»
823 2880 860 2910 S.
882 2879 1000 2911 THOM.
1024 2879 1071 2910 2³
1092 2879 1149 2910 23¹⁸
1165 2888 1197 2918 q.
1222 2879 1274 2917 CI,
1298 2890 1326 2911 a.
1352 2880 1368 2910 2
1393 2880 1437 2911 ad
1461 2880 1488 2910 2.
