<?xml version="1.0" encoding="UTF-8"?>
<!DOCTYPE html PUBLIC "-//W3C//DTD XHTML 1.0 Transitional//EN"
    "http://www.w3.org/TR/xhtml1/DTD/xhtml1-transitional.dtd">
<html xmlns="http://www.w3.org/1999/xhtml" xml:lang="en" lang="en">
 <head>
  <title>
</title>
<meta http-equiv="Content-Type" content="text/html;charset=utf-8" />
  <meta name='ocr-system' content='tesseract 3.04.00' />
  <meta name='ocr-capabilities' content='ocr_page ocr_carea ocr_par ocr_line ocrx_word'/>
</head>
<body>
  <div class='ocr_page' id='page_1' title='image "./institutioneseth00libe_0371.png"; bbox 0 0 1970 3203; ppageno 0'>
   <div class='ocr_carea' id='block_1_1' title="bbox 489 210 1730 256">
    <p class='ocr_par' dir='ltr' id='par_1_1' title="bbox 489 210 1730 256">
     <span class='ocr_line' id='line_1_1' title="bbox 489 210 1730 256; baseline -0.004 -1"><span class='ocrx_word' id='word_1_1' title='bbox 489 228 626 256; x_wconf 88' lang='lat' dir='ltr'><strong>CAPUT</strong></span> <span class='ocrx_word' id='word_1_2' title='bbox 655 228 707 255; x_wconf 92' lang='lat'>111.</span> <span class='ocrx_word' id='word_1_3' title='bbox 738 228 790 254; x_wconf 89' lang='lat' dir='ltr'>DE</span> <span class='ocrx_word' id='word_1_4' title='bbox 820 227 977 255; x_wconf 85' lang='lat' dir='ltr'>SOCIALI</span> <span class='ocrx_word' id='word_1_5' title='bbox 1005 225 1189 253; x_wconf 88' lang='lat' dir='ltr'>UNITATE</span> <span class='ocrx_word' id='word_1_6' title='bbox 1219 225 1409 253; x_wconf 87' lang='lat' dir='ltr'>GENTIUM</span> <span class='ocrx_word' id='word_1_7' title='bbox 1655 210 1730 251; x_wconf 74' lang='grc'>367</span> 
     </span>
    </p>
   </div>
   <div class='ocr_carea' id='block_1_2' title="bbox 170 296 1738 2118">
    <p class='ocr_par' dir='ltr' id='par_1_2' title="bbox 170 296 1738 868">
     <span class='ocr_line' id='line_1_2' title="bbox 228 296 1733 354; baseline -0.005 -10"><span class='ocrx_word' id='word_1_8' title='bbox 228 308 366 354; x_wconf 82' lang='lat' dir='ltr'>Quare</span> <span class='ocrx_word' id='word_1_9' title='bbox 395 303 542 343; x_wconf 84' lang='lat' dir='ltr'>mirum</span> <span class='ocrx_word' id='word_1_10' title='bbox 573 316 666 342; x_wconf 89' lang='lat' dir='ltr'>esse</span> <span class='ocrx_word' id='word_1_11' title='bbox 695 315 778 342; x_wconf 92' lang='lat' dir='ltr'>non</span> <span class='ocrx_word' id='word_1_12' title='bbox 808 302 940 350; x_wconf 88' lang='lat' dir='ltr'>debet,</span> <span class='ocrx_word' id='word_1_13' title='bbox 971 301 1006 341; x_wconf 87' lang='lat' dir='ltr'>si</span> <span class='ocrx_word' id='word_1_14' title='bbox 1033 301 1141 353; x_wconf 88' lang='lat' dir='ltr'>apud</span> <span class='ocrx_word' id='word_1_15' title='bbox 1170 306 1335 353; x_wconf 78' lang='lat' dir='ltr'>gentes,</span> <span class='ocrx_word' id='word_1_16' title='bbox 1364 301 1444 340; x_wconf 89' lang='lat' dir='ltr'>hac</span> <span class='ocrx_word' id='word_1_17' title='bbox 1476 299 1615 339; x_wconf 86' lang='lat' dir='ltr'>divina</span> <span class='ocrx_word' id='word_1_18' title='bbox 1644 296 1733 337; x_wconf 88' lang='lat' dir='ltr'>reli-</span> 
     </span>
     <span class='ocr_line' id='line_1_3' title="bbox 171 368 1731 425; baseline -0.004 -13"><span class='ocrx_word' id='word_1_19' title='bbox 171 373 296 425; x_wconf 85' lang='lat' dir='ltr'>gione</span> <span class='ocrx_word' id='word_1_20' title='bbox 327 372 514 418; x_wconf 82' lang='lat' dir='ltr'>donatas,</span> <span class='ocrx_word' id='word_1_21' title='bbox 544 381 791 421; x_wconf 85' lang='lat' dir='ltr'>progressus</span> <span class='ocrx_word' id='word_1_22' title='bbox 821 368 923 408; x_wconf 87' lang='lat' dir='ltr'>adeo</span> <span class='ocrx_word' id='word_1_23' title='bbox 956 372 1157 407; x_wconf 80' lang='lat' dir='ltr'>constans</span> <span class='ocrx_word' id='word_1_24' title='bbox 1186 372 1225 406; x_wconf 90' lang='lat' dir='ltr'>et</span> <span class='ocrx_word' id='word_1_25' title='bbox 1253 380 1425 406; x_wconf 87' lang='lat' dir='ltr'>securus</span> <span class='ocrx_word' id='word_1_26' title='bbox 1461 370 1657 418; x_wconf 86' lang='lat' dir='ltr'>apparet,</span> <span class='ocrx_word' id='word_1_27' title='bbox 1687 370 1731 405; x_wconf 84' lang='lat' dir='ltr'>ut</span> 
     </span>
     <span class='ocr_line' id='line_1_4' title="bbox 174 427 1732 486; baseline -0.007 -9"><span class='ocrx_word' id='word_1_28' title='bbox 174 437 260 477; x_wconf 83' lang='lat' dir='ltr'>fere</span> <span class='ocrx_word' id='word_1_29' title='bbox 291 436 462 476; x_wconf 83' lang='lat' dir='ltr'>effectus</span> <span class='ocrx_word' id='word_1_30' title='bbox 491 434 655 486; x_wconf 87' lang='lat' dir='ltr'>quidam</span> <span class='ocrx_word' id='word_1_31' title='bbox 684 431 950 472; x_wconf 86' lang='lat' dir='ltr'>necessarius</span> <span class='ocrx_word' id='word_1_32' title='bbox 979 431 1178 470; x_wconf 86' lang='lat' dir='ltr'>videatur.</span> <span class='ocrx_word' id='word_1_33' title='bbox 1200 430 1499 470; x_wconf 76' lang='lat' dir='ltr'>Ambulabunt</span> <span class='ocrx_word' id='word_1_34' title='bbox 1521 433 1666 481; x_wconf 57' lang='lat' dir='ltr'>{sentes</span> <span class='ocrx_word' id='word_1_35' title='bbox 1688 427 1732 466; x_wconf 83' lang='lat' dir='ltr'>z&#39;n</span> 
     </span>
     <span class='ocr_line' id='line_1_5' title="bbox 177 494 1733 551; baseline -0.006 -10"><span class='ocrx_word' id='word_1_36' title='bbox 177 501 336 541; x_wconf 76' lang='lat' dir='ltr'>lumine</span> <span class='ocrx_word' id='word_1_37' title='bbox 366 502 456 547; x_wconf 76' lang='lat' dir='ltr'>tuo,</span> <span class='ocrx_word' id='word_1_38' title='bbox 487 503 526 538; x_wconf 74' lang='lat' dir='ltr'>et</span> <span class='ocrx_word' id='word_1_39' title='bbox 556 512 673 551; x_wconf 71' lang='lat' dir='ltr'>reyes</span> <span class='ocrx_word' id='word_1_40' title='bbox 704 498 747 536; x_wconf 79' lang='lat' dir='ltr'>in</span> <span class='ocrx_word' id='word_1_41' title='bbox 776 497 1000 550; x_wconf 76' lang='lat' dir='ltr'><em>splendore</em></span> <span class='ocrx_word' id='word_1_42' title='bbox 1038 499 1157 535; x_wconf 74' lang='lat' dir='ltr'>ortas</span> <span class='ocrx_word' id='word_1_43' title='bbox 1190 497 1254 536; x_wconf 72' lang='grc' dir='ltr'>ίιιί</span> <span class='ocrx_word' id='word_1_44' title='bbox 1281 497 1354 547; x_wconf 83' lang='lat'>(1).</span> <span class='ocrx_word' id='word_1_45' title='bbox 1395 497 1483 535; x_wconf 91' lang='lat' dir='ltr'>Nec</span> <span class='ocrx_word' id='word_1_46' title='bbox 1521 507 1618 534; x_wconf 87' lang='lat' dir='ltr'>vero</span> <span class='ocrx_word' id='word_1_47' title='bbox 1649 494 1733 533; x_wconf 90' lang='lat' dir='ltr'>ulla</span> 
     </span>
     <span class='ocr_line' id='line_1_6' title="bbox 170 561 1730 620; baseline -0.006 -13"><span class='ocrx_word' id='word_1_48' title='bbox 170 580 275 620; x_wconf 89' lang='lat' dir='ltr'>gens</span> <span class='ocrx_word' id='word_1_49' title='bbox 304 566 357 605; x_wconf 90' lang='lat' dir='ltr'>ad</span> <span class='ocrx_word' id='word_1_50' title='bbox 376 564 609 605; x_wconf 86' lang='lat' dir='ltr'>barbariem</span> <span class='ocrx_word' id='word_1_51' title='bbox 631 564 795 617; x_wconf 86' lang='lat' dir='ltr'>penitus</span> <span class='ocrx_word' id='word_1_52' title='bbox 814 564 948 604; x_wconf 86' lang='lat' dir='ltr'>redire</span> <span class='ocrx_word' id='word_1_53' title='bbox 967 568 1113 615; x_wconf 83' lang='lat' dir='ltr'>potest;</span> <span class='ocrx_word' id='word_1_54' title='bbox 1135 561 1216 601; x_wconf 89' lang='lat' dir='ltr'>nisi</span> <span class='ocrx_word' id='word_1_55' title='bbox 1238 569 1334 602; x_wconf 87' lang='lat' dir='ltr'>ante</span> <span class='ocrx_word' id='word_1_56' title='bbox 1360 561 1600 614; x_wconf 82' lang='lat' dir='ltr'>religionem</span> <span class='ocrx_word' id='word_1_57' title='bbox 1620 561 1730 600; x_wconf 89' lang='lat' dir='ltr'>hanc</span> 
     </span>
     <span class='ocr_line' id='line_1_7' title="bbox 172 623 1733 684; baseline -0.005 -14"><span class='ocrx_word' id='word_1_58' title='bbox 172 630 334 684; x_wconf 90' lang='lat' dir='ltr'>penitus</span> <span class='ocrx_word' id='word_1_59' title='bbox 364 628 537 676; x_wconf 84' lang='lat' dir='ltr'>exuerit,</span> <span class='ocrx_word' id='word_1_60' title='bbox 566 628 618 667; x_wconf 90' lang='lat' dir='ltr'>ab</span> <span class='ocrx_word' id='word_1_61' title='bbox 649 627 818 680; x_wconf 88' lang='lat' dir='ltr'>eiusque</span> <span class='ocrx_word' id='word_1_62' title='bbox 846 627 1007 665; x_wconf 83' lang='lat' dir='ltr'>influxu</span> <span class='ocrx_word' id='word_1_63' title='bbox 1028 639 1074 666; x_wconf 86' lang='lat' dir='ltr'>se</span> <span class='ocrx_word' id='word_1_64' title='bbox 1099 625 1267 665; x_wconf 89' lang='lat' dir='ltr'>omnino</span> <span class='ocrx_word' id='word_1_65' title='bbox 1288 623 1552 665; x_wconf 77' lang='lat' dir='ltr'>subtraxerit.</span> <span class='ocrx_word' id='word_1_66' title='bbox 1575 624 1733 671; x_wconf 83' lang='lat' dir='ltr'>Quam-</span> 
     </span>
     <span class='ocr_line' id='line_1_8' title="bbox 170 690 1734 745; baseline -0.006 -9"><span class='ocrx_word' id='word_1_67' title='bbox 170 697 239 737; x_wconf 90' lang='lat' dir='ltr'>diu</span> <span class='ocrx_word' id='word_1_68' title='bbox 268 695 376 735; x_wconf 91' lang='lat' dir='ltr'>enim</span> <span class='ocrx_word' id='word_1_69' title='bbox 405 695 446 734; x_wconf 90' lang='lat' dir='ltr'>id</span> <span class='ocrx_word' id='word_1_70' title='bbox 474 708 558 734; x_wconf 93' lang='lat' dir='ltr'>non</span> <span class='ocrx_word' id='word_1_71' title='bbox 586 695 669 742; x_wconf 89' lang='lat' dir='ltr'>fiat,</span> <span class='ocrx_word' id='word_1_72' title='bbox 695 706 858 745; x_wconf 84' lang='lat' dir='ltr'>semper</span> <span class='ocrx_word' id='word_1_73' title='bbox 878 705 1049 744; x_wconf 86' lang='lat' dir='ltr'>germen</span> <span class='ocrx_word' id='word_1_74' title='bbox 1070 692 1237 744; x_wconf 81' lang='lat' dir='ltr'>aliquod</span> <span class='ocrx_word' id='word_1_75' title='bbox 1257 691 1343 731; x_wconf 83' lang='lat' dir='ltr'>veri</span> <span class='ocrx_word' id='word_1_76' title='bbox 1364 697 1403 731; x_wconf 90' lang='lat' dir='ltr'>et</span> <span class='ocrx_word' id='word_1_77' title='bbox 1422 690 1518 731; x_wconf 88' lang='lat' dir='ltr'>boni</span> <span class='ocrx_word' id='word_1_78' title='bbox 1537 690 1580 729; x_wconf 91' lang='lat' dir='ltr'>in</span> <span class='ocrx_word' id='word_1_79' title='bbox 1609 694 1734 741; x_wconf 90' lang='lat' dir='ltr'>gente</span> 
     </span>
     <span class='ocr_line' id='line_1_9' title="bbox 175 756 1738 814; baseline -0.004 -12"><span class='ocrx_word' id='word_1_80' title='bbox 175 764 246 802; x_wconf 89' lang='lat' dir='ltr'>illa</span> <span class='ocrx_word' id='word_1_81' title='bbox 276 762 486 810; x_wconf 86' lang='lat' dir='ltr'>subsistet,</span> <span class='ocrx_word' id='word_1_82' title='bbox 515 761 622 814; x_wconf 89' lang='lat' dir='ltr'>quod</span> <span class='ocrx_word' id='word_1_83' title='bbox 652 759 779 799; x_wconf 80' lang='lat' dir='ltr'>vitam</span> <span class='ocrx_word' id='word_1_84' title='bbox 809 758 989 811; x_wconf 80' lang='lat' dir='ltr'>aliquam</span> <span class='ocrx_word' id='word_1_85' title='bbox 1017 758 1261 810; x_wconf 78' lang='lat' dir='ltr'>impartitur,</span> <span class='ocrx_word' id='word_1_86' title='bbox 1292 757 1480 810; x_wconf 88' lang='lat' dir='ltr'>quodque</span> <span class='ocrx_word' id='word_1_87' title='bbox 1509 756 1656 796; x_wconf 86' lang='lat' dir='ltr'>iterum</span> <span class='ocrx_word' id='word_1_88' title='bbox 1678 768 1738 795; x_wconf 87' lang='lat' dir='ltr'>re-</span> 
     </span>
     <span class='ocr_line' id='line_1_10' title="bbox 176 821 1678 868; baseline -0.005 0"><span class='ocrx_word' id='word_1_89' title='bbox 176 829 398 868; x_wconf 88' lang='lat' dir='ltr'>florescere</span> <span class='ocrx_word' id='word_1_90' title='bbox 427 841 477 867; x_wconf 91' lang='lat' dir='ltr'>ac</span> <span class='ocrx_word' id='word_1_91' title='bbox 508 827 618 866; x_wconf 85' lang='lat' dir='ltr'>vires</span> <span class='ocrx_word' id='word_1_92' title='bbox 648 838 749 866; x_wconf 88' lang='lat' dir='ltr'>suas</span> <span class='ocrx_word' id='word_1_93' title='bbox 778 825 933 865; x_wconf 83' lang='lat' dir='ltr'>sensim</span> <span class='ocrx_word' id='word_1_94' title='bbox 965 824 1054 864; x_wconf 91' lang='lat' dir='ltr'>sine</span> <span class='ocrx_word' id='word_1_95' title='bbox 1084 836 1211 864; x_wconf 88' lang='lat' dir='ltr'>sensu</span> <span class='ocrx_word' id='word_1_96' title='bbox 1232 836 1428 863; x_wconf 79' lang='lat' dir='ltr'>exercere</span> <span class='ocrx_word' id='word_1_97' title='bbox 1454 821 1678 863; x_wconf 86' lang='lat' dir='ltr'>contendit.</span> 
     </span>
    </p>

    <p class='ocr_par' dir='ltr' id='par_1_3' title="bbox 171 887 1735 1923">
     <span class='ocr_line' id='line_1_11' title="bbox 225 887 1728 945; baseline -0.006 -11"><span class='ocrx_word' id='word_1_98' title='bbox 225 894 414 934; x_wconf 79' lang='lat' dir='ltr'>Alterum</span> <span class='ocrx_word' id='word_1_99' title='bbox 445 907 556 941; x_wconf 85' lang='lat' dir='ltr'>vero,</span> <span class='ocrx_word' id='word_1_100' title='bbox 587 892 696 945; x_wconf 87' lang='lat' dir='ltr'>quod</span> <span class='ocrx_word' id='word_1_101' title='bbox 726 891 829 940; x_wconf 82' lang='lat' dir='ltr'>dixi,</span> <span class='ocrx_word' id='word_1_102' title='bbox 859 904 941 930; x_wconf 89' lang='lat' dir='ltr'>non</span> <span class='ocrx_word' id='word_1_103' title='bbox 970 889 1116 929; x_wconf 89' lang='lat' dir='ltr'>minori</span> <span class='ocrx_word' id='word_1_104' title='bbox 1148 888 1355 929; x_wconf 85' lang='lat' dir='ltr'>evidentia</span> <span class='ocrx_word' id='word_1_105' title='bbox 1382 887 1586 927; x_wconf 79' lang='lat' dir='ltr'>clarescit.</span> <span class='ocrx_word' id='word_1_106' title='bbox 1622 889 1728 927; x_wconf 90' lang='lat' dir='ltr'>Nam</span> 
     </span>
     <span class='ocr_line' id='line_1_12' title="bbox 173 951 1731 1006; baseline -0.006 -8"><span class='ocrx_word' id='word_1_107' title='bbox 173 958 207 998; x_wconf 85' lang='lat' dir='ltr'>si</span> <span class='ocrx_word' id='word_1_108' title='bbox 238 956 427 997; x_wconf 89' lang='lat' dir='ltr'>homines</span> <span class='ocrx_word' id='word_1_109' title='bbox 447 956 715 996; x_wconf 88' lang='lat' dir='ltr'>incitamento</span> <span class='ocrx_word' id='word_1_110' title='bbox 746 955 902 995; x_wconf 87' lang='lat' dir='ltr'>amoris</span> <span class='ocrx_word' id='word_1_111' title='bbox 931 954 1080 1006; x_wconf 88' lang='lat' dir='ltr'>privati</span> <span class='ocrx_word' id='word_1_112' title='bbox 1095 953 1243 993; x_wconf 87' lang='lat' dir='ltr'>abduci</span> <span class='ocrx_word' id='word_1_113' title='bbox 1263 966 1308 992; x_wconf 89' lang='lat' dir='ltr'>se</span> <span class='ocrx_word' id='word_1_114' title='bbox 1330 952 1480 999; x_wconf 88' lang='lat' dir='ltr'>sinant,</span> <span class='ocrx_word' id='word_1_115' title='bbox 1502 951 1731 991; x_wconf 90' lang='lat' dir='ltr'>studiorum</span> 
     </span>
     <span class='ocr_line' id='line_1_13' title="bbox 175 1016 1732 1074; baseline -0.006 -10"><span class='ocrx_word' id='word_1_116' title='bbox 175 1036 382 1064; x_wconf 87' lang='lat' dir='ltr'>concursu</span> <span class='ocrx_word' id='word_1_117' title='bbox 413 1036 496 1062; x_wconf 89' lang='lat' dir='ltr'>non</span> <span class='ocrx_word' id='word_1_118' title='bbox 527 1023 578 1061; x_wconf 85' lang='lat' dir='ltr'>ad</span> <span class='ocrx_word' id='word_1_119' title='bbox 612 1035 738 1062; x_wconf 90' lang='lat' dir='ltr'>unum</span> <span class='ocrx_word' id='word_1_120' title='bbox 769 1026 809 1061; x_wconf 90' lang='lat' dir='ltr'>et</span> <span class='ocrx_word' id='word_1_121' title='bbox 837 1021 1034 1074; x_wconf 89' lang='lat' dir='ltr'>generale</span> <span class='ocrx_word' id='word_1_122' title='bbox 1064 1020 1216 1059; x_wconf 90' lang='lat' dir='ltr'>bonum</span> <span class='ocrx_word' id='word_1_123' title='bbox 1246 1017 1570 1070; x_wconf 84' lang='lat' dir='ltr'>conspirabunt,</span> <span class='ocrx_word' id='word_1_124' title='bbox 1613 1016 1732 1056; x_wconf 87' lang='lat' dir='ltr'>cuius</span> 
     </span>
     <span class='ocr_line' id='line_1_14' title="bbox 174 1082 1733 1140; baseline -0.006 -10"><span class='ocrx_word' id='word_1_125' title='bbox 174 1103 319 1130; x_wconf 89' lang='lat' dir='ltr'>omnes</span> <span class='ocrx_word' id='word_1_126' title='bbox 350 1088 432 1128; x_wconf 85' lang='lat' dir='ltr'>sint</span> <span class='ocrx_word' id='word_1_127' title='bbox 460 1088 708 1140; x_wconf 83' lang='lat' dir='ltr'>participes,</span> <span class='ocrx_word' id='word_1_128' title='bbox 744 1088 817 1127; x_wconf 88' lang='lat' dir='ltr'>sed</span> <span class='ocrx_word' id='word_1_129' title='bbox 847 1087 1015 1127; x_wconf 90' lang='lat' dir='ltr'>assidue</span> <span class='ocrx_word' id='word_1_130' title='bbox 1044 1086 1248 1125; x_wconf 87' lang='lat' dir='ltr'>divertent</span> <span class='ocrx_word' id='word_1_131' title='bbox 1282 1085 1387 1124; x_wconf 87' lang='lat' dir='ltr'>inter</span> <span class='ocrx_word' id='word_1_132' title='bbox 1417 1097 1486 1131; x_wconf 88' lang='lat' dir='ltr'>se,</span> <span class='ocrx_word' id='word_1_133' title='bbox 1529 1088 1650 1135; x_wconf 90' lang='lat' dir='ltr'>atque</span> <span class='ocrx_word' id='word_1_134' title='bbox 1680 1082 1733 1121; x_wconf 90' lang='lat' dir='ltr'>ad</span> 
     </span>
     <span class='ocr_line' id='line_1_15' title="bbox 173 1150 1735 1209; baseline -0.005 -14"><span class='ocrx_word' id='word_1_135' title='bbox 173 1155 380 1209; x_wconf 86' lang='lat' dir='ltr'>propriam</span> <span class='ocrx_word' id='word_1_136' title='bbox 418 1154 632 1194; x_wconf 85' lang='lat' dir='ltr'>utilitatem</span> <span class='ocrx_word' id='word_1_137' title='bbox 673 1153 813 1192; x_wconf 89' lang='lat' dir='ltr'>omnia</span> <span class='ocrx_word' id='word_1_138' title='bbox 850 1165 1050 1192; x_wconf 82' lang='lat' dir='ltr'>revocare</span> <span class='ocrx_word' id='word_1_139' title='bbox 1087 1150 1400 1191; x_wconf 88' lang='lat' dir='ltr'>adlaborabunt.</span> <span class='ocrx_word' id='word_1_140' title='bbox 1442 1150 1735 1201; x_wconf 84' lang='lat' dir='ltr'>Quapropter,</span> 
     </span>
     <span class='ocr_line' id='line_1_16' title="bbox 171 1214 1728 1274; baseline -0.006 -13"><span class='ocrx_word' id='word_1_141' title='bbox 171 1234 249 1274; x_wconf 89' lang='lat' dir='ltr'>quo</span> <span class='ocrx_word' id='word_1_142' title='bbox 280 1220 415 1272; x_wconf 89' lang='lat' dir='ltr'>magis</span> <span class='ocrx_word' id='word_1_143' title='bbox 434 1219 539 1259; x_wconf 90' lang='lat' dir='ltr'>inter</span> <span class='ocrx_word' id='word_1_144' title='bbox 560 1231 633 1258; x_wconf 93' lang='lat' dir='ltr'>eos</span> <span class='ocrx_word' id='word_1_145' title='bbox 664 1224 806 1257; x_wconf 89' lang='lat' dir='ltr'>mutua</span> <span class='ocrx_word' id='word_1_146' title='bbox 825 1217 1015 1270; x_wconf 83' lang='lat' dir='ltr'>augescit</span> <span class='ocrx_word' id='word_1_147' title='bbox 1035 1215 1369 1264; x_wconf 74' lang='lat' dir='ltr'>communicatio,</span> <span class='ocrx_word' id='word_1_148' title='bbox 1395 1228 1444 1254; x_wconf 91' lang='lat' dir='ltr'>eo</span> <span class='ocrx_word' id='word_1_149' title='bbox 1466 1214 1728 1254; x_wconf 87' lang='lat' dir='ltr'>dissidiorum</span> 
     </span>
     <span class='ocr_line' id='line_1_17' title="bbox 175 1277 1731 1333; baseline -0.006 -8"><span class='ocrx_word' id='word_1_150' title='bbox 175 1292 216 1326; x_wconf 93' lang='lat' dir='ltr'>et</span> <span class='ocrx_word' id='word_1_151' title='bbox 245 1284 513 1324; x_wconf 89' lang='lat' dir='ltr'>conflictuum</span> <span class='ocrx_word' id='word_1_152' title='bbox 544 1282 694 1326; x_wconf 84' lang='lat' dir='ltr'>crescit</span> <span class='ocrx_word' id='word_1_153' title='bbox 723 1281 904 1328; x_wconf 84' lang='lat' dir='ltr'>occasio,</span> <span class='ocrx_word' id='word_1_154' title='bbox 926 1281 967 1320; x_wconf 90' lang='lat' dir='ltr'>in</span> <span class='ocrx_word' id='word_1_155' title='bbox 994 1280 1142 1333; x_wconf 91' lang='lat' dir='ltr'>quibus</span> <span class='ocrx_word' id='word_1_156' title='bbox 1171 1278 1339 1319; x_wconf 89' lang='lat' dir='ltr'>nonnisi</span> <span class='ocrx_word' id='word_1_157' title='bbox 1368 1277 1621 1330; x_wconf 81' lang='lat' dir='ltr'>potentiores</span> <span class='ocrx_word' id='word_1_158' title='bbox 1643 1277 1731 1315; x_wconf 87' lang='lat' dir='ltr'>cal-</span> 
     </span>
     <span class='ocr_line' id='line_1_18' title="bbox 179 1343 1730 1402; baseline -0.005 -12"><span class='ocrx_word' id='word_1_159' title='bbox 179 1350 426 1402; x_wconf 89' lang='lat' dir='ltr'>lidioresque</span> <span class='ocrx_word' id='word_1_160' title='bbox 456 1348 722 1401; x_wconf 86' lang='lat' dir='ltr'>superabunt.</span> <span class='ocrx_word' id='word_1_161' title='bbox 752 1348 798 1387; x_wconf 90' lang='lat' dir='ltr'>Id</span> <span class='ocrx_word' id='word_1_162' title='bbox 829 1360 927 1386; x_wconf 90' lang='lat' dir='ltr'>vero</span> <span class='ocrx_word' id='word_1_163' title='bbox 949 1360 1043 1386; x_wconf 89' lang='lat' dir='ltr'>cum</span> <span class='ocrx_word' id='word_1_164' title='bbox 1064 1346 1294 1398; x_wconf 87' lang='lat' dir='ltr'>aliquorum</span> <span class='ocrx_word' id='word_1_165' title='bbox 1315 1343 1590 1397; x_wconf 79' lang='lat' dir='ltr'>tyrannidem,</span> <span class='ocrx_word' id='word_1_166' title='bbox 1616 1348 1730 1382; x_wconf 89' lang='lat' dir='ltr'>cete-</span> 
     </span>
     <span class='ocr_line' id='line_1_19' title="bbox 179 1408 1731 1468; baseline -0.006 -12"><span class='ocrx_word' id='word_1_167' title='bbox 179 1429 400 1468; x_wconf 90' lang='lat' dir='ltr'>rorumque</span> <span class='ocrx_word' id='word_1_168' title='bbox 429 1414 669 1455; x_wconf 87' lang='lat' dir='ltr'>servitutem</span> <span class='ocrx_word' id='word_1_169' title='bbox 713 1413 920 1460; x_wconf 84' lang='lat' dir='ltr'>adducat,</span> <span class='ocrx_word' id='word_1_170' title='bbox 952 1418 1062 1452; x_wconf 84' lang='lat' dir='ltr'>certe</span> <span class='ocrx_word' id='word_1_171' title='bbox 1091 1425 1175 1450; x_wconf 91' lang='lat' dir='ltr'>non</span> <span class='ocrx_word' id='word_1_172' title='bbox 1205 1411 1338 1451; x_wconf 87' lang='lat' dir='ltr'>civilis</span> <span class='ocrx_word' id='word_1_173' title='bbox 1377 1410 1563 1449; x_wconf 87' lang='lat' dir='ltr'>culturae</span> <span class='ocrx_word' id='word_1_174' title='bbox 1592 1408 1731 1447; x_wconf 90' lang='lat' dir='ltr'>incre-</span> 
     </span>
     <span class='ocr_line' id='line_1_20' title="bbox 174 1472 1735 1528; baseline -0.006 -8"><span class='ocrx_word' id='word_1_175' title='bbox 174 1486 384 1528; x_wconf 90' lang='lat' dir='ltr'>mentum,</span> <span class='ocrx_word' id='word_1_176' title='bbox 415 1479 489 1519; x_wconf 89' lang='lat' dir='ltr'>sed</span> <span class='ocrx_word' id='word_1_177' title='bbox 517 1479 825 1518; x_wconf 87' lang='lat' dir='ltr'>decrementum</span> <span class='ocrx_word' id='word_1_178' title='bbox 847 1483 887 1516; x_wconf 90' lang='lat' dir='ltr'>et</span> <span class='ocrx_word' id='word_1_179' title='bbox 913 1476 1037 1516; x_wconf 88' lang='lat' dir='ltr'>veluti</span> <span class='ocrx_word' id='word_1_180' title='bbox 1068 1481 1242 1525; x_wconf 88' lang='lat' dir='ltr'>mortem</span> <span class='ocrx_word' id='word_1_181' title='bbox 1278 1475 1482 1527; x_wconf 86' lang='lat' dir='ltr'>importat.</span> <span class='ocrx_word' id='word_1_182' title='bbox 1517 1475 1573 1514; x_wconf 91' lang='lat' dir='ltr'>Ut</span> <span class='ocrx_word' id='word_1_183' title='bbox 1611 1472 1735 1524; x_wconf 89' lang='lat' dir='ltr'>igitur</span> 
     </span>
     <span class='ocr_line' id='line_1_21' title="bbox 177 1540 1733 1596; baseline -0.004 -14"><span class='ocrx_word' id='word_1_184' title='bbox 177 1549 294 1583; x_wconf 90' lang='lat' dir='ltr'>tanta</span> <span class='ocrx_word' id='word_1_185' title='bbox 322 1542 528 1596; x_wconf 87' lang='lat' dir='ltr'>pernicies</span> <span class='ocrx_word' id='word_1_186' title='bbox 557 1541 598 1581; x_wconf 91' lang='lat' dir='ltr'>in</span> <span class='ocrx_word' id='word_1_187' title='bbox 627 1541 827 1581; x_wconf 86' lang='lat' dir='ltr'>societate</span> <span class='ocrx_word' id='word_1_188' title='bbox 858 1540 1042 1579; x_wconf 90' lang='lat' dir='ltr'>humana</span> <span class='ocrx_word' id='word_1_189' title='bbox 1072 1540 1324 1588; x_wconf 86' lang='lat' dir='ltr'>declinetur,</span> <span class='ocrx_word' id='word_1_190' title='bbox 1354 1550 1615 1590; x_wconf 86' lang='lat' dir='ltr'>summopere</span> <span class='ocrx_word' id='word_1_191' title='bbox 1653 1550 1733 1576; x_wconf 91' lang='lat' dir='ltr'>ne-</span> 
     </span>
     <span class='ocr_line' id='line_1_22' title="bbox 176 1605 1732 1658; baseline -0.004 -9"><span class='ocrx_word' id='word_1_192' title='bbox 176 1609 366 1649; x_wconf 86' lang='lat' dir='ltr'>cessaria</span> <span class='ocrx_word' id='word_1_193' title='bbox 395 1614 457 1648; x_wconf 84' lang='lat' dir='ltr'>est</span> <span class='ocrx_word' id='word_1_194' title='bbox 485 1608 613 1648; x_wconf 86' lang='lat' dir='ltr'>tutela</span> <span class='ocrx_word' id='word_1_195' title='bbox 642 1614 681 1648; x_wconf 93' lang='lat' dir='ltr'>et</span> <span class='ocrx_word' id='word_1_196' title='bbox 709 1607 892 1648; x_wconf 85' lang='lat' dir='ltr'>influxus</span> <span class='ocrx_word' id='word_1_197' title='bbox 923 1606 1087 1646; x_wconf 85' lang='lat' dir='ltr'>divinae</span> <span class='ocrx_word' id='word_1_198' title='bbox 1116 1606 1225 1646; x_wconf 90' lang='lat' dir='ltr'>illius</span> <span class='ocrx_word' id='word_1_199' title='bbox 1254 1605 1480 1658; x_wconf 82' lang='lat' dir='ltr'>religionis,</span> <span class='ocrx_word' id='word_1_200' title='bbox 1510 1617 1616 1656; x_wconf 90' lang='lat' dir='ltr'>quae</span> <span class='ocrx_word' id='word_1_201' title='bbox 1647 1608 1732 1643; x_wconf 88' lang='lat' dir='ltr'>tota</span> 
     </span>
     <span class='ocr_line' id='line_1_23' title="bbox 175 1673 1733 1729; baseline -0.003 -13"><span class='ocrx_word' id='word_1_202' title='bbox 175 1683 330 1729; x_wconf 85' lang='lat' dir='ltr'>quanta</span> <span class='ocrx_word' id='word_1_203' title='bbox 359 1681 422 1716; x_wconf 88' lang='lat' dir='ltr'>est</span> <span class='ocrx_word' id='word_1_204' title='bbox 450 1676 491 1715; x_wconf 91' lang='lat' dir='ltr'>in</span> <span class='ocrx_word' id='word_1_205' title='bbox 522 1675 739 1716; x_wconf 89' lang='lat' dir='ltr'>dilectione</span> <span class='ocrx_word' id='word_1_206' title='bbox 768 1675 985 1724; x_wconf 84' lang='lat' dir='ltr'>fundatur,</span> <span class='ocrx_word' id='word_1_207' title='bbox 1012 1689 1087 1723; x_wconf 84' lang='lat' dir='ltr'>ac,</span> <span class='ocrx_word' id='word_1_208' title='bbox 1118 1682 1359 1728; x_wconf 87' lang='lat' dir='ltr'>perpetuum</span> <span class='ocrx_word' id='word_1_209' title='bbox 1389 1675 1539 1714; x_wconf 89' lang='lat' dir='ltr'>bellum</span> <span class='ocrx_word' id='word_1_210' title='bbox 1570 1673 1733 1726; x_wconf 87' lang='lat' dir='ltr'>cupidi-</span> 
     </span>
     <span class='ocr_line' id='line_1_24' title="bbox 176 1739 1732 1790; baseline -0.004 -7"><span class='ocrx_word' id='word_1_211' title='bbox 176 1741 328 1783; x_wconf 87' lang='lat' dir='ltr'>tatibus</span> <span class='ocrx_word' id='word_1_212' title='bbox 357 1742 569 1790; x_wconf 87' lang='lat' dir='ltr'>indicens,</span> <span class='ocrx_word' id='word_1_213' title='bbox 599 1741 758 1781; x_wconf 87' lang='lat' dir='ltr'>animos</span> <span class='ocrx_word' id='word_1_214' title='bbox 789 1741 960 1781; x_wconf 89' lang='lat' dir='ltr'>caelesti</span> <span class='ocrx_word' id='word_1_215' title='bbox 995 1741 1167 1781; x_wconf 86' lang='lat' dir='ltr'>caritate</span> <span class='ocrx_word' id='word_1_216' title='bbox 1197 1741 1341 1781; x_wconf 88' lang='lat' dir='ltr'>dilatat</span> <span class='ocrx_word' id='word_1_217' title='bbox 1370 1750 1409 1780; x_wconf 91' lang='lat' dir='ltr'>et</span> <span class='ocrx_word' id='word_1_218' title='bbox 1439 1739 1646 1780; x_wconf 84' lang='lat' dir='ltr'>devincit:</span> <span class='ocrx_word' id='word_1_219' title='bbox 1678 1739 1732 1778; x_wconf 82' lang='lat' dir='ltr'>In</span> 
     </span>
     <span class='ocr_line' id='line_1_25' title="bbox 175 1805 1727 1860; baseline -0.002 -14"><span class='ocrx_word' id='word_1_220' title='bbox 175 1809 250 1847; x_wconf 83' lang='lat' dir='ltr'>hoc</span> <span class='ocrx_word' id='word_1_221' title='bbox 280 1810 531 1860; x_wconf 62' lang='lat' dir='ltr'>cognoscent</span> <span class='ocrx_word' id='word_1_222' title='bbox 565 1820 707 1847; x_wconf 78' lang='lat' dir='ltr'>omnes</span> <span class='ocrx_word' id='word_1_223' title='bbox 739 1808 842 1860; x_wconf 77' lang='lat' dir='ltr'>qaia</span> <span class='ocrx_word' id='word_1_224' title='bbox 880 1807 1086 1860; x_wconf 74' lang='lat' dir='ltr'>discipuli</span> <span class='ocrx_word' id='word_1_225' title='bbox 1124 1807 1208 1846; x_wconf 75' lang='lat' dir='ltr'>mei</span> <span class='ocrx_word' id='word_1_226' title='bbox 1237 1806 1359 1854; x_wconf 75' lang='lat' dir='ltr'>estis,</span> <span class='ocrx_word' id='word_1_227' title='bbox 1391 1806 1430 1846; x_wconf 72' lang='lat' dir='ltr'>si</span> <span class='ocrx_word' id='word_1_228' title='bbox 1461 1805 1727 1845; x_wconf 71' lang='lat' dir='ltr'>dilectionem</span> 
     </span>
     <span class='ocr_line' id='line_1_26' title="bbox 174 1872 805 1923; baseline -0.003 -11"><span class='ocrx_word' id='word_1_229' title='bbox 174 1873 408 1913; x_wconf 76' lang='lat' dir='ltr'>habueritis</span> <span class='ocrx_word' id='word_1_230' title='bbox 439 1872 495 1911; x_wconf 77' lang='lat' dir='ltr'>ad</span> <span class='ocrx_word' id='word_1_231' title='bbox 523 1872 700 1912; x_wconf 72' lang='lat' dir='ltr'>invicem</span> <span class='ocrx_word' id='word_1_232' title='bbox 730 1872 805 1923; x_wconf 74' lang='lat'>(2).</span> 
     </span>
    </p>

    <p class='ocr_par' dir='ltr' id='par_1_4' title="bbox 174 1933 1737 2118">
     <span class='ocr_line' id='line_1_27' title="bbox 229 1933 1737 1989; baseline -0.003 -13"><span class='ocrx_word' id='word_1_233' title='bbox 229 1938 346 1977; x_wconf 88' lang='lat' dir='ltr'>Haec</span> <span class='ocrx_word' id='word_1_234' title='bbox 368 1937 494 1989; x_wconf 86' lang='lat' dir='ltr'>probe</span> <span class='ocrx_word' id='word_1_235' title='bbox 514 1936 744 1988; x_wconf 88' lang='lat' dir='ltr'>intelligere</span> <span class='ocrx_word' id='word_1_236' title='bbox 765 1935 970 1984; x_wconf 88' lang='lat' dir='ltr'>deberent,</span> <span class='ocrx_word' id='word_1_237' title='bbox 992 1935 1028 1975; x_wconf 90' lang='lat' dir='ltr'>si</span> <span class='ocrx_word' id='word_1_238' title='bbox 1047 1935 1135 1975; x_wconf 83' lang='lat' dir='ltr'>fieri</span> <span class='ocrx_word' id='word_1_239' title='bbox 1156 1940 1309 1988; x_wconf 89' lang='lat' dir='ltr'>posset,</span> <span class='ocrx_word' id='word_1_240' title='bbox 1330 1934 1456 1986; x_wconf 90' lang='lat' dir='ltr'>inepti</span> <span class='ocrx_word' id='word_1_241' title='bbox 1475 1933 1531 1973; x_wconf 88' lang='lat' dir='ltr'>illi</span> <span class='ocrx_word' id='word_1_242' title='bbox 1563 1938 1737 1973; x_wconf 86' lang='lat' dir='ltr'>nostrae</span> 
     </span>
     <span class='ocr_line' id='line_1_28' title="bbox 174 1998 1726 2053; baseline -0.003 -12"><span class='ocrx_word' id='word_1_243' title='bbox 174 2001 323 2041; x_wconf 90' lang='lat' dir='ltr'>aetatis</span> <span class='ocrx_word' id='word_1_244' title='bbox 341 2001 591 2040; x_wconf 87' lang='lat' dir='ltr'>clamatores</span> <span class='ocrx_word' id='word_1_245' title='bbox 608 2006 648 2039; x_wconf 90' lang='lat' dir='ltr'>et</span> <span class='ocrx_word' id='word_1_246' title='bbox 663 2000 844 2049; x_wconf 88' lang='lat' dir='ltr'>rabulae;</span> <span class='ocrx_word' id='word_1_247' title='bbox 861 2000 929 2053; x_wconf 91' lang='lat' dir='ltr'>qui</span> <span class='ocrx_word' id='word_1_248' title='bbox 946 2013 1214 2053; x_wconf 85' lang='lat' dir='ltr'>progressum</span> <span class='ocrx_word' id='word_1_249' title='bbox 1236 2013 1399 2051; x_wconf 87' lang='lat' dir='ltr'>semper</span> <span class='ocrx_word' id='word_1_250' title='bbox 1414 1999 1454 2038; x_wconf 92' lang='lat' dir='ltr'>in</span> <span class='ocrx_word' id='word_1_251' title='bbox 1473 2011 1544 2038; x_wconf 85' lang='lat' dir='ltr'>ore</span> <span class='ocrx_word' id='word_1_252' title='bbox 1559 1998 1726 2046; x_wconf 88' lang='lat' dir='ltr'>habent,</span> 
     </span>
     <span class='ocr_line' id='line_1_29' title="bbox 174 2065 1586 2118; baseline -0.003 -11"><span class='ocrx_word' id='word_1_253' title='bbox 174 2068 248 2107; x_wconf 85' lang='lat' dir='ltr'>sed</span> <span class='ocrx_word' id='word_1_254' title='bbox 277 2067 365 2107; x_wconf 87' lang='lat' dir='ltr'>eius</span> <span class='ocrx_word' id='word_1_255' title='bbox 394 2080 518 2106; x_wconf 81' lang='lat' dir='ltr'>veras</span> <span class='ocrx_word' id='word_1_256' title='bbox 547 2078 700 2105; x_wconf 88' lang='lat' dir='ltr'>causas</span> <span class='ocrx_word' id='word_1_257' title='bbox 729 2072 769 2106; x_wconf 92' lang='lat' dir='ltr'>et</span> <span class='ocrx_word' id='word_1_258' title='bbox 798 2066 1062 2107; x_wconf 85' lang='lat' dir='ltr'>necessarias</span> <span class='ocrx_word' id='word_1_259' title='bbox 1090 2065 1349 2106; x_wconf 87' lang='lat' dir='ltr'>conditiones</span> <span class='ocrx_word' id='word_1_260' title='bbox 1377 2065 1586 2118; x_wconf 89' lang='lat' dir='ltr'>ignorant.</span> 
     </span>
    </p>
   </div>
   <div class='ocr_carea' id='block_1_3' title="bbox 220 2198 633 2292">
    <p class='ocr_par' dir='ltr' id='par_1_5' title="bbox 220 2198 633 2292">
     <span class='ocr_line' id='line_1_30' title="bbox 220 2198 515 2240; baseline -0.003 -10"><span class='ocrx_word' id='word_1_261' title='bbox 220 2199 270 2240; x_wconf 92' lang='lat'>(1)</span> <span class='ocrx_word' id='word_1_262' title='bbox 294 2198 419 2237; x_wconf 78' lang='lat' dir='ltr'>IsAlAs,</span> <span class='ocrx_word' id='word_1_263' title='bbox 442 2198 515 2230; x_wconf 84' lang='lat' dir='ltr'>LX.</span> 
     </span>
     <span class='ocr_line' id='line_1_31' title="bbox 221 2251 633 2292; baseline 0 -9"><span class='ocrx_word' id='word_1_264' title='bbox 221 2251 271 2292; x_wconf 75' lang='lat'>(2)</span> <span class='ocrx_word' id='word_1_265' title='bbox 295 2251 449 2290; x_wconf 74' lang='lat' dir='ltr'>IOANms,</span> <span class='ocrx_word' id='word_1_266' title='bbox 471 2251 564 2289; x_wconf 85' lang='lat' dir='ltr'>XIII,</span> <span class='ocrx_word' id='word_1_267' title='bbox 587 2252 633 2283; x_wconf 86' lang='lat'>35.</span> 
     </span>
    </p>
   </div>
   <div class='ocr_carea' id='block_1_4' title="bbox 339 2444 1572 2476">
    <p class='ocr_par' dir='ltr' id='par_1_6' title="bbox 339 2444 1572 2476">
     <span class='ocr_line' id='line_1_32' title="bbox 339 2444 1572 2476; baseline -0.002 -1"><span class='ocrx_word' id='word_1_268' title='bbox 339 2448 444 2476; x_wconf 86' lang='lat' dir='ltr'>FINIS</span> <span class='ocrx_word' id='word_1_269' title='bbox 463 2448 570 2476; x_wconf 86' lang='lat' dir='ltr'>IURIS</span> <span class='ocrx_word' id='word_1_270' title='bbox 590 2444 967 2476; x_wconf 78' lang='lat' dir='ltr'>INTERNATIONALIS</span> <span class='ocrx_word' id='word_1_271' title='bbox 988 2449 1041 2476; x_wconf 87' lang='lat' dir='ltr'>ET</span> <span class='ocrx_word' id='word_1_272' title='bbox 1061 2448 1211 2476; x_wconf 84' lang='lat' dir='ltr'>TOTIUS</span> <span class='ocrx_word' id='word_1_273' title='bbox 1230 2447 1338 2474; x_wconf 82' lang='lat' dir='ltr'>lURIS</span> <span class='ocrx_word' id='word_1_274' title='bbox 1359 2446 1572 2473; x_wconf 79' lang='lat' dir='ltr'><strong>NATURAE.</strong></span> 
     </span>
    </p>
   </div>
   <div class='ocr_carea' id='block_1_5' title="bbox 807 2764 1118 2797">
    <p class='ocr_par' dir='ltr' id='par_1_7' title="bbox 807 2764 1118 2797">
     <span class='ocr_line' id='line_1_33' title="bbox 807 2764 1118 2797; baseline 0.003 -2"><span class='ocrx_word' id='word_1_275' title='bbox 807 2764 1118 2797; x_wconf 73' lang='lat' dir='ltr'>IMPRIMATUR</span> 
     </span>
    </p>
   </div>
   <div class='ocr_carea' id='block_1_6' title="bbox 437 2826 1488 2916">
    <p class='ocr_par' dir='ltr' id='par_1_8' title="bbox 437 2826 1488 2916">
     <span class='ocr_line' id='line_1_34' title="bbox 437 2826 1488 2870; baseline -0.002 -9"><span class='ocrx_word' id='word_1_276' title='bbox 437 2828 596 2870; x_wconf 83' lang='lat' dir='ltr'>Neapoli,</span> <span class='ocrx_word' id='word_1_277' title='bbox 619 2838 664 2861; x_wconf 81' lang='lat' dir='ltr'>ex</span> <span class='ocrx_word' id='word_1_278' title='bbox 688 2826 792 2861; x_wconf 86' lang='lat' dir='ltr'>Curia</span> <span class='ocrx_word' id='word_1_279' title='bbox 811 2827 1076 2870; x_wconf 81' lang='lat' dir='ltr'>Archiepiscop.</span> <span class='ocrx_word' id='word_1_280' title='bbox 1107 2826 1161 2860; x_wconf 84' lang='lat' dir='ltr'>die</span> <span class='ocrx_word' id='word_1_281' title='bbox 1185 2828 1203 2859; x_wconf 86' lang='lat' dir='ltr'>S</span> <span class='ocrx_word' id='word_1_282' title='bbox 1227 2827 1385 2860; x_wconf 81' lang='lat' dir='ltr'>octobris</span> <span class='ocrx_word' id='word_1_283' title='bbox 1409 2827 1488 2859; x_wconf 75' lang='lat'>1890</span> 
     </span>
     <span class='ocr_line' id='line_1_35' title="bbox 620 2880 1305 2916; baseline 0 -2"><span class='ocrx_word' id='word_1_284' title='bbox 620 2883 749 2915; x_wconf 68' lang='lat' dir='ltr'>Iosurn</span> <span class='ocrx_word' id='word_1_285' title='bbox 772 2884 852 2915; x_wconf 87' lang='lat' dir='ltr'>Can.</span> <span class='ocrx_word' id='word_1_286' title='bbox 875 2883 1102 2916; x_wconf 57' lang='lat' dir='ltr'>CAnBohELLI</span> <span class='ocrx_word' id='word_1_287' title='bbox 1123 2880 1197 2914; x_wconf 66' lang='lat' dir='ltr'>Yic.</span> <span class='ocrx_word' id='word_1_288' title='bbox 1222 2882 1305 2915; x_wconf 71' lang='lat' dir='ltr'>Gen,</span> 
     </span>
    </p>
   </div>
  </div>
 </body>
</html>
