1970 3203
319 276 454 303 CAPUT
482 275 534 301 111.
564 275 617 301 DE
647 275 794 301 NORMA
825 275 1101 302 OPERATIONIS
1130 275 1335 302 HUMANAE
1585 263 1636 302 91.

73 349 178 390 ratio
199 348 354 388 ordinis
374 361 528 396 eorum,
549 361 654 400 quae
675 348 842 400 agenda
861 355 957 387 sunt
979 348 1030 387 ab
1052 349 1113 397 iis,
1135 349 1202 402 qui
1223 348 1514 402 gubernationi
1547 349 1638 388 sub-

73 413 233 453 duntur.
255 413 367 452 Deus
387 419 526 452 autem
547 412 803 464 gubernator
828 419 891 452 est
910 425 1048 452 rerum
1070 412 1265 461 omnium,
1288 420 1328 453 et
1350 425 1432 452 non
1455 419 1639 464 tempore

74 479 146 518 sed
174 477 414 517 aeternitate
445 483 650 530 operatur.
684 478 788 516 Cum
810 477 919 516 enim
949 477 1002 516 sit
1031 479 1118 517 Ens
1150 477 1417 526 immutabile,
1446 476 1643 530 quidquid

71 541 181 590 facit,
199 541 240 580 in
262 541 506 581 aeternitate
522 540 631 590 facit;
649 554 767 594 quae,
785 548 902 580 extra
918 546 1080 593 tempus
1098 541 1318 589 exsistens,
1335 546 1498 592 tempus
1520 553 1643 579 omne

71 606 357 659 complectitur
377 639 386 654 ,
416 606 586 658 eiusque
614 606 728 646 initio
759 612 799 645 et
828 606 1014 658 partibus
1045 611 1129 645 tota
1160 606 1282 645 simul
1313 614 1435 658 atque
1464 606 1638 644 immota

68 669 301 722 respondet.
324 670 436 721 Ergo
452 669 610 709 admitti
629 670 749 709 debet
763 670 804 708 in
823 671 922 717 Deo,
940 669 1205 721 tamquamin
1223 682 1417 721 supremo
1439 668 1635 721 principe,

49 741 110 775 -et
139 735 302 788 quidem
332 735 385 774 ab
415 741 610 783 aeterno,
641 735 844 775 ordinatio
878 735 948 774 illa
976 734 1126 775 mentis
1169 742 1208 774 et
1238 734 1488 781 voluntatis,
1519 733 1638 772 iuxta

71 811 195 850 quam
224 804 441 838 creaturae
461 798 651 850 singulae
680 799 732 838 ad
754 799 943 851 proprios
972 799 1078 838 fines
1100 799 1343 851 diriguntur.
1367 798 1413 837 Id
1436 810 1535 836 vero
1557 810 1636 836 no-

70 864 180 903 mine
209 863 314 915 legis
344 870 539 904 aeternae
568 864 840 916 significatur.
882 865 943 903 En
975 865 1014 904 S.
1047 864 1242 904 Doctoris
1273 864 1429 904 verba:
1463 879 1482 901 ‹<
1521 862 1638 903 Sicut

71 930 177 970 ratio
207 942 342 969 rerum
369 929 599 969 fiendarum
620 919 693 982 per
721 936 864 977 artem,
896 938 1070 969 vocatur
1090 944 1160 970 ars
1181 931 1244 970 vel
1267 930 1480 981 exemplar
1500 941 1634 968 rerum

73 994 461 1043 artificiatarurn;ita
477 994 601 1034 etiam
619 994 727 1036 ratio
742 995 991 1047 gubernanti
1009 1003 1151 1035 sactus
1164 994 1641 1042 subditorum,rationem

71 1058 178 1111 legis
208 1058 373 1097 obtinet.
406 1059 519 1098 Deus
539 1066 679 1099 autem
710 1071 782 1110 per
811 1071 930 1097 suam
962 1059 1209 1111 sapientiam
1245 1058 1434 1098 conditor
1464 1063 1527 1096 est
1556 1056 1640 1095 uni-

72 1137 287 1164 versarum
319 1137 470 1172 rerum,
500 1124 553 1162 ad
581 1137 686 1176 quas
715 1131 981 1176 comparatur
1009 1124 1115 1163 sicut
1147 1125 1295 1165 artifex
1321 1125 1373 1164 ad
1404 1122 1641 1162 artificiata.

73 1192 148 1230 Est
178 1190 302 1230 etiam
332 1189 590 1242 gubernator
619 1190 802 1229 omnium
833 1198 1002 1230 actuum
1041 1199 1081 1230 et
1110 1190 1352 1238 motionum,
1384 1203 1490 1243 quae
1522 1189 1641 1227 inve·
1672 1218 1675 1221 Α

73 1256 240 1295 niuntur
269 1255 311 1293 in
341 1255 518 1306 singulis
548 1255 763 1295 creaturis.
785 1255 906 1296 Unde
937 1255 1043 1295 sicut
1072 1256 1178 1297 ratio
1209 1256 1374 1295 divinae
1395 1255 1639 1308 sapientiae,

73 1319 114 1358 in
144 1324 341 1370 quantum
369 1332 443 1370 per
463 1332 555 1358 eam
577 1326 730 1358 cuncta
759 1327 855 1359 sunt
876 1325 1029 1366 creata,
1058 1320 1261 1359 rationem
1282 1320 1408 1359 habet
1438 1319 1551 1366 artis,
1574 1318 1638 1357 vel

74 1382 338 1434 exemplaris,
362 1383 425 1421 vel
455 1381 586 1430 ideae,
616 1382 674 1421 ita
693 1382 798 1421 ratio
818 1382 980 1421 divinae
1011 1383 1254 1434 sapientiae,
1276 1382 1481 1422 moventis
1499 1382 1639 1421 omnia

74 1448 126 1487 ad
156 1447 336 1487 debitum
365 1448 490 1486 finem
511 1479 520 1495 ‚
551 1447 707 1486 obtinet
736 1447 939 1486 rationem
969 1448 1098 1499 legis:
1130 1455 1169 1487 et
1198 1449 1426 1487 secundum
1458 1449 1538 1488 hoc
1570 1448 1637 1486 lex

76 1517 248 1551 aeterna
277 1510 377 1549 nihil
408 1510 518 1549 aliud
548 1518 621 1558 est,
652 1524 775 1562 quam
804 1510 908 1550 ratio
939 1511 1102 1550 divinae
1132 1511 1372 1562 sapientiae,
1405 1510 1635 1550 secundum

79 1577 187 1629 quod
217 1583 279 1616 est
310 1575 512 1616 directiva
541 1576 724 1615 omnium
753 1582 920 1615 actuum
953 1583 992 1615 et
1021 1576 1248 1615 motionum
1278 1577 1352 1627 (1).
1388 1591 1407 1614 »

127 1641 391 1690 Thomasius,
408 1641 518 1680 hanc
539 1648 751 1681 aeternam
774 1643 922 1694 legem,
940 1642 991 1681 ab
1014 1642 1204 1681 omnibus
1220 1643 1344 1694 plane
1367 1640 1640 1681 Scholasticis

78 1707 317 1754 admissam,
343 1707 493 1747 acriter
512 1706 782 1760 impugnavit,
814 1721 988 1760 eamque
1009 1715 1051 1746 ut
1071 1709 1315 1759 figmentum
1337 1708 1530 1755 traduxit,
1553 1721 1637 1745 ma-

76 1773 204 1813 teriae
233 1773 518 1825 improductae
549 1773 807 1812 ethnicorum
838 1787 921 1812 non
951 1773 1140 1813 absimile
1161 1774 1232 1824 (2).
1264 1775 1318 1813 At
1348 1787 1471 1826 quam
1502 1773 1640 1824 inepte

72 1838 114 1877 id
143 1837 309 1886 fecerit,
345 1851 468 1878 nemo
499 1851 629 1877 sanus
658 1852 741 1878 non
771 1839 894 1878 videt.
926 1840 1032 1878 Nam
1068 1839 1102 1878 si
1132 1840 1199 1878 lex
1228 1840 1412 1878 humana
1442 1838 1583 1890 nequit
1613 1851 1638 1876 a

72 1903 256 1956 principe
286 1904 393 1952 ferri,
424 1903 522 1956 quin
551 1910 648 1943 ante
675 1905 718 1943 in
748 1904 837 1944 eius
867 1910 1004 1944 mente
1032 1905 1217 1944 reluceat
1247 1913 1286 1945 et
1314 1906 1525 1944 voluntate
1557 1905 1633 1943 de-

74 1976 277 2016 cernatur;
307 1968 513 2020 quomodo
534 1967 615 2016 lex,
637 1981 718 2019 qua
748 1969 860 2007 Deus
881 1974 1009 2007 totam
1034 1975 1228 2007 naturam
1259 1968 1531 2015 administrat,
1555 1979 1631 2005 co-

71 2030 193 2081 gitari
220 2030 401 2082 poterit,
432 2029 529 2082 quin
559 2031 639 2070 hoc
668 2030 759 2082 ipso
789 2030 830 2069 in
860 2031 998 2070 divino
1027 2031 1239 2071 intellectu
1268 2036 1308 2070 et
1338 2032 1552 2070 voluntate
1581 2030 1633 2068 ab

71 2103 238 2136 aeterno
259 2095 469 2136 exstitisse
490 2096 748 2148 concipiatur
770 2095 787 2134 ⁶3
816 2098 962 2148 Atque,
983 2102 1025 2136 ut
1045 2097 1097 2135 ad
1127 2110 1204 2136 nos
1225 2097 1442 2137 dumtaxat
1471 2108 1638 2136 sermo-

70 2173 166 2200 nem
194 2160 643 2213 restringamuscerte
663 2162 1007 2213 quemadmodum
1034 2163 1138 2201 ratio
1165 2163 1351 2202 humana
1375 2161 1634 2214 participatio

72 2227 276 2278 quaedam
306 2232 369 2265 est
397 2234 438 2267 et
467 2226 606 2278 imago
632 2226 796 2266 divinae
822 2227 1007 2275 rationis;
1039 2227 1099 2267 sic
1130 2228 1327 2268 veritates
1357 2241 1514 2275 omnes,
1546 2233 1630 2266 tum

71 2289 366 2340 speculativae,
385 2296 469 2328 tum
485 2289 709 2340 practicae,
728 2290 833 2329 radii
849 2290 1015 2342 quidam
1031 2298 1130 2332 sunt
1144 2291 1248 2330 lucis
1263 2297 1458 2331 aeternae
1475 2297 1515 2330 et
1538 2290 1637 2330 ima-

70 2354 190 2406 gines
200 2354 417 2393 veritatum
437 2361 832 2407 aeternarum,quae
853 2356 895 2394 in
907 2356 1047 2395 divina
1063 2364 1200 2396 mente
1221 2356 1634 2403 subsistunt.Quibus

71 2419 124 2470 (si
141 2420 190 2459 de
206 2419 402 2470 practicis
421 2431 559 2459 sermo
576 2422 672 2471 est),
688 2422 900 2472 supposito
917 2421 1082 2460 decreto
1099 2422 1323 2462 creationis
1341 2422 1496 2461 entium
1518 2422 1637 2461 ratio-

71 2485 226 2525 nalium
249 2485 388 2524 divina
406 2485 599 2524 voluntas
619 2486 805 2533 accedit3
836 2499 942 2538 quae
961 2495 1185 2539 praecepta
1209 2487 1279 2526 illa
1298 2494 1510 2539 tamquam
1532 2500 1629 2526 nor—

69 2562 178 2588 mam
200 2548 384 2600 imponat
414 2548 614 2588 voluntati
635 2559 816 2589 creatae.
848 2550 911 2588 En
932 2551 1000 2589 lex
1020 2557 1203 2596 aeterna,
1234 2550 1283 2589 de
1313 2563 1395 2602 qua
1417 2550 1632 2602 loquimur.

69 2610 178 2650 Hinc
198 2611 267 2650 lex
281 2611 497 2659 naturalis,
518 2623 624 2663 quae
643 2610 806 2651 iudiciis
827 2613 1023 2663 practicis
1053 2612 1287 2652 iubentibus
1307 2614 1371 2653 vel
1392 2613 1627 2653 vetantibus

68 2675 310 2724 continetur,
333 2676 498 2716 nonnisi
515 2676 714 2716 derivatio
735 2677 937 2728 quaedam
958 2684 1021 2717 est
1041 2685 1081 2717 et
1100 2678 1362 2731 participatio
1383 2679 1505 2719 huius
1526 2680 1632 2731 legis

71 2745 277 2782 aeternae.
307 2743 438 2781 Immo
467 2742 503 2781 si
536 2755 619 2781 non
654 2741 894 2791 subiective,
916 2749 1120 2795 quatenus
1159 2744 1201 2784 in
1232 2745 1393 2786 actibus
1423 2746 1631 2785 humanae

113 2898 162 2939 (1)
189 2899 342 2931 Summa
366 2899 412 2931 th.
436 2901 482 2932 12²
517 2901 572 2932 22²⁶
606 2910 638 2941 q.
660 2901 781 2939 XCIII,
805 2904 868 2934 art.
894 2903 921 2934 2.

114 2952 165 2992 (2)
189 2953 280 2984 Inst.
304 2952 629 2995 Jurisprudentiae
653 2954 818 2993 diuinae,
840 2955 894 2987 lib.
921 2956 944 2988 Ι.
968 2967 993 2989 c.
1019 2958 1048 2995 1,
1072 2957 1089 2998 ἓ
1114 2959 1165 2990 31.
