1970 3203
589 195 728 222 CAPUT
751 196 776 222 1.
806 196 858 223 DE
888 195 1121 223 SOCIETATE
1149 195 1384 223 DOMESTICA
1700 183 1776 223 197

709 336 948 376 Solvuntur·
974 337 1262 388 dffficultaz‘es.

251 466 288 506 8.
322 465 450 505 Obz'ic.
481 467 511 505 Ι.
542 466 640 505 Sine
669 465 864 518 coniugio
894 479 1026 519 genus
1047 465 1277 504 humanum
1299 463 1541 504 conservari
1570 477 1653 503 non
1675 477 1770 516 pos-

202 537 280 571 set.
312 532 424 583 Ergo
454 531 695 583 coniugium
725 538 789 571 est
819 531 868 571 de
897 531 984 571 iure
1013 537 1199 570 naturae.
1232 531 1342 582 Ergo
1381 530 1610 570 caelibatus
1640 542 1772 582 oppo-

199 597 310 636 nitur
338 597 415 635 iuri
445 603 633 636 naturae.

254 661 304 699 R.
333 660 445 699 Dist.
476 661 552 699 Est
571 661 620 699 de
640 659 728 699 iure
757 665 933 699 naturae
962 659 1217 706 facultativo,
1248 672 1361 697 conc.
1393 660 1441 699 de
1472 660 1560 700 iure
1590 666 1767 699 naturae

201 723 440 776 obligante,
485 723 614 763 subd:
646 723 858 775 obligante
897 736 1032 775 genus
1068 722 1298 762 humanum
1327 735 1400 774 per
1430 736 1475 762 se
1505 730 1738 775 spectatum
1756 757 1766 772 ,

199 790 349 829 iterum
380 803 501 836 conc·
532 789 721 841 singulos
749 789 988 841 separatim,
1019 801 1141 839 nego.

255 855 390 894 Etiam
413 855 502 895 sine
524 855 781 907 agricultura
808 868 942 907 genus
971 855 1201 894 humanum
1223 854 1465 894 conservari
1495 868 1579 894 non
1609 860 1763 906 posset.

201 923 308 962 Num
340 921 526 973 sequitur
555 927 598 959 ut
628 934 773 960 omnes
803 920 989 960 colendis
1019 920 1135 972 agris
1164 933 1334 972 operam
1365 933 1522 959 navare
1554 919 1766 959 debeant?

202 987 554 1041 Distinguendum
575 986 701 1038 igitur
721 991 784 1027 est
803 986 1021 1039 diligenter
1039 986 1146 1026 inter
1162 1000 1224 1035 ea,
1246 1000 1351 1039 quae
1366 986 1598 1039 respiciunt·
1611 985 1766 1025 directe

201 1052 389 1104 privatas
411 1064 628 1103 personas,
651 1056 690 1090 et
710 1063 760 1102 ea
775 1063 881 1102 quae
896 1049 1121 1101 respiciunt
1139 1050 1452 1090 multitudinem.
1470 1050 1656 1102 Utraque
1673 1054 1770 1088 sunt

198 1129 254 1155 ex
273 1115 362 1155 iure
387 1122 575 1162 naturae,
597 1115 671 1154 sed
693 1114 811 1153 aliter
833 1119 873 1153 et
892 1113 1021 1152 aliter.
1037 1114 1143 1153 Nam
1153 1113 1298 1165 prima,
1320 1113 1355 1152 si
1371 1111 1658 1152 necessariam
1681 1125 1769 1163 per-

200 1181 425 1221 fectionem
448 1181 684 1232 important,
707 1186 802 1220 sunt
832 1181 881 1219 de
902 1179 990 1219 iure
1010 1186 1184 1220 naturae
1205 1179 1417 1231 obligante
1439 1179 1640 1231 singulos.
1663 1179 1767 1218 Tale

185 1253 267 1286 ·est
296 1260 361 1286 ex.
392 1260 452 1298 gr.
485 1246 666 1285 officium
698 1258 745 1285 se
775 1245 1053 1285 conservandi
1082 1252 1206 1297 atque
1239 1245 1458 1285 ordinandi
1496 1245 1548 1283 ad
1577 1245 1764 1284 ultimum

204 1313 343 1351 finem.
376 1312 583 1359 Secunda,
614 1311 690 1351 etsi
720 1312 1016 1351 necessitatem
1045 1312 1239 1360 habeant;
1270 1317 1367 1351 sunt
1397 1311 1446 1350 de
1475 1310 1564 1350 iure
1593 1318 1768 1350 naturae

202 1375 416 1426 obligante
445 1375 785 1414 communitatem
816 1375 1018 1421 absolute,
1048 1376 1237 1426 singulos
1270 1382 1409 1414 autem
1444 1388 1497 1414 ex
1526 1374 1768 1427 hypothesi,

204 1439 399 1477 nimirum
421 1438 502 1478 nisi
537 1438 605 1476 alii
636 1439 719 1477 sint
748 1438 814 1490 qui
844 1439 952 1478 bono
982 1438 1038 1477 illi
1069 1439 1277 1478 communi
1308 1439 1571 1490 procurando
1608 1444 1770 1479 vacent.

202 1502 450 1541 Huiusmodi
481 1508 543 1542 est
572 1502 838 1554 coniugium,
868 1502 976 1554 quod
1005 1503 1170 1554 proprie
1199 1503 1252 1541 ad
1282 1502 1433 1542 bonum
1466 1515 1550 1541 non
1580 1502 1771 1554 singula-

198 1569 316 1616 rium,
347 1568 420 1607 sed
449 1581 673 1607 commune
703 1568 857 1620 speciei
888 1568 1077 1620 primitus
1108 1574 1280 1620 spectat.
1309 1568 1455 1614 Quoad
1476 1568 1664 1619 singulos
1683 1581 1766 1606 ma-

199 1630 437 1671 trimonium
468 1636 531 1670 est
561 1631 610 1670 de
638 1631 726 1671 iure
757 1637 931 1671 naturae
960 1632 1041 1671 hoc
1061 1645 1200 1680 sensu,
1231 1639 1436 1683 quatenus
1467 1632 1614 1683 cuique
1644 1645 1764 1671 ana-

198 1701 292 1733 tura
320 1696 366 1734 fit
394 1695 570 1734 facultas
601 1695 785 1734 eiusdem
817 1694 1104 1742 contrahendi,
1137 1695 1171 1733 si
1200 1695 1309 1734 libet.

252 1759 460 1798 Instabis:
493 1760 651 1800 Saltem
683 1759 913 1799 caelibatus
944 1758 1088 1798 minuit
1119 1759 1272 1798 bonum
1303 1772 1522 1798 commune
1543 1758 1768 1798 societatis:

195 1838 296 1864 nam
326 1825 664 1877 multiplicandae
693 1825 826 1865 soboli
856 1839 1024 1877 operam
1055 1825 1272 1865 subtrahit.

250 1893 299 1930 R.
314 1891 504 1931 Societas
525 1904 607 1930 non
630 1897 693 1930 est
712 1892 960 1944 aggregatio
982 1892 1187 1944 quaedam
1209 1891 1443 1942 plantarum
1465 1896 1535 1930 aut
1550 1892 1767 1944 pecudum,

197 1954 238 1994 in
269 1967 350 2006 qua
379 1967 459 2006 quo
489 1954 622 1994 maior
651 1961 714 1994 est
744 1968 953 2003 numerus,
986 1969 1034 1995 eo
1057 1956 1188 1994 maior
1209 1955 1387 1994 habetur
1408 1955 1579 1994 utilitas.
1604 1956 1685 1995 Sed
1705 1962 1768 1996 est

193 2020 471 2071 ⁴congregatio
491 2020 707 2059 hominum
727 2019 890 2060 ratione
910 2019 1164 2071 pollentium;
1186 2019 1225 2057 in
1249 2019 1398 2071 quibus
1418 2019 1546 2058 animi
1568 2019 1767 2071 perfectio

198 2083 456 2134 potissimum
488 2084 728 2136 quaerenda
757 2089 831 2123 est.
863 2084 950 2122 Iam
974 2096 1072 2122 vero
1094 2082 1286 2130 caelibes,
1310 2082 1360 2121 de
1380 2082 1527 2134 quibus
1549 2082 1764 2134 loquimur,

197 2146 355 2186 idcirco
385 2161 410 2186 a
439 2148 591 2199 nuptiis
621 2147 842 2195 abstinent,
873 2153 918 2186 ut
946 2147 999 2186 ad
1027 2147 1325 2199 perficiendum
1345 2146 1529 2186 animum
1548 2146 1670 2185 unice
1691 2161 1765 2187 co-

197 2213 331 2265 gitent
360 2214 410 2253 ed
439 2213 693 2253 adlaborent.
724 2214 835 2265 Ergo
866 2218 1014 2251 curant
1042 2212 1093 2260 id,
1127 2212 1235 2265 quod
1264 2213 1318 2251 ad
1343 2211 1497 2251 bonum
1527 2212 1707 2251 hominis
1728 2219 1768 2252 et

201 2277 415 2316 societatis
445 2277 730 2328 maximopere
773 2275 960 2328 pertinet.
1007 2275 1132 2327 quue
1163 2288 1308 2314 verum
1339 2281 1413 2323 est,
1443 2274 1605 2314 etiamsi
1635 2275 1762 2314 vitam

203 2341 372 2380 omnino
416 2341 620 2392 privatam
664 2341 841 2393 degant,
872 2353 999 2393 seque
1024 2340 1066 2379 in
1097 2341 1188 2379 sola
1217 2339 1567 2391 contemplatione
1609 2339 1695 2378 veri
1725 2346 1766 2380 et

199 2419 342 2446 amore
373 2406 468 2446 boni
499 2406 751 2447 contineant.
782 2407 889 2445 Nam
918 2406 985 2458 qui
1007 2419 1052 2445 se
1072 2406 1244 2458 perficit,
1265 2406 1491 2444 humanam
1513 2410 1702 2444 naturam
1725 2412 1762 2444 et

193 2471 443 2510 societatem
473 2469 673 2508 indirecte
702 2470 877 2520 perficit,
908 2469 1027 2509 cuius
1057 2476 1169 2509 certe
1199 2476 1263 2509 est
1292 2482 1399 2520 pars.

252 2537 307 2576 At
336 2535 510 2575 aliorum
541 2535 663 2574 etiam
695 2535 922 2583 utilitatem,
939 2535 991 2574 ad
1012 2547 1151 2574 mores
1171 2534 1280 2586 quod
1303 2539 1479 2586 spectat,
1501 2547 1643 2574 eorum
1674 2535 1763 2574 vir—

193 2607 262 2641 tus
290 2615 439 2641 revera
467 2608 675 2654 procurat.
707 2601 760 2639 Hi
782 2600 890 2640 enim
912 2601 1104 2640 homines
1125 2600 1315 2652 exemplo
1337 2600 1484 2639 saltem
1505 2613 1761 2654 magnopere

197 2664 417 2704 conferunt
435 2665 488 2704 ad
510 2671 674 2704 ceteros
694 2663 884 2703 homines
913 2677 1040 2715 supra
1072 2676 1242 2703 sensum
1278 2663 1528 2713 evehend0s3
1561 2670 1646 2704 tum
1667 2664 1763 2716 quia

197 2727 514 2777 praestantioris
543 2719 639 2766 boni
669 2740 851 2766 amorem
882 2727 924 2765 in
953 2727 1105 2766 animis
1127 2727 1323 2775 excitant,
1354 2734 1439 2766 tum
1460 2728 1555 2780 quia
1580 2728 1763 2767 domina-

198 2797 285 2829 tum
314 2791 464 2830 mentis
493 2791 535 2829 in
566 2804 718 2843 corpus
745 2790 896 2843 iugiter
923 2790 1188 2842 persuadent.
1211 2791 1327 2837 Quod
1346 2791 1394 2838 si,
1424 2798 1589 2843 praeter
1610 2803 1755 2830 exem-

197 2855 322 2906 plum;
353 2868 495 2895 curam
526 2857 651 2898 etiam
679 2856 847 2895 iuvandi
876 2856 982 2895 alios
1007 2864 1049 2897 et
1077 2856 1282 2896 educandi
1311 2856 1570 2908 adiungunt,
1611 2856 1760 2895 mirum
