1970 3203
225 199 302 238 242
595 208 660 235 ms
688 206 890 234 NATURAE
911 207 1053 234 -PARs
1082 206 1120 233 11.
1150 207 1215 233 1th
1246 205 1418 232 SOCIALE

229 284 372 323 monia
394 282 639 322 facultatum
661 281 954 330 humanarum
984 294 1091 334 quae
1112 286 1225 321 certe
1247 281 1304 322 ita
1326 282 1483 321 unitate
1505 281 1726 328 donantur,
1758 287 1802 320 ut

226 360 433 400 suprema,
465 359 614 398 nempe
642 345 760 395 ratio,
792 352 954 387 ceteras
983 352 1128 398 regat,
1160 346 1235 386 sed
1264 358 1529 399 nequaquam
1559 344 1794 392 absorbeat,

229 427 308 453 nec
338 414 379 452 in
409 412 474 452 sui
504 425 642 452 meras
672 412 955 452 derivationes
985 421 1215 453 convertat.

281 481 497 519 Structura
526 478 709 526 socialis,
740 492 845 531 quae
875 479 1051 531 primum
1083 485 1237 530 typum,
1269 491 1418 530 nempe
1447 478 1795 524 mechanismum,

224 546 408 585 imitatur
430 578 438 593 ,
470 551 718 597 conceptum
751 545 962 584 humanae
991 543 1205 584 societatis
1245 544 1402 584 evertit.
1444 544 1660 584 Fundatur
1690 543 1802 583 enirn

225 612 269 651 in
299 612 490 652 doctrina
520 611 785 659 Rousseavii,
816 624 922 663 quae
953 611 1077 651 docet
1105 609 1353 650 societatem
1373 610 1560 662 proxime
1591 608 1803 650 efformari

225 690 280 717 ex
301 677 427 717 meris
447 676 685 724 individuis,
706 689 813 728 quae
835 676 975 716 omnia
997 675 1087 715 iura
1109 689 1133 715 a
1153 688 1198 715 se
1220 674 1509 714 abdicaverint
1529 682 1568 716 et
1586 675 1628 715 in
1653 688 1807 727 corpus

225 741 382 781 sociale
414 740 711 780 transtulerint.
746 740 865 787 Quod
895 739 1242 779 absurdissimum
1273 753 1367 780 esse
1410 739 1596 792 proxime
1627 740 1804 779 demon-

230 805 469 845 strabimus.
502 804 693 844 Societas
722 804 892 856 politica
920 817 1003 843 non
1033 805 1158 844 rebus
1188 805 1261 845 sed
1291 805 1482 857 personis
1511 805 1732 852 coalescit,
1766 811 1805 843 et

226 881 428 920 processu
445 868 622 908 naturali
644 882 669 907 a
690 868 917 908 minoribus
934 868 1203 909 societatibus
1224 869 1433 921 gradatim
1455 869 1655 921 exsurgit.
1679 869 1802 910 Unde

227 935 343 974 cives
374 935 551 987 propriis
579 935 739 974 iuribus
760 941 798 975 et
818 935 1007 975 libertate
1036 936 1233 988 gaudent3
1256 942 1379 989 atque
1401 936 1494 977 ideo
1516 937 1683 989 propria
1704 936 1807 976 acti-

225 999 354 1039 vitate
385 999 441 1038 uti
473 1005 659 1051 possunt,
691 1013 764 1052 pro
796 999 948 1039 finibus
976 999 1224 1052 quibusdam
1254 1001 1578 1054 particularibus
1596 1033 1604 1049 ,
1634 1008 1802 1040 mutuas

230 1065 341 1105 vires
371 1066 494 1105 simul
524 1066 801 1106 conserentes.
833 1067 925 1106 Hoc
946 1099 954 1115 ,
981 1066 1045 1106 ius
1077 1067 1377 1107 associationis
1405 1068 1662 1119 appellatur;
1694 1067 1803 1118 quod

233 1133 344 1172 aliud
372 1146 523 1173 revera
551 1146 636 1172 non
657 1139 719 1173 est
739 1132 821 1172 nisi
850 1132 926 1180 ius,
958 1133 1104 1185 cuique
1125 1147 1150 1173 a
1180 1139 1331 1173 natura
1351 1133 1532 1183 insitum,
1565 1133 1734 1173 iuvandi
1755 1145 1801 1172 se

226 1198 401 1237 aliorum
432 1198 561 1238 libero
592 1210 800 1237 concursu
820 1232 830 1245 ,
861 1198 915 1237 ad
948 1198 1101 1237 bonum
1143 1199 1310 1251 aliquod
1340 1199 1682 1239 consectandum.
1732 1197 1802 1237 Sic

227 1262 416 1302 oriuntur
449 1261 674 1310 consortia,
711 1262 763 1301 ad
797 1270 922 1310 art-25,
957 1261 1205 1302 industriam
1225 1295 1234 1311 ‚
1270 1263 1567 1303 commercium
1589 1295 1599 1312 ,
1630 1263 1805 1309 litteras,

230 1328 428 1368 scientias
444 1327 704 1380 pertinentia;
729 1341 835 1380 quae
852 1328 948 1367 licet
968 1341 1163 1381 supremo
1180 1329 1385 1381 principio
1404 1329 1571 1382 politico
1591 1328 1805 1368 subiectae

225 1400 334 1442 sunt,
366 1401 573 1446 quatenus
603 1407 629 1432 a
649 1394 860 1433 communi
891 1394 1104 1435 societatis
1136 1408 1264 1447 scopo
1295 1396 1491 1436 deerrare
1520 1408 1606 1435 non
1638 1395 1803 1443 debent;

223 1465 365 1498 tamen
395 1458 556 1498 interno
584 1459 681 1505 fine,
702 1458 867 1498 interna
887 1458 939 1506 vi,
960 1458 1124 1498 interno
1145 1466 1260 1499 motu
1276 1492 1285 1508 ,
1312 1459 1486 1500 internis
1507 1459 1670 1512 legibus
1690 1471 1801 1511 gau—

225 1521 335 1569 dent,
354 1521 503 1574 quibus
523 1521 694 1573 spoliari
714 1522 804 1562 sine
825 1522 976 1562 iniuria
995 1535 1080 1562 non
1096 1529 1282 1575 possunt.
1301 1524 1416 1564 Idem
1452 1537 1477 1563 a
1494 1523 1651 1563 fortiori
1669 1522 1805 1563 dicen-

226 1588 322 1626 dum
344 1593 406 1627 est
436 1587 485 1626 de
506 1586 699 1637 familiis;
730 1601 849 1640 quae,
881 1596 923 1628 ut
943 1589 984 1628 in
1007 1590 1209 1642 superiori
1238 1591 1522 1643 propositione
1546 1590 1805 1630 demonstra-

227 1652 378 1699 vimus,
396 1665 498 1692 vera
523 1661 619 1692 sunt
639 1652 821 1693 civitatis
843 1654 1063 1703 elementa,
1085 1661 1209 1707 atque
1230 1656 1344 1707 prius
1364 1656 1405 1695 in
1427 1655 1655 1707 municipia
1678 1654 1799 1695 colli-

224 1722 390 1769 gantur,
422 1729 547 1768 quam
577 1717 792 1769 amplioris
821 1717 1037 1759 societatis
1066 1720 1169 1758 fiant
1197 1726 1349 1772 partes.

222 1818 226 1823 ,
283 1779 392 1818 Hinc
416 1779 658 1832 intelligitur
678 1780 775 1833 quid
791 1781 1059 1821 iudicandum
1082 1782 1134 1822 sit
1155 1782 1205 1822 de
1225 1782 1521 1835 intemperanti
1541 1784 1612 1823 illo
1638 1787 1803 1824 centra-

225 1847 362 1893 lismo,
384 1852 427 1885 ut
448 1846 575 1894 aiunt;
597 1859 676 1898 quo
693 1845 917 1887 inferiores
937 1848 1175 1897 societates,
1198 1849 1312 1889 omni
1334 1856 1567 1903 spontaneo
1590 1857 1704 1890 motu
1726 1851 1802 1891 de-

224 1913 407 1961 stitutae,
439 1924 524 1951 non
552 1911 674 1952 aliter
695 1913 997 1965 concipiuntur,
1019 1927 1144 1967 quam
1165 1915 1315 1955 inertia
1336 1916 1542 1968 quaedam
1577 1916 1801 1956 machina—

228 1985 382 2027 menta,
408 1979 462 2018 ad
481 1984 650 2027 motum,
672 1979 839 2020 aliunde
858 1979 1121 2033 impressum,
1145 1982 1469 2034 exsequendum.
1493 1983 1540 2022 Id
1561 1983 1713 2023 rationi
1735 1996 1796 2023 re-

226 2051 446 2098 pugnat,et
462 2044 541 2096 ipsi
556 2044 814 2085 incremento
831 2045 927 2085 boni
944 2046 1125 2095 socialis,
1148 2047 1351 2100 siquidem
1369 2049 1580 2089 sociorum
1602 2051 1712 2090 vires
1732 2051 1796 2090 de-

225 2111 369 2158 bilitat,
387 2124 436 2150 ac
455 2110 627 2162 proinde
643 2111 889 2151 societatem
908 2120 1094 2161 enervat,
1111 2127 1217 2166 quae
1234 2127 1317 2154 non
1339 2115 1458 2154 aliter
1475 2115 1586 2164 vivit,
1606 2117 1685 2156 nisi
1709 2117 1794 2156 vita

224 2176 484 2229 singularum
502 2177 693 2229 partium,
709 2177 806 2217 licet
821 2178 898 2217 sub
918 2179 1200 2219 moderamine
1223 2194 1442 2232 supremae
1464 2182 1682 2222 cuiusdam
1708 2184 1795 2223 vir-

224 2243 335 2293 tutis,
357 2257 463 2296 quae
485 2256 559 2283 eas
579 2243 736 2284 unitate
758 2245 881 2285 donet
901 2251 941 2285 et
962 2245 1015 2285 ad
1031 2247 1156 2286 finem
1177 2246 1301 2286 totius
1323 2249 1510 2299 corporis
1532 2257 1794 2301 promoveat.

740 2443 981 2482 Solvuntur
1009 2443 1292 2496 dffcultates.

271 2573 335 2611 51.
370 2571 498 2610 Obc'z'c.
522 2573 551 2610 I.
573 2573 637 2612 Ex
659 2573 767 2613 thesi
787 2574 974 2614 secunda
995 2582 1238 2628 sequeretur
1254 2578 1452 2629 privatos,
1474 2579 1541 2631 qui
1563 2586 1711 2619 carent
1727 2580 1793 2620 fa-

217 2633 342 2682 milia,
362 2648 443 2673 non
462 2648 556 2675 esse
573 2637 762 2677 membra
778 2638 992 2678 societatis
1008 2640 1212 2692 politicae.
1231 2641 1276 2681 Id
1294 2655 1392 2682 vero
1414 2643 1642 2683 absurdum
1663 2650 1739 2686 est.

272 2699 322 2737 R.
353 2698 473 2750 Nesso
506 2704 730 2740 assertum.
763 2703 849 2742 Nos
877 2703 987 2742 enim
1018 2705 1224 2756 loquimur
1243 2706 1293 2745 de
1323 2720 1372 2746 eo
1404 2708 1511 2758 quod
1532 2715 1595 2748 est
1626 2723 1698 2761 per
1727 2723 1787 2759 se,

219 2775 304 2802 non
326 2762 376 2802 de
406 2775 454 2802 eo
476 2764 584 2815 quod
615 2772 677 2804 est
698 2779 770 2817 per
791 2767 1001 2807 accidens.
1025 2770 1216 2809 Iamvero
1247 2783 1320 2821 per
1349 2784 1394 2810 se
1415 2771 1588 2825 quisque
1619 2774 1722 2814 civis
1744 2776 1789 2815 in

221 2828 379 2868 familia
409 2829 548 2882 aliqua
578 2830 677 2869 vivit
697 2839 737 2871 et
767 2833 817 2871 ad
840 2832 1038 2872 familiam
1061 2833 1248 2885 pertinet.
1281 2835 1401 2880 Quod
1431 2837 1466 2875 si
1493 2836 1649 2878 familia
1672 2840 1792 2880 desti-

218 2893 369 2943 tuitur,
401 2902 440 2935 et
471 2903 691 2947 separatus
721 2898 890 2936 omnino
921 2897 1058 2949 degit,
1096 2897 1135 2936 id
1176 2899 1378 2952 contingit
1408 2909 1572 2953 praeter
1603 2905 1789 2946 ordinem
