1970 3203
188 186 239 227 36
868 196 1086 223 ETHICA

242 277 291 315 R.
323 275 477 317 Nescio
507 288 561 315 an
591 275 710 316 aliter
740 274 946 327 Epicurus
966 274 1075 326 loqui
1106 273 1321 326 potuisset.
1344 275 1398 313 At
1419 273 1564 314 idnon
1586 279 1671 313 tam
1697 275 1772 313 Ge·

187 340 349 387 nuensi,
367 352 490 392 quam
513 339 778 391 temporibus,
796 338 836 378 in
855 338 1002 391 quibus
1023 337 1270 378 versabatur
1287 344 1326 378 et
1344 338 1493 390 quibus
1513 337 1771 390 indulgebat,

187 404 475 456 imputandum
506 410 580 444 est.
604 403 886 443 Sensistarum
908 402 1018 442 enim
1038 401 1305 454 philosophia
1324 413 1371 441 se
1397 401 1439 441 in
1461 402 1622 442 Italiam
1646 401 1772 441 etiam

190 476 457 523 propagarat;
480 483 557 508 nec
579 469 912 521 metaphysicam
933 474 1107 515 tantum,
1130 468 1215 515 sed,
1252 474 1295 506 ut
1316 480 1578 519 consequens
1600 473 1701 515 erat,
1725 479 1772 506 e-

190 534 347 574 thicam
370 545 531 585 quoque
548 533 778 572 vitiaverat.
797 532 878 572 Sed
895 539 938 571 ut
954 533 1007 572 ad
1028 531 1315 571 difficultatem
1333 531 1510 579 veniam,
1528 532 1670 585 ecquis
1692 545 1774 571 non

189 600 312 648 videt,
332 599 446 638 illam
467 612 551 638 non
572 599 696 639 modo
717 606 893 638 naturae
913 597 1095 637 hominis
1116 598 1189 637 sed
1210 597 1331 637 factis
1352 598 1478 638 etiam
1499 599 1620 638 valde
1643 599 1776 638 detra-

188 666 289 706 here
308 665 489 704 virorum
505 665 789 711 honestorum,
807 679 857 705 ex
875 664 1023 717 quibus
1041 664 1237 704 iudicium
1253 677 1392 703 rerum
1411 664 1491 716 peti
1508 664 1648 705 debet?
1666 666 1772 706 Nam

188 734 340 769 natura
350 728 532 769 hominis
549 729 629 768 duo
643 730 850 768 elementa
860 727 1159 780 complectitur:
1172 741 1323 780 corpus
1340 735 1379 768 et
1393 728 1589 778 animum,
1603 743 1774 770 sensum

189 799 228 833 et
248 792 465 832 rationem.
486 793 691 840 Iamvero,
709 798 751 831 ut
770 791 876 831 alias
894 791 1048 831 dictum
1069 797 1143 840 est,
1164 793 1356 844 quamvis
1373 792 1568 846 appetitio
1589 793 1775 842 sensilis,

187 871 294 912 quae
322 871 406 898 non
428 858 721 911 perspicientia
741 857 898 898 ordinis
917 858 993 898 sed
1012 858 1209 898 instinctu
1239 865 1398 899 tantum
1428 860 1601 909 ducitur,
1623 861 1677 900 ad
1706 875 1777 901 vo-

187 926 386 978 luptatem
417 932 457 965 et
485 925 639 965 doloris
669 924 899 965 carentiam
929 924 1073 964 tendat
1083 938 1092 973 ;
1125 925 1343 966 rationalis
1371 932 1511 966 tamen
1541 928 1738 980 appetitio
1761 961 1769 976 ‚

188 1004 296 1044 quae
312 991 520 1032 dictamen
533 990 829 1043 intelligentiae
846 991 1044 1043 sequitur,
1060 991 1114 1030 ad
1128 990 1337 1032 obiectum
1357 993 1500 1042 tendit,
1516 994 1625 1045 quod
1647 993 1775 1034 omni-

187 1067 242 1094 no
262 1061 432 1107 propter
452 1067 498 1094 se
519 1054 794 1107 appetendum
830 1062 905 1102 est,
928 1055 1027 1107 quin
1048 1054 1100 1094 ad
1122 1056 1385 1107 voluptatem
1401 1058 1466 1096 vel
1497 1058 1776 1110 aegritudinis

189 1118 419 1159 carentiam
440 1117 656 1158 referatur.
673 1120 808 1171 Atque
827 1118 867 1157 id
888 1118 980 1171 ipsa
999 1119 1257 1172 experientia
1280 1122 1513 1162 confirmat:
1531 1122 1639 1175 frugi
1661 1123 1774 1163 enim

188 1182 382 1222 homines
399 1188 438 1221 et
454 1182 576 1222 laude
594 1183 707 1235 digni
724 1183 916 1223 virtutem
934 1190 1102 1236 propter
1122 1184 1315 1225 virtutem
1333 1186 1467 1238 ipsam
1494 1187 1644 1236 volunt,
1665 1201 1772 1228 eam-

189 1258 268 1297 que
288 1245 484 1297 implicite
506 1246 570 1286 vel
592 1247 717 1287 etiam
740 1247 934 1299 explicite
955 1248 1007 1287 ad
1029 1248 1106 1288 Dei
1125 1249 1306 1300 gloriam
1328 1250 1519 1303 dirigunt.
1545 1251 1589 1291 Si
1610 1260 1774 1301 contra,

189 1309 383 1362 epicureo
405 1323 533 1358 more,
550 1310 714 1351 virtutis
742 1311 987 1351 exercitium
1021 1313 1075 1352 ad
1100 1313 1256 1353 doloris
1290 1314 1519 1354 carentiam
1552 1315 1773 1365 referrent,

188 1391 273 1418 non
293 1377 596 1430 approbatione
627 1379 701 1417 sed
721 1379 1026 1432 vituperatione
1059 1379 1346 1432 dignarentur,
1370 1387 1409 1421 et
1440 1381 1535 1421 boni
1557 1395 1651 1422 esse
1673 1382 1779 1423 desi-

188 1449 346 1483 nerent.
380 1442 577 1482 Ordinem
608 1445 717 1482 enim
748 1443 1000 1485 obiectivum
1030 1443 1261 1485 subiectivo
1292 1444 1569 1493 subiicerent,
1614 1458 1693 1485 nec
1724 1447 1778 1485 ad

191 1506 366 1548 rationis
395 1507 713 1559 praescriptum,
744 1508 818 1548 sed
847 1507 964 1547 iuxta
994 1521 1169 1548 caecum
1200 1514 1376 1548 naturae
1405 1508 1605 1560 impetum
1638 1522 1780 1561 opera-

189 1579 344 1612 rentur.

247 1638 442 1678 Obilall.
462 1639 574 1678 Ordo
596 1639 766 1678 moralis
784 1639 937 1678 bonum
959 1644 1022 1678 est
1041 1638 1227 1678 rationis.
1247 1639 1329 1678 Sed
1349 1639 1474 1678 homo
1496 1651 1625 1679 sensu
1646 1639 1770 1679 etiam

192 1712 369 1753 constat,
400 1705 467 1757 qui
497 1705 550 1743 ad
579 1705 703 1755 longe
727 1705 893 1744 diversa
923 1705 1033 1744 bona
1060 1704 1307 1744 relationem
1333 1705 1470 1746 habet.
1499 1706 1617 1745 Haec
1643 1706 1770 1758 igitur

194 1772 319 1814 etiam
339 1771 381 1810 in
402 1772 482 1810 hac
505 1770 590 1809 vita
619 1771 819 1823 consequi
849 1784 1026 1811 necesse
1056 1778 1143 1820 est,
1167 1778 1210 1810 ut
1230 1772 1374 1820 homo,
1397 1778 1596 1825 quantum
1628 1773 1780 1825 possit,

194 1838 394 1879 beatitate
415 1837 586 1876 fruatur.
606 1838 657 1876 Et
685 1851 801 1886 sane,
819 1837 983 1878 etiamsi
1012 1838 1112 1878 ordo
1129 1838 1302 1878 moralis
1324 1845 1524 1888 servetur;
1548 1845 1687 1880 tamen
1708 1853 1779 1880 ne-

197 1903 290 1955 gari
321 1902 462 1954 nequit
491 1901 589 1953 quin
619 1901 834 1942 inclinatio
864 1901 1043 1954 supersit
1063 1902 1116 1941 ad
1136 1901 1207 1941 illa
1227 1902 1310 1941 alia
1331 1901 1452 1950 bona,
1471 1915 1578 1955 quae
1608 1903 1782 1943 sensibi-

195 1969 353 2009 litatem
384 1968 623 2020 respiciunt.
647 1967 735 2008 Nisi
759 1981 859 2020 ergo
879 1970 986 2008 haec
1008 1969 1133 2009 etiam
1153 1970 1401 2017 habeantur,
1423 1969 1476 2008 ad
1496 1970 1608 2009 aliud
1628 1977 1779 2010 natura

192 2036 346 2083 tendet3
368 2049 418 2076 ac
439 2034 611 2087 proinde
633 2035 758 2074 finem
776 2041 815 2074 et
831 2035 1082 2084 felicitatem,
1099 2036 1176 2077 sibi
1199 2035 1530 2084 convenientem,
1547 2042 1784 2088 assequuta

198 2113 293 2140 esse
324 2099 404 2138 dici
433 2113 516 2139 non
548 2105 696 2150 potest.

250 2167 300 2205 R.
323 2167 387 2205 Ex
403 2165 465 2213 iis,
483 2178 589 2217 quae
609 2165 800 2217 superius
818 2166 928 2206 dicta
945 2172 1051 2214 sunt,
1070 2166 1317 2206 obiectionis
1337 2166 1461 2206 huius
1478 2166 1643 2207 vanitas
1660 2165 1781 2206 facile

197 2236 321 2283 patet.
339 2232 446 2270 Nam
468 2230 620 2269 bonum
640 2243 865 2277 summum,
889 2231 995 2283 quod
1016 2231 1255 2271 beatitatem
1277 2230 1441 2283 proprie
1463 2230 1615 2270 dictam
1634 2230 1783 2269 consti-

196 2301 296 2341 tuat,
315 2294 355 2332 in
378 2294 460 2332 hac
475 2293 560 2332 vita
576 2306 839 2345 nequaquam
860 2294 1165 2347 consequimur.
1189 2295 1334 2334 Sermo
1355 2295 1483 2347 igitur
1502 2301 1665 2334 tantum
1686 2307 1781 2334 esse

195 2357 345 2411 poterit
360 2357 410 2396 de
427 2356 626 2398 beatitate
642 2357 895 2409 imperfecta3
910 2372 1015 2410 quae
1031 2358 1072 2397 in
1088 2359 1309 2411 adeptione
1325 2359 1433 2399 illius
1450 2358 1545 2398 boni
1561 2357 1781 2406 consistat,

195 2424 303 2478 quod
321 2437 393 2475 pro
410 2423 519 2462 vitae
541 2423 775 2474 praesentis
796 2431 905 2464 statu
927 2425 1157 2464 maximum
1175 2425 1227 2465 sit
1246 2439 1297 2465 ac
1314 2439 1413 2478 prae
1438 2424 1589 2465 ceteris
1609 2432 1781 2465 naturae

197 2498 368 2533 nostrae
385 2491 608 2542 proprium.
631 2491 719 2529 Iam
742 2504 840 2530 vero
862 2490 1015 2530 bonum
1037 2491 1266 2531 maximum
1289 2498 1328 2531 et
1347 2491 1559 2543 proprium
1579 2504 1653 2543 pro
1677 2504 1783 2542 qua-

198 2572 276 2613 que
296 2563 448 2597 natura
467 2556 566 2595 illud
588 2564 661 2605 est,
680 2557 788 2609 quod
817 2557 1149 2610 supremaeeius
1169 2556 1429 2598 inclinationi
1451 2556 1686 2608 respondet.
1710 2559 1782 2597 Su-

196 2637 341 2679 prema
365 2630 504 2662 autem
534 2623 715 2663 hominis
736 2624 949 2664 inclinatio
971 2637 1021 2664 ea
1037 2630 1113 2671 est,
1134 2637 1241 2676 quae
1261 2623 1466 2663 rationem
1498 2622 1785 2674 consequitur·

196 2692 372 2730 Ceterae
401 2686 525 2738 igitur
562 2688 876 2740 propensiones,
917 2687 1111 2740 quoniam
1142 2688 1240 2727 huic
1279 2699 1502 2738 supremae
1532 2684 1782 2739 subduntur,

194 2767 393 2796 mensura
413 2753 591 2805 quadam
614 2755 773 2806 expleri
794 2754 976 2806 exigunt,
1000 2761 1205 2806 quatenus
1226 2753 1262 2792 ei
1289 2756 1521 2792 consonent
1542 2751 1608 2790 vel
1629 2751 1779 2791 saltem

193 2833 278 2860 non
299 2817 583 2858 adversentur.
612 2818 886 2870 Quapropter,
909 2818 946 2857 si
976 2817 1141 2870 quando
1164 2815 1377 2857 rationalis
1399 2814 1619 2868 propensio
1640 2820 1780 2866 postu-

194 2886 255 2926 lat
270 2890 313 2924 ut
334 2883 458 2922 alicui
480 2895 531 2922 ex
552 2882 816 2924 inferioribus
837 2897 920 2924 non
941 2883 1133 2931 satisfiat;
1154 2882 1331 2935 idipsum
1353 2887 1683 2921 consentaneum
1705 2894 1778 2921 na-
