1970 3203
596 202 732 228 CAPUT
761 202 798 227 ΙΙ.
830 202 883 228 DE
911 201 1142 229 SOCJETATE
1172 203 1288 229 CIVILI
1650 190 1727 229 253

164 284 316 318 natura
342 291 422 317 non
455 278 700 318 determinat
720 278 760 317 in
790 279 870 318 hoc
900 279 964 318 vel
994 278 1064 317 illo
1085 279 1374 330 paternitatem
1392 280 1456 318 vel
1487 278 1726 318 dominium.

172 343 284 393 Ergo
313 342 447 393 patria
475 348 663 393 potestas
680 342 744 380 vel
773 342 834 380 ius
852 341 1115 393 proprietatis
1145 348 1366 381 concretae
1388 356 1413 381 a
1443 354 1652 381 consensu
1672 353 1730 380 re-

168 406 252 458 peti
282 405 444 445 debent.
461 407 516 444 At
545 418 667 445 nemo
698 418 780 444 non
812 406 932 453 videt,
951 418 1004 444 ex
1034 418 1082 444 eo
1103 406 1211 457 quod
1239 405 1288 460 in¹
1303 405 1367 445 his
1397 406 1459 444 vel
1490 405 1584 443 aliis
1606 403 1731 443 rebus

164 469 451 510 determinatio
482 478 655 509 naturae
672 484 744 522 pro
776 470 977 522 peculiari
1007 483 1187 522 persona
1216 470 1333 518 desit,
1354 483 1439 509 non
1469 469 1579 508 aliud
1600 468 1728 520 sequi,

159 535 240 575 nisi
268 537 372 584 iura,
403 549 508 587 quae
537 536 631 575 inde
663 542 930 583 enascuntur,
953 548 1036 574 non
1067 549 1160 575 esse
1181 536 1326 575 innata
1355 536 1427 575 sed
1457 535 1662 587 acquisita
1684 534 1724 573 vi

159 599 258 639 facti
301 600 478 641 alicuius
496 633 504 649 ‚
537 601 588 641 ad
627 606 866 640 concretum
907 599 1089 640 ordinem
1120 601 1372 651 pertinentis.
1406 601 1596 639 Iamvero
1637 598 1727 651 quis

157 676 340 714 unquam
364 663 478 712 dixit,
500 664 564 703 ius
593 663 822 715 imperandi
851 663 889 701 in
911 663 991 702 hoc
1009 663 1072 702 vel
1093 663 1163 702 illo
1194 663 1381 703 subiecto
1403 664 1590 702 innatum
1613 661 1730 702 esse?

160 733 230 767 aut
250 729 429 780 aliquem
460 743 553 769 esse
581 730 808 782 principem
840 736 989 768 natura
1018 728 1123 768 sua?

216 793 347 834 Obiic.
379 797 430 834 II.
466 798 660 835 Potestas
698 795 866 847 politica
897 795 1064 834 diversa
1092 801 1154 835 est
1185 808 1210 834 a
1239 802 1442 847 potestate
1474 795 1728 841 domestica,

159 870 284 909 quam
315 859 618 910 paterfamilias
647 866 814 898 exercet
842 858 884 897 in
916 859 1036 905 filios,
1068 865 1108 898 et
1136 858 1176 897 in
1207 858 1396 898 famulos.
1428 859 1551 910 Atqui
1582 858 1729 897 iurium

162 921 421 961 diversorum
466 924 606 975 nequit
636 937 760 963 unum
793 923 979 963 converti
1008 923 1049 961 in
1079 923 1201 962 aliud.
1234 925 1344 976 Ergo
1381 923 1636 975 impossibile
1667 932 1731 962 est

161 994 204 1026 ut
234 994 421 1038 potestas
451 987 680 1027 domestica
710 995 978 1028 convertatur
1006 987 1047 1025 in
1076 987 1251 1039 regiam.

213 1053 263 1090 R.
280 1052 501 1092 Distmai:
526 1054 719 1092 Potestas
733 1053 901 1105 politica
930 1053 1096 1091 diversa
1118 1060 1180 1092 est
1202 1066 1227 1092 a
1248 1061 1454 1104 potestate
1485 1052 1728 1099 domestica,

164 1116 300 1168 quoad
330 1117 525 1168 speciem,
556 1131 672 1163 eorm·
703 1118 837 1169 quoad
857 1130 991 1168 genus
1019 1117 1155 1165 etiam,
1179 1131 1296 1169 nego.
1328 1116 1545 1157 ,Minorem
1575 1117 1729 1169 pariter

159 1181 264 1221 dist:
283 1182 438 1221 Iurium
460 1183 717 1222 diversorum
735 1195 818 1221 non
848 1183 982 1222 solum
1003 1182 1142 1234 specie
1171 1183 1244 1222 sed
1264 1182 1387 1222 etiam
1418 1196 1571 1234 genere
1592 1182 1732 1234 nequit

160 1261 288 1287 unum
310 1249 494 1288 converti
515 1249 556 1287 in
574 1249 697 1295 aliud,
713 1262 833 1295 conc,·
852 1248 1112 1287 diversorum
1134 1249 1273 1300 specie
1297 1249 1369 1288 sed
1391 1249 1729 1288 convenientium

161 1327 329 1365 genere,
346 1314 466 1361 subca-
484 1315 634 1354 virtute
651 1328 728 1354 sua
749 1321 1044 1362 tantum,conc,·
1056 1314 1295 1355 adiumento
1312 1315 1522 1366 praecepti
1541 1322 1731 1361 naturae,

163 1385 202 1419 et
231 1380 377 1419 mutati
407 1380 556 1419 obiecti
587 1380 810 1431 exigentia,
843 1393 959 1431 neyo.

217 1444 304 1484 Etsi
321 1450 507 1496 potestas
528 1445 757 1484 domestica
774 1444 936 1483 differat
952 1445 1090 1496 specie
1107 1458 1132 1484 a
1147 1452 1351 1496 potestate
1370 1446 1599 1497 politica,ut
1619 1454 1732 1498 patet

163 1521 217 1547 ex
239 1509 480 1550 diversitate
498 1510 592 1548 finis
615 1517 653 1548 et
673 1509 882 1556 materiae;
896 1509 1089 1548 convenit
1106 1516 1244 1549 tamen
1262 1524 1429 1562 genere,
1447 1525 1538 1550 cum
1558 1520 1731 1564 utraque

168 1572 220 1611 sit
240 1573 304 1611 ius
320 1573 499 1623 ponendi
521 1573 706 1612 ordinem
728 1573 769 1611 in
786 1572 1057 1620 multitudine,
1076 1573 1193 1613 iuxta
1210 1583 1401 1614 naturam
1419 1576 1728 1615 associationis.

164 1638 274 1676 Hinc
291 1639 440 1676 mirum
462 1651 545 1677 non
568 1645 641 1685 est,
659 1638 707 1683 si,
727 1638 983 1677 multitudine
1005 1638 1274 1679 mutationem
1293 1641 1505 1689 subeunte,
1527 1647 1732 1693 quatenus

161 1703 232 1742 filii
247 1704 428 1743 evadant
443 1702 767 1754 patresfamilias
785 1709 821 1741 et
834 1690 975 1741 famuli
987 1703 1276 1754 proprietatem
1288 1708 1573 1757 acquirant,ac
1586 1706 1730 1758 proin-

166 1770 215 1809 de
237 1769 418 1808 societas
440 1769 672 1808 domestica
692 1768 734 1807 in
764 1767 929 1808 civilem
950 1768 1279 1819 transformetur;
1302 1771 1437 1823 ipsum
1467 1772 1531 1811 ius
1553 1772 1732 1823 ponendi

167 1834 353 1874 ordinem
375 1834 738 1887 proportionaliter
755 1840 1043 1881 commutetur,
1061 1848 1111 1873 ac
1128 1835 1317 1875 diversas
1334 1837 1475 1875 induat
1495 1837 1732 1885 relationeS,

161 1911 398 1950 novumque
411 1898 606 1950 respiciat
617 1898 996 1949 scopum.Maxime
1010 1898 1352 1945 vero,accedente
1365 1899 1539 1940 rationis
1551 1900 1734 1939 dictami-

163 1979 228 2014 ne,
250 1965 358 2017 quod
378 1963 681 2002 multitudinem
704 1962 794 2002 sine
825 1962 1025 2014 principio
1056 1963 1223 2010 ordinis,
1244 1965 1494 2004 auctoritate
1523 1965 1730 2014 nimirum,

164 2044 362 2071 essenon
391 2029 555 2082 patitur.
581 2029 720 2067 Causa
748 2027 872 2079 igitur
902 2028 1189 2067 conversionis
1218 2029 1328 2068 illius
1359 2038 1422 2070 est
1441 2030 1535 2082 ipsa
1565 2038 1727 2079 natura,

163 2110 268 2150 quae
304 2109 505 2148 processu
534 2107 609 2134 suo
652 2094 895 2133 societatem
925 2093 1196 2132 domesticam
1232 2096 1275 2133 in
1304 2095 1467 2134 civilem
1512 2097 1731 2144 convertit,

164 2172 204 2205 et
234 2170 536 2215 consequenter
552 2160 823 2200 transformat
839 2159 927 2199 eius
944 2166 1084 2210 partes
1101 2160 1358 2209 essentiales,
1382 2175 1488 2213 quae
1521 2175 1733 2215 nunquam

164 2227 445 2268 dissociantur
461 2259 470 2274 ,
501 2226 573 2265 sed
612 2231 734 2277 prout
774 2223 1049 2276 compositum
1094 2224 1314 2264 efformant
1331 2258 1340 2273 ,
1382 2226 1597 2266 mutationi
1629 2227 1732 2266 sub-

166 2293 332 2331 duntur.

221 2356 367 2397 Omnis
388 2368 503 2395 error
524 2355 604 2393 hoc
626 2354 718 2393 loco
739 2353 834 2392 inde
848 2353 990 2399 oritur,
1011 2353 1118 2404 quod
1140 2354 1343 2393 naturalis
1365 2367 1500 2394 rerum
1524 2368 1672 2395 cursus
1695 2365 1736 2396 et

171 2420 352 2461 evolutio
373 2431 457 2457 non
478 2417 725 2465 attendatur;
746 2430 824 2456 nec
841 2415 1022 2456 societas
1042 2423 1085 2456 ut
1106 2430 1244 2465 unum,
1267 2432 1319 2457 ex
1341 2418 1491 2469 duplici
1513 2420 1732 2468 elemento,

171 2483 433 2524 multitudine
462 2481 655 2521 nimirum
686 2486 725 2520 et
754 2479 1013 2527 auctoritate,
1045 2488 1305 2532 compactum
1338 2481 1638 2531 consideretur;
1660 2484 1735 2522 sed

165 2550 371 2592 societate
392 2549 433 2588 vi
464 2547 615 2586 mentis
645 2546 847 2585 dissoluta
876 2558 927 2585 ac
957 2545 1046 2584 solo
1067 2545 1272 2585 materiali
1301 2547 1518 2595 elemento,
1540 2547 1735 2587 nimirum

167 2615 617 2662 multitudine,retento,
640 2625 694 2651 ex
715 2611 804 2650 eius
823 2610 1058 2650 visceribus
1079 2611 1327 2651 elementum
1349 2611 1728 2661 formaie‚nimirum

163 2679 392 2720 auctoritas
414 2677 500 2718 erui
521 2676 630 2716 velit.
653 2675 768 2721 Quae
798 2673 1017 2712 methodus
1037 2673 1264 2726 imaginem
1279 2675 1460 2726 praefert
1480 2676 1733 2728 physiologi,

163 2745 244 2796 qui,
267 2744 320 2782 ad
338 2743 448 2782 vitae
464 2739 709 2792 principium
725 2737 1120 2785 rimandum,vivum
1137 2737 1292 2777 animal
1307 2737 1349 2777 in
1367 2738 1497 2779 frusta
1514 2738 1732 2790 discerpat,

167 2816 290 2860 atque
311 2806 456 2845 deinde
485 2805 527 2843 in
548 2803 747 2843 materiae
764 2801 919 2841 viribus
949 2800 1038 2841 sive
1067 2801 1254 2853 physicis
1275 2801 1364 2842 sive
1395 2801 1585 2842 chimicis
1607 2801 1732 2842 vitale

172 2872 273 2913 illud
302 2870 547 2923 principium
579 2870 806 2922 conquirat.
