1970 3203
193 203 271 244 298
562 216 629 242 ius
658 216 860 242 NATURAE
881 225 902 231 —
923 215 1030 242 PARS
1059 215 1099 242 11.
1129 217 1196 244 ius
1226 215 1397 244 sochLE

254 297 341 336 Nec
373 307 471 334 vero
500 293 605 332 haec
637 293 800 333 dilectio
832 306 1001 334 cessare
1030 299 1102 333 aut
1132 294 1423 334 defervescere
1464 295 1583 335 debet
1613 308 1667 335 ex
1696 308 1769 344 eo,

197 359 305 412 quod
325 370 515 398 summus
535 358 748 409 imperans
769 357 810 396 in
827 357 1012 410 gerenda
1031 357 1245 410 republica
1265 359 1488 412 aliquando
1511 365 1667 412 peccet,
1684 360 1773 400 sive

197 437 250 463 ex
281 422 444 463 defectu
474 422 702 469 scientiae,
734 421 823 461 sive
854 435 907 461 ex
936 421 1035 461 vitio
1068 422 1303 463 voluntatis.
1341 424 1447 463 Nam
1482 438 1577 464 cum
1608 431 1648 464 et
1682 423 1772 476 ipse

194 491 319 529 homo
349 490 415 537 sit,
446 503 496 529 ac
518 489 688 542 proinde
709 491 839 529 errori
869 495 909 529 et
930 488 1225 542 cupiditatibus
1247 489 1468 538 obnoxius;
1489 491 1688 531 iniustum
1713 497 1776 530 est

195 560 236 594 et
264 553 415 593 rationi
445 566 689 605 repugnans
720 552 772 593 ab
802 566 850 593 eo
880 554 973 605 plus
1001 552 1267 605 perfectionis
1303 554 1502 606 exigere,
1546 569 1669 608 quam
1699 555 1773 594 hu-

193 635 321 662 mana
349 621 570 661 infirmitas
601 621 714 660 serat.
748 620 939 672 Optabile
969 619 1133 672 quidem
1165 625 1242 668 est,
1270 625 1313 659 ut
1333 620 1527 673 princeps
1557 634 1772 674 nunquam

193 686 372 734 labatur,
405 687 552 725 saltem
583 690 731 737 sponte
761 698 850 732 sua;
875 684 983 736 quod
1014 683 1261 736 optimorum
1284 684 1620 724 consiliariorum
1651 684 1777 724 admi-

194 751 347 798 niculo,
378 756 463 790 tum
494 749 740 802 praesertin]
764 748 930 788 divinae
959 748 1176 800 religionis
1196 748 1418 800 praesidio,
1450 762 1533 788 non
1563 762 1658 788 raro
1680 762 1775 788 cer-

196 827 298 856 nere
319 820 382 854 est
400 813 440 852 in
473 813 693 852 catholicis
723 811 990 864 principibus.
1007 813 1063 851 At
1083 811 1118 851 si
1139 813 1305 864 quando
1336 813 1589 853 contrarium
1611 813 1776 862 accidit,

194 895 279 921 non
309 880 469 921 idcirco
500 880 625 919 irasci
647 878 797 919 subditi
829 878 991 926 debent,
1013 884 1084 918 aut
1105 891 1293 918 amorem
1316 879 1499 918 debitum
1515 879 1774 920 imminuere.

195 945 300 985 Labi
331 944 440 985 enim
461 945 691 983 humanum
709 949 783 990 est,
806 949 844 982 et
865 943 1038 982 humani
1067 942 1170 982 nihil
1200 943 1325 982 etiam
1347 956 1372 982 a
1390 943 1649 996 principibus
1668 944 1772 983 alie—

194 1022 293 1049 num
324 1009 552 1061 putandum
584 1015 670 1055 est,
702 1007 947 1058 praesertim
986 1006 1021 1047 si
1052 1006 1237 1059 pericula
1275 1007 1594 1048 considerentur
1623 1008 1778 1060 quibus

194 1072 517 1120 circumdantur,
550 1079 589 1111 et
604 1071 874 1110 difficultates
904 1071 1101 1119 muneris,
1124 1072 1233 1124 quod
1254 1079 1463 1112 exercent.
1498 1072 1608 1111 Satis
1645 1072 1722 1112 erit
1743 1072 1777 1112 si

197 1138 485 1186 communiter,
501 1137 683 1177 scienter
699 1142 738 1176 et
753 1136 862 1176 iuste
884 1142 1118 1188 operentur,
1136 1138 1384 1189 praesertim
1407 1151 1499 1177 curn
1523 1137 1572 1177 de
1594 1150 1776 1177 commu-

194 1205 317 1244 nibus
349 1203 528 1256 negotiis
545 1203 694 1256 agitur;
728 1210 813 1242 tum
843 1209 886 1241 ut
916 1202 1051 1242 studio
1072 1202 1264 1254 publicae
1286 1202 1495 1242 felicitatis
1522 1202 1772 1250 animentur,

195 1276 236 1310 et
265 1268 485 1322 prudentia
515 1268 555 1306 in
587 1267 711 1307 rebus
743 1267 987 1307 definiendis
1016 1275 1135 1307 tanta
1164 1274 1350 1315 utantur,
1386 1274 1583 1319 quantam
1624 1267 1778 1319 patitur

195 1335 386 1373 humana
415 1331 610 1372 conditio.
647 1331 906 1378 «Quomodo
935 1331 1195 1371 sterilitatem
1226 1338 1375 1379 terrae,
1405 1331 1463 1371 ait
1493 1331 1680 1379 Tacitus,
1709 1339 1781 1371 aut

202 1401 355 1441 nimios
385 1400 540 1439 imbres
571 1405 642 1437 aut
673 1405 816 1439 cetera
845 1405 1020 1438 naturae
1048 1399 1173 1446 mala,
1204 1398 1261 1437 ita
1292 1399 1434 1439 luxum
1465 1398 1530 1437 vel
1560 1398 1781 1438 avaritiam

206 1466 508 1508 dominantium
542 1466 720 1505 tolerare
749 1464 959 1504 debemus.
992 1464 1105 1504 Vitia
1136 1471 1266 1512 erunt,
1300 1465 1432 1505 donec
1463 1464 1676 1513 homines;
1708 1464 1781 1504 sed

204 1547 339 1587 neque
370 1532 582 1580 continua,
614 1538 653 1572 et
683 1531 899 1571 meliorum
930 1532 1168 1571 interventu
1198 1537 1396 1582 pensatur
1429 1533 1501 1583 (1).
1526 1546 1544 1569 »

260 1602 348 1642 107.
372 1602 529 1641 Laesae
550 1599 789 1639 maiestatis
810 1610 932 1639 noxa.
954 1599 1047 1637 Huc
1065 1597 1189 1638 etiam
1206 1597 1398 1638 revocari
1414 1604 1552 1650 potest
1568 1597 1781 1649 obligatiO,

203 1681 286 1708 non
319 1666 513 1708 studendi
545 1666 666 1705 novis
688 1665 827 1712 rebus,
850 1678 941 1704 cum
964 1664 1116 1703 iniuria
1135 1663 1298 1703 illorum
1321 1664 1388 1716 qui
1411 1677 1607 1716 suprema
1627 1670 1776 1704 aucto—

206 1734 327 1773 ritate
349 1733 550 1772 fruuntur.
573 1731 701 1770 Modo
725 1731 833 1770 enim
857 1730 1045 1782 regimen
1075 1729 1307 1781 legitimum
1338 1729 1402 1775 sit,
1433 1736 1555 1781 atque
1586 1743 1782 1781 suprema

208 1796 439 1838 auctoritas
461 1809 486 1834 a
507 1808 688 1846 persona
716 1794 855 1846 aliqua
886 1794 951 1833 vel
973 1799 1095 1832 coetu
1115 1793 1221 1833 iuste
1252 1793 1527 1845 possideatur3
1560 1793 1783 1833 observan—

204 1863 300 1902 dum
323 1869 362 1901 et
391 1860 666 1901 reverendum
697 1866 770 1907 est,
793 1871 871 1898 nec
904 1859 1096 1910 cuiquam
1119 1858 1215 1897 licet
1235 1858 1458 1911 quidquam
1481 1864 1626 1898 contra
1646 1859 1783 1911 ipsum

202 1926 451 1974 machinari,
486 1924 584 1977 quin
616 1924 813 1964 continuo
844 1924 885 1963 in
914 1923 1210 1975 perduellionis
1231 1930 1272 1963 et
1291 1924 1515 1976 impietatis
1536 1923 1692 1964 crimen
1715 1924 1784 1963 in-

206 1998 357 2032 currat.
379 1993 467 2030 Nec
498 2003 597 2029 vero
629 1989 734 2028 ratio
766 1989 836 2028 illa
866 1988 1087 2040 quidquam
1110 1988 1233 2035 valet,
1256 2001 1337 2040 qua
1362 1987 1600 2027 rebellionis
1620 1994 1784 2027 amato-

205 2070 286 2105 res,
318 2063 358 2095 et
389 2055 596 2094 fortunam
626 2054 668 2093 in
699 2054 848 2094 melius
877 2061 1040 2093 mutare
1071 2053 1298 2105 cupientes,
1329 2053 1382 2091 ad
1402 2053 1613 2105 proprium
1634 2059 1784 2104 tegen-

207 2121 303 2160 dum
324 2120 462 2159 scelus
485 2127 666 2166 utuntur,
689 2132 781 2157 cum
800 2117 937 2157 aiunt:
959 2117 1085 2157 licere
1107 2117 1231 2157 etiarn
1251 2118 1302 2166 vi,
1324 2124 1490 2170 propter
1506 2118 1658 2157 bonum
1679 2130 1787 2156 corn-

207 2200 343 2234 mune,
365 2184 581 2237 regiminis
603 2184 780 2223 sormam
801 2184 939 2223 minus
960 2183 1187 2236 perfectam
1208 2183 1249 2222 in
1280 2184 1492 2223 meliorem
1523 2190 1781 2224 convertere.

204 2253 312 2291 Nam
334 2251 376 2290 in
397 2249 542 2302 primis
563 2249 809 2289 hihomines
824 2249 950 2301 inepti
969 2254 1065 2288 sunt
1085 2249 1134 2288 ad
1154 2248 1352 2300 optimam
1370 2248 1587 2301 regiminis
1608 2244 1785 2290 formam

208 2317 630 2362 diiudicandam3nec
666 2315 858 2367 publicae
894 2315 1079 2356 felicitati
1115 2316 1294 2363 student,
1330 2316 1403 2354 sed
1432 2328 1534 2355 suae
1565 2316 1784 2357 dumtaxat

207 2379 385 2421 utilitati.
410 2380 581 2427 Deinde,
604 2380 739 2419 forma
759 2380 978 2432 regiminis
996 2393 1078 2419 non
1100 2386 1165 2420 est
1185 2380 1300 2427 tanti,
1322 2380 1466 2432 quanti
1496 2393 1588 2420 earn
1620 2381 1781 2421 facien-

208 2443 303 2482 dam
317 2444 471 2493 dicunt,
483 2444 637 2483 bonum
655 2443 764 2483 enim
785 2444 1007 2484 Societatis
1023 2457 1106 2483 non
1125 2451 1207 2482 tarn
1226 2457 1251 2483 a
1268 2444 1523 2496 perfectione
1537 2451 1782 2493 structurae,

207 2521 330 2560 quam
353 2508 404 2547 ab
426 2509 648 2548 honestate
665 2508 985 2561 gubernantium
1008 2508 1171 2559 pendet.
1197 2508 1396 2560 Denique,
1419 2520 1471 2548 ex
1492 2521 1554 2555 eo,
1575 2508 1683 2559 quod
1704 2509 1788 2548 alia

208 2571 424 2623 regiminis
441 2571 576 2610 forma
592 2572 644 2610 sit
664 2571 959 2623 praestantior,
981 2571 1122 2623 nequit
1139 2577 1252 2611 certe
1270 2570 1431 2610 desumi
1452 2570 1557 2609 ratio
1578 2571 1631 2609 ad
1653 2571 1783 2623 legiti-

207 2651 320 2676 mum
342 2637 603 2677 auctoritatis
625 2650 915 2689 possessorem
936 2637 1195 2686 laedendum;
1213 2637 1293 2676 nisi
1314 2636 1470 2676 utilitas
1487 2635 1527 2674 in
1545 2649 1785 2687 supremum

207 2702 455 2755 principium
478 2702 679 2754 operandi
703 2709 742 2743 et
762 2716 924 2742 morum
945 2704 1132 2755 regulam
1155 2702 1343 2742 converti
1365 2700 1474 2740 velit.
1497 2701 1617 2747 Quod
1641 2702 1675 2741 si
1695 2703 1781 2750 fiat,

207 2770 322 2810 nulla
365 2768 544 2821 amplius
588 2769 678 2808 iura
718 2769 758 2808 in
795 2769 990 2810 convictu
1029 2769 1214 2808 humano
1258 2766 1482 2807 stabilitate
1525 2767 1776 2818 gaudebunt.

253 2913 304 2952 (1)
330 2911 599 2949 Historiarum,
624 2912 681 2951 IV,
705 2912 751 2943 17.
