1970 3203
282 211 358 252 374
965 224 1161 252 ιΝοΕΧ

285 303 374 338 ΛΒΤ.
456 301 480 337 Ι.
507 303 559 337 De
574 303 695 348 officiis
712 303 835 349 quoad
850 305 1030 338 animum.
1048 302 1184 338 Eoi-um
1203 304 1617 349 praestantia—Officia
1635 307 1755 353 quoad

549 363 773 398 intellectum
785 383 828 389 —
839 364 962 406 Quoad
981 364 1203 399 voluntatem
1214 364 1379 399 —Error
1394 365 1752 402 rationalistarum-

547 423 634 458 Eius
660 424 832 459 refutatio
835 450 1612 463 ..............
1661 427 1749 474 Pag.
1777 427 1846 464 149

281 481 371 516 AnT.
438 480 478 516 11.
505 481 556 515 De
581 482 703 527 officiis
728 482 851 527 quoad
876 493 1016 528 corpus.
1036 482 1139 518 Unde
1157 482 1488 526 oriuntur—Quid
1513 484 1707 531 importent
1731 498 1750 520 ›
1779 485 1849 522 153

302 541 412 577 Pnoe.
446 540 477 577 1.
513 542 693 577 Violentas
717 543 785 577 sibi
808 554 943 578 manus
960 545 1112 587 iniicere,
1123 545 1351 590 prohibitum
1377 550 1430 580 est
1445 546 1524 580 iure
1540 551 1705 582 naturae.
1731 558 1751 581 5>
1780 546 1848 583 154

350 613 369 634 »
443 600 476 637 2.
512 601 666 635 Vetitum
694 602 767 647 leye
791 608 948 638 naturae
972 614 1048 637 non
1073 609 1135 644 est,
1161 604 1202 638 ob
1219 605 1356 638 iustam
1373 609 1407 638 et
1423 603 1644 638 laudabilem
1660 616 1752 640 cau-

546 671 636 702 sam,
663 666 814 695 mortem
839 662 1011 696 indirecte
1028 673 1240 708 procurare,
1269 668 1310 696 ut
1334 674 1460 708 nempe
1484 664 1568 708 quis
1593 664 1632 698 in
1650 666 1753 709 peri-

547 721 676 754 culum
700 732 736 756 se
760 723 934 765 coniiciat,
959 734 1003 756 ex
1028 734 1100 768 quo
1119 723 1363 768 probabiliter,
1390 725 1445 758 vel
1471 726 1578 758 etiam
1595 729 1695 765 certe,
1711 736 1747 760 se

540 783 753 825 periturum
778 789 903 817 noscat
952 808 1663 820 .............
1724 797 1743 819 >)
1774 784 1841 821 155

351 850 371 872 »
444 838 477 874 3.
502 839 588 874 Non
614 843 818 886 opponitur,
845 843 954 876 immo
980 843 1092 876 amice
1115 842 1308 877 concordat
1330 844 1406 877 iuri
1428 848 1592 885 naturae,
1625 853 1752 889 corpo-

545 901 597 933 ris
621 900 807 934 moderata
832 902 1028 945 castz'qatio,
1054 901 1103 934 ad
1128 901 1352 946 frenandam
1378 903 1704 946 concupiscentiam
1721 908 1755 937 et

543 961 661 993 animi
684 962 723 994 in
749 971 879 1006 corpus
904 963 1100 1006 imperium
1125 962 1326 1007 expeditius
1351 961 1578 1006 efficiendum
1597 988 1604 996 .
1655 989 1662 997 .
1725 975 1744 996 >>
1775 961 1841 998 156

498 1017 704 1053 Solvuntur
732 1019 962 1065 difficultates
1012 1045 1661 1055 ............
1723 1032 1742 1054 >>
1775 1021 1838 1056 ibi.

277 1077 368 1112 ΛΒΤ.
417 1077 474 1112 III.
499 1078 551 1112 De
576 1080 712 1114 iniusta
736 1081 964 1124 ayyressione
988 1080 1204 1125 repellenda.
1231 1080 1373 1126 Duplex
1399 1081 1562 1126 quaestio
1594 1105 1602 1115 .
1653 1106 1661 1114 .
1722 1092 1741 1114 ›>
1771 1079 1838 1116 158

301 1138 411 1173 PROP.
439 1138 470 1174 1.
496 1139 595 1174 Licet
617 1142 688 1174 vim
714 1142 751 1175 vi
772 1142 958 1186 repellere,
988 1152 1104 1188 usque
1128 1141 1177 1175 ad
1201 1143 1332 1175 iniusti
1354 1143 1576 1186 ayqressoris
1610 1152 1748 1185 necem,

541 1204 678 1232 servato
707 1204 825 1233 tamen
850 1199 1094 1234 moderamine
1117 1200 1324 1244 inculpatae
1350 1200 1489 1233 tutelae.
1543 1225 1550 1233 .
1601 1225 1608 1233 .
1660 1226 1667 1233 .
1728 1210 1747 1233 >>
1781 1199 1842 1234 ibi.

343 1270 362 1291 »
436 1257 469 1293 52.
495 1259 696 1302 Duellum,
722 1271 785 1294 seu
803 1261 994 1305 privatum
1019 1266 1198 1295 certamen
1214 1287 1222 1303 ,
1249 1262 1425 1294 insanum
1448 1265 1501 1293 est
1526 1264 1559 1293 et
1582 1260 1750 1294 illicitum

541 1321 620 1353 iure
644 1325 801 1354 naturae
840 1346 1666 1355 ...............
1727 1332 1747 1353 »
1777 1319 1843 1355 159

499 1378 703 1412 Solvuntur
732 1379 962 1424 difficultates
1011 1405 1665 1415 ............
1727 1391 1746 1413 >>
1776 1378 1838 1414 161

275 1436 377 1472 CAP.
411 1437 469 1472 IV.
495 1436 548 1471 DE
566 1447 709 1472 ormons
725 1447 871 1473 HOMINIS
887 1449 985 1473 ERGA
1002 1448 1112 1473 ALtoS.
1128 1438 1236 1473 Ratio
1255 1439 1481 1473 tractationis
1496 1443 1533 1473 et
1549 1438 1698 1484 pai-titio
1724 1451 1743 1472 >>
1773 1437 1841 1473 162

276 1496 367 1530 ART.
448 1495 472 1530 Ι.
499 1496 550 1530 De
575 1507 697 1530 amore
720 1497 803 1531 aliis
827 1497 951 1532 debito.
971 1496 1073 1531 Unde
1099 1498 1217 1532 oritur
1235 1516 1279 1524 —
1299 1497 1474 1532 Convenit
1505 1508 1587 1532 cum
1613 1508 1745 1539 amore,

539 1565 610 1600 quo
636 1565 703 1588 nos
734 1555 829 1600 ipsos
855 1556 1120 1601 prosequimur,
1146 1555 1324 1601 qualitate
1350 1565 1422 1589 non
1448 1555 1662 1601 quantitate.
1724 1566 1743 1588 »
1773 1553 1837 1589 163

298 1614 409 1650 PROP.
436 1613 466 1649 1.
492 1614 550 1648 Ex
575 1626 707 1658 amore,
734 1616 817 1650 aliis
839 1616 963 1659 debito,
982 1618 1151 1661 primum
1175 1617 1331 1651 resultat
1354 1621 1396 1650 ut
1411 1618 1591 1651 neminem
1619 1616 1742 1650 laeda-

541 1685 635 1716 mus,
662 1675 771 1720 idque
795 1687 838 1709 ex
863 1676 975 1721 officio
998 1676 1154 1721 perfecto
1178 1687 1242 1710 seu
1267 1676 1419 1710 iuridico
1479 1701 1486 1709 .
1536 1701 1543 1708 .
1594 1701 1601 1709 .
1651 1701 1659 1710 .
1721 1687 1740 1708 »
1770 1673 1837 1709 164

342 1746 361 1768 »
435 1734 469 1768 2.
495 1734 553 1768 Ea:
579 1735 690 1780 officio
716 1747 792 1769 non
819 1736 985 1771 laedendi
1008 1737 1099 1771 alios
1124 1738 1174 1770 ita
1192 1737 1407 1781 prohibetur
1431 1736 1672 1778 mendacium,
1699 1742 1742 1771 ut

535 1806 673 1840 semper
697 1800 731 1830 et
753 1802 890 1830 natura
915 1808 983 1831 sua
1008 1798 1055 1831 sit
1078 1798 1249 1831 illicitum
1298 1822 1661 1832 .......
1722 1809 1742 1830 >>
1771 1795 1839 1831 165

339 1864 358 1885 »
433 1851 466 1887 3.
491 1853 549 1887 Ea>
573 1864 707 1895 amore,
733 1854 816 1889 aliis
840 1855 963 1898 debito,
989 1856 1145 1890 resultat
1168 1857 1274 1889 etiam
1300 1860 1343 1889 ut
1353 1855 1524 1900 prou-imo
1543 1853 1745 1900 benefacia—

540 1923 633 1954 mus,
644 1911 753 1957 idque
760 1913 981 1958 plerumque
993 1925 1037 1948 ex
1051 1915 1164 1960 officio
1179 1914 1383 1958 imperfecto
1396 1924 1460 1947 seu
1466 1924 1563 1958 pure
1577 1913 1743 1947 morali»
1773 1910 1838 1946 167

338 1980 357 2002 >>
432 1968 463 2003 4.
493 1969 592 2007 Quae
617 1969 712 2004 dicta
737 1976 827 2005 sunt
850 1971 893 2005 de
918 1972 1041 2017 officiis
1067 1983 1152 2016 erya
1169 1973 1271 2014 alios,
1290 1977 1369 2006 tum
1387 1973 1563 2016 neyativis
1581 1977 1660 2006 tum
1673 1982 1743 2016 po-

535 2030 660 2071 sitivis,
683 2031 792 2063 etiam
818 2035 981 2074 respectu
1005 2032 1143 2065 inimici
1166 2030 1405 2075 intelliyenda
1429 2036 1545 2065 sunt.
1595 2057 1601 2064 .
1653 2056 1659 2064 .
1722 2041 1741 2063 »
1771 2029 1838 2065 168

490 2088 696 2123 Solvuntur
727 2089 956 2135 difficultates
1007 2117 1661 2126 ............
1723 2103 1742 2125 »
1772 2089 1838 2126 169

271 2146 362 2181 Am.
426 2145 468 2181 ΙΙ.
493 2146 545 2180 De
569 2148 649 2181 iure
668 2149 908 2192 proprietatis.
937 2149 1031 2191 Quid
1056 2149 1249 2185 sit—Duo
1277 2149 1457 2183 elementa
1473 2168 1516 2176 -
1532 2148 1743 2183 Dominium

537 2205 711 2240 dividitur
735 2207 774 2240 in
792 2208 992 2253 perfectum
1012 2211 1046 2242 et
1064 2209 1317 2253 imperfectum
1331 2227 1376 2234 —
1391 2207 1486 2250 Quid
1503 2207 1562 2242 hie
1579 2211 1743 2242 tractan-

535 2265 622 2298 dum
647 2256 866 2301 assumixrius
890 2293 898 2301 .
952 2292 1660 2302 .............
1722 2279 1741 2301 »
1771 2266 1835 2302 171

297 2324 406 2360 PROP.
437 2323 466 2359 1.
490 2325 556 2360 Ius
580 2325 718 2360 stabilis
737 2328 968 2373 proprietatis
991 2338 1067 2362 non
1093 2328 1211 2362 oritur
1236 2339 1280 2362 ex
1300 2332 1406 2373 pacto
1416 2351 1657 2362 .....
1720 2338 1740 2360 »
1768 2325 1836 2362 173

342 2398 361 2419 ›>
434 2385 467 2421 52.
492 2385 558 2420 Ius
582 2386 720 2420 stabilis
738 2389 971 2434 proprietatis
995 2399 1070 2423 non
1096 2390 1212 2423 oritur
1236 2399 1280 2423 ex
1307 2388 1442 2433 legibus
1466 2387 1628 2422 civilibus
1643 2414 1650 2422 .
1713 2399 1733 2422 »
1765 2386 1832 2422 174

345 2457 365 2478 >>
438 2444 471 2480 3.
497 2446 562 2480 Ius
596 2447 810 2491 acquirendi
844 2448 1007 2482 stabilem
1038 2449 1295 2494 proprietatem
1330 2448 1533 2482 immediate
1569 2449 1688 2482 oritur
1718 2459 1740 2482 a

535 2510 671 2539 natura
703 2531 1659 2542 .................
1721 2518 1741 2541 >
1771 2505 1814 2541 17
1866 2501 1882 2536 :s

342 2575 361 2597 »
435 2562 467 2597 4.
494 2564 649 2597 Factum
671 2566 951 2610 primiyeniuni,
978 2566 1077 2612 quod
1101 2568 1160 2601 ius
1182 2567 1410 2612 proprietatis
1435 2566 1664 2608 determinat,
1690 2571 1743 2600 est

536 2623 720 2658 humanae
744 2627 933 2659 activitatis
958 2627 1167 2660 exercitium
1182 2651 1657 2660 .........
1720 2637 1739 2659 >>
1770 2623 1829 2659 17”

339 2694 358 2715 »
433 2683 465 2717 5.
493 2683 560 2717 Res
584 2686 750 2729 propriae
768 2691 928 2731 possunt
952 2698 974 2720 a
985 2692 1137 2731 parente
1159 2687 1248 2732 filiis
1267 2687 1480 2721 haereditate
1497 2689 1695 2721 transmitti
1718 2699 1737 2721 »
1768 2686 1834 2722 175>

499 2744 702 2779 Solvuntur
732 2746 961 2792 difficultates
1010 2772 1657 2783 ............
1720 2761 1740 2782 »
1771 2746 1836 2782 179
