1970 3203
226 229 361 257 CAPUT
390 227 427 253 11.
450 226 502 252 DE
523 222 788 251 OPERATIONE
811 221 989 248 HUMANA
1014 218 1154 246 PROUT
1176 216 1420 244 ORDINATUR
1439 216 1480 241 IN
1504 214 1630 243 FINEM
1660 201 1710 239 57

142 305 289 356 selegit
308 318 316 352 ;
348 317 442 343 curn
471 306 618 341 contra
647 299 831 339 omnium
857 299 1059 338 bonorum
1080 297 1283 336 iacturam
1303 308 1354 334 ac
1375 299 1550 334 mortem
1570 292 1705 344 ipsam

142 367 353 421 praeferre
385 365 606 405 debuisset.
640 363 749 403 Mori
779 363 930 415 potius,
963 375 1084 414 quam
1115 359 1284 400 foedari.

193 429 393 470 Instabis.
414 430 506 468 Iure
526 426 836 466 Puffendorfius
856 425 1099 477 aequiparat
1121 430 1273 463 metum
1295 422 1526 462 violentiae.
1550 423 1713 461 Utrum-

144 505 222 546 que
252 493 361 533 enim
391 491 580 531 nascitur
609 504 662 531 ex
692 504 736 530 re
758 489 957 530 voluntati
979 488 1199 534 contraria,
1221 500 1326 539 quae
1346 487 1388 525 in
1409 486 1606 525 violentia
1626 485 1714 535 agit

147 562 190 596 ut
219 568 434 608 praesens,
465 555 507 594 in
537 560 648 595 metu
678 554 764 607 agit
792 560 836 593 ut
865 553 1015 594 futura.

197 623 246 661 R.
277 623 397 674 Neyo
421 622 671 674 paritatem.
700 621 904 661 Audiatur
934 620 974 658 S.
1006 618 1222 665 Thomas;
1256 632 1274 654 «
1307 619 1368 658 Ea
1397 631 1503 670 quae
1532 623 1712 669 aguntur

142 700 216 741 per
246 693 398 727 metum
443 692 483 727 et
510 701 583 739 per
612 686 693 726 vim
715 719 724 735 ,
756 699 838 726 non
869 686 1001 726 solum
1032 684 1226 740 differunt
1254 684 1481 723 secundum
1511 697 1713 737 praesens

144 758 183 790 et
211 751 404 800 futurum,
442 751 516 790 sed
545 749 670 790 etiam
701 750 931 790 secundum
961 749 1054 796 hoc,
1084 748 1192 800 quod
1212 748 1253 786 in
1274 760 1335 795 eo,
1357 748 1465 800 quod
1487 749 1623 800 agitur
1643 761 1716 799 per

146 814 245 863 vim,
276 812 468 854 voluntas
498 827 581 853 non
613 814 834 861 consentit,
856 814 928 853 sed
949 813 1117 853 omnino
1138 818 1200 852 est
1221 819 1367 851 contra
1388 817 1544 851 motum
1566 813 1715 851 volun-

147 878 270 926 tatis,
301 878 375 917 sed
404 876 456 925 id,
488 878 597 930 quod
626 891 698 930 per
727 884 881 918 metum
911 878 1074 930 agitur,
1105 878 1150 916 fit
1181 876 1470 923 voluntarium,
1500 875 1590 915 ideo
1621 876 1717 928 quia

83 994 89 1000 Π
147 950 286 984 motus
316 944 543 983 voluntatis
573 944 702 984 fertur
729 945 772 983 in
802 944 950 996 ipsum,
980 943 1076 983 licet
1098 956 1181 982 non
1203 948 1370 994 propter
1391 955 1435 982 se
1456 943 1530 982 sed
1550 948 1714 994 propter

146 1009 268 1058 aliud,
300 1010 460 1050 scilicet
489 1010 542 1049 ad
570 1011 850 1062 repellendum
883 1010 1037 1049 malum
1067 1009 1175 1061 quod
1196 1008 1370 1048 timetur.
1393 1008 1558 1047 Sufficit
1578 1016 1716 1048 autem

118 1105 126 1115 .
146 1072 199 1111 ad
220 1073 424 1114 rationem
446 1074 682 1123 voluntarii,
713 1075 820 1126 quod
842 1074 894 1114 sit
914 1082 1078 1126 propter
1098 1073 1208 1112 aliud
1229 1072 1411 1112 volitum.
1425 1071 1714 1111 Voluntarium

147 1137 257 1174 enim
281 1143 342 1176 est
370 1150 453 1177 non
486 1139 621 1177 solum
651 1140 759 1191 quod
789 1144 957 1191 propter
985 1138 1168 1190 seipsum
1190 1138 1383 1176 volumus
1413 1143 1455 1175 ut
1484 1137 1623 1183 finem,
1645 1135 1717 1175 sed

147 1200 271 1240 etiam
293 1202 401 1253 quod
418 1209 584 1255 propter
599 1204 710 1242 aliud
728 1204 932 1250 volumus,
950 1210 991 1241 ut
1008 1208 1174 1254 propter
1190 1201 1327 1240 finem.
1351 1201 1472 1239 Patet
1492 1212 1592 1251 ergo
1612 1198 1720 1251 quod

145 1263 188 1302 in
208 1276 269 1312 eo,
291 1266 397 1316 quod
415 1279 486 1318 per
508 1266 591 1305 vim
621 1267 768 1318 agitur,
791 1267 984 1306 voluntas
1006 1265 1174 1306 interior
1195 1265 1296 1304 nihil
1318 1264 1414 1316 agit.
1434 1265 1483 1302 Et
1507 1263 1598 1302 ideo
1623 1263 1725 1302 Gre—

145 1329 289 1380 gorius
322 1331 527 1371 Nissenus
557 1332 683 1372 dicit:
705 1356 753 1362 —
774 1333 839 1372 Ad
869 1332 1172 1372 excludendum
1202 1344 1253 1371 ea
1274 1364 1285 1377 ,
1317 1329 1423 1382 quae
1460 1342 1531 1381 per
1561 1335 1715 1367 metum

147 1400 340 1444 aguntur,
371 1395 412 1434 in
443 1396 680 1436 definitione
710 1396 878 1436 violenti
909 1409 991 1435 non
1021 1396 1157 1435 solum
1179 1394 1326 1434 dicitur
1347 1393 1455 1445 quod
1488 1392 1717 1431 violentam

147 1462 209 1497 est
235 1462 357 1499 caius
378 1461 648 1514 principium
678 1465 738 1502 est
767 1465 889 1501 extra
911 1494 920 1509 ,
951 1461 1024 1501 sed
1057 1461 1194 1512 agitur
1225 1460 1334 1499 nihil
1363 1449 1605 1509 conserente
1637 1457 1717 1495 vim

144 1535 270 1573 passo
290 1538 305 1569 ,·
335 1524 430 1575 quia
459 1525 512 1564 ad
541 1525 592 1573 id,
623 1526 731 1578 quod
758 1526 894 1577 agitur
922 1538 994 1577 per
1026 1532 1191 1572 metum,
1223 1524 1414 1562 voluntas
1449 1520 1628 1561 timentis
1650 1519 1720 1558 ali-

148 1586 243 1638 quid
270 1589 429 1628 confert
458 1592 534 1640 (1).
569 1606 586 1628 »

203 1650 332 1691 Obiic.
364 1654 415 1692 ΙΙ.
448 1654 562 1694 Sicut
591 1655 658 1707 qui
688 1654 870 1705 agitatur
899 1654 1045 1693 timore
1075 1653 1173 1692 facit
1202 1652 1254 1701 id,
1277 1653 1384 1704 quod
1412 1663 1536 1691 secus
1558 1662 1641 1688 non
1663 1648 1717 1687 fa-

145 1720 283 1763 ceret,
315 1715 372 1754 ita
400 1717 469 1769 qui
498 1718 680 1770 agitatur
708 1717 1061 1770 concupiscentia.
1094 1718 1206 1769 Ergo
1238 1717 1348 1756 sicut
1379 1715 1420 1754 in
1449 1714 1580 1766 primo
1611 1725 1714 1751 casu

147 1779 255 1819 actio
287 1788 349 1820 est
378 1783 682 1834 quodammodo
712 1783 1013 1830 involuntaria,
1044 1782 1102 1821 ita
1132 1782 1257 1822 etiam
1286 1782 1327 1820 in
1358 1781 1556 1821 secundo.

199 1843 248 1882 R.
269 1845 389 1896 Nego
404 1847 653 1898 paritatem.
671 1847 798 1887 Cuius
818 1846 1054 1897 negationis
1074 1845 1134 1884 sic
1155 1845 1259 1884 ratio
1280 1844 1461 1884 redditur
1486 1857 1511 1882 a
1534 1843 1574 1881 S.
1599 1842 1716 1880 Tho-

147 1921 227 1948 ma:
261 1926 280 1948 «
311 1913 356 1951 In
388 1926 449 1961 e0,
480 1913 548 1965 qui
576 1926 649 1966 per
676 1918 831 1952 metum
860 1911 1012 1964 aliquid
1041 1910 1139 1963 agit,
1170 1918 1310 1950 manet
1339 1907 1615 1962 repugnantia
1646 1919 1715 1945 vo-

147 1975 316 2017 luntatis
345 1979 398 2018 ad
426 1979 467 2017 id
496 1980 603 2031 quod
631 1978 778 2032 agitur,
801 1977 1028 2017 secundum
1050 1976 1158 2028 quod
1177 1976 1219 2014 in
1241 1989 1286 2016 se
1308 1975 1607 2015 consideratur.
1631 1972 1714 2011 Sed

146 2040 189 2079 in
219 2055 279 2090 eo,
311 2044 377 2095 qui
407 2046 495 2097 agit
523 2044 678 2096 aliquid
708 2057 780 2096 per
802 2042 1200 2095 concupiscentiam,
1223 2041 1330 2081 sicut
1351 2049 1414 2082 est
1433 2039 1714 2084 incontinens,

149 2119 233 2147 non
262 2116 401 2149 manet
422 2109 531 2161 prior
551 2111 758 2158 voluntas,
781 2122 862 2161 qua
883 2107 1126 2159 repudiabat
1142 2106 1241 2145 illud
1261 2108 1370 2159 quod
1391 2103 1717 2157 concupiscitur,

148 2171 220 2210 sed
248 2178 430 2212 mutatur
458 2174 511 2213 ad
540 2173 760 2214 volendum
788 2172 829 2211 id
859 2172 967 2223 quod
997 2170 1110 2223 prius
1138 2169 1394 2222 repudiabat.
1417 2170 1467 2208 Et
1491 2168 1584 2208 ideo
1604 2166 1712 2219 quod

148 2249 220 2286 per
249 2243 403 2278 metum
433 2239 580 2292 agitur,
612 2237 916 2291 quodammodo
945 2243 1008 2277 est
1035 2235 1371 2283 involuntarium;
1406 2235 1480 2273 sed
1509 2233 1616 2286 quod
1642 2244 1715 2284 per

148 2302 533 2353 concupiscentiam
563 2302 712 2355 agitur,
742 2301 853 2340 nullo
885 2300 1019 2339 modo.
1052 2300 1159 2339 Nam
1193 2299 1457 2338 incontinens
1488 2298 1529 2336 vi
1558 2309 1716 2336 concu—

101 2361 104 2364 ’
146 2366 374 2417 piscentiae
404 2369 489 2420 agit
521 2374 666 2408 contra
684 2368 726 2406 id
744 2367 853 2420 quod
873 2366 986 2418 prius
1006 2365 1275 2417 proponebat,
1297 2378 1381 2404 non
1405 2370 1546 2403 autem
1569 2372 1717 2402 contra

147 2433 187 2473 id
216 2435 324 2487 quod
355 2448 467 2474 nunc
497 2435 610 2484 vult,
645 2435 716 2475 sed
744 2432 911 2473 timidus
941 2431 1026 2483 agit
1053 2438 1202 2470 contra
1242 2431 1282 2470 id
1313 2431 1422 2483 quod
1454 2420 1584 2470 etiam⁴
1607 2440 1718 2467 nunc

148 2499 375 2538 secundum
405 2511 451 2538 se
482 2499 566 2537 vult
594 2499 668 2550 (2).
699 2513 719 2536 »

194 2629 244 2669 (i)
270 2628 423 2661 Summa
447 2629 494 2661 tlz.
520 2629 559 2660 1.·
583 2629 637 2660 2.²²⁶
666 2636 698 2668 q.
722 2626 780 2664 VI,
803 2635 831 2657 a.
857 2626 884 2657 6.
938 2619 944 2625 ’

200 2683 249 2724 (2)
274 2683 356 2715 Ibid.
384 2693 412 2715 a.
437 2684 454 2714 7
479 2683 523 2714 ad
546 2682 572 2714 2.
