1970 3203
567 210 705 237 CAPUT
734 211 757 236 1.
788 210 841 236 DE
873 209 1103 237 SOCIETATE
1133 208 1370 236 DOMESTICA
1677 197 1756 237 193

182 290 344 336 liberOS,
375 300 427 327 ex
456 285 652 338 coniugio
682 291 932 338 susceptos;
965 287 1123 334 herili,
1152 300 1259 339 quae
1289 286 1479 339 exsurgit
1508 300 1560 326 ex
1590 287 1756 327 domino

182 361 222 396 et
248 352 428 401 famulis,
459 352 630 392 adscitis
659 352 712 391 ad
741 365 870 404 opera
898 353 1165 404 praestanda,
1187 351 1430 404 parentibus
1451 357 1492 392 et
1519 352 1660 393 liberis
1680 366 1757 393 ne-

182 419 381 462 cessaria.
413 419 573 458 Harum
604 417 725 457 trium
756 418 942 458 collectio
961 418 1189 470 familiam
1228 419 1352 457 offert
1397 419 1562 470 plenam
1592 425 1632 459 et
1659 432 1756 471 per—

178 485 341 524 fectam.
373 484 429 522 Ut
459 481 583 533 igitur
611 482 722 520 hanc
752 481 1045 528 enucleemus,
1089 481 1140 520 de
1179 481 1355 533 singulis
1408 482 1620 532 partibus,
1649 483 1756 522 unde

179 551 398 597 conflatur,
428 547 653 599 separatim
683 547 902 586 dicendum
933 551 1007 594 est,
1038 559 1090 585 ea
1119 546 1343 598 deligendo
1366 560 1482 599 quae
1512 548 1675 600 proprie
1704 549 1757 587 ad

182 615 246 654 ius
275 619 451 653 naturae
480 612 686 665 pl⁰tinent
715 618 756 652 et
784 612 920 664 magis
945 611 1161 651 intersunt.

819 720 1066 757 ARTicULus
1098 718 1127 755 Ι.

681 821 748 861 De
779 822 939 860 natura
970 820 1251 861 matrimonii.

284 929 320 966 2.
351 928 452 976 Quid
479 927 800 968 matrimonium.
823 926 1138 966 Matrimonium
1159 940 1185 966 a
1207 928 1301 967 Iure
1340 940 1515 967 romano
1537 928 1753 969 definitur:

186 991 436 1030 Coniunctio
469 990 611 1030 viriet
633 991 795 1036 uxoris,
818 989 1087 1029 individuam
1110 990 1220 1030 vitae
1247 991 1597 1030 consuetudinem
1617 993 1755 1032 conti—

179 1068 282 1094 nens
315 1056 389 1106 (1).
411 1056 561 1094 Totum
581 1055 703 1103 enirn,
724 1060 926 1105 quantum
948 1060 1022 1102 est,
1045 1055 1246 1094 societate
1268 1054 1535 1094 constituitur
1565 1068 1619 1095 ex
1641 1056 1749 1096 dua-

176 1119 254 1158 bus
276 1118 468 1170 personis
499 1118 652 1158 diversi
682 1131 836 1167 sexus;
867 1131 973 1170 quae
1005 1119 1215 1157 constanti
1254 1119 1467 1159 iunctione
1486 1120 1694 1172 integrum
1717 1127 1757 1161 et

177 1182 426 1233 completum
456 1181 701 1234 principium
732 1182 964 1230 efforment,
988 1183 1133 1234 generi
1154 1183 1338 1223 humano
1364 1185 1636 1236 propagando
1657 1185 1749 1224 ido-

176 1260 313 1295 neum,
347 1247 506 1300 sibique
535 1254 676 1287 mutuo
707 1247 789 1287 sint
818 1248 986 1287 auxilio.
1019 1248 1196 1300 Sapiens
1226 1249 1337 1287 enim
1374 1263 1513 1289 rerum
1538 1256 1684 1289 auctor
1713 1259 1752 1291 et

176 1310 399 1359 ordinator,
429 1312 554 1359 Deus,
576 1311 786 1351 hominem
803 1312 861 1350 ita
888 1311 1083 1360 condidit,
1105 1318 1147 1351 ut
1170 1326 1274 1352 sexu
1299 1312 1587 1352 discriminato
1609 1314 1755 1353 eadem

175 1381 326 1415 natura
352 1375 394 1414 in
425 1375 505 1415 duo
537 1376 662 1416 veluti
691 1376 882 1416 subiecta
912 1375 1252 1427 distingueretur,
1274 1390 1382 1428 quae
1403 1377 1522 1416 iuxta
1553 1376 1680 1429 leges,
1703 1378 1755 1417 ab

177 1454 226 1480 eo
242 1441 362 1489 latas,
380 1441 434 1480 ad
454 1441 654 1481 unitatem
674 1441 855 1494 aliquam
873 1441 1207 1480 constituendam
1225 1442 1452 1481 tenderent.
1472 1443 1613 1488 Quare
1631 1443 1756 1482 etiam

177 1507 391 1559 utriusque
419 1506 633 1559 ingenium
664 1513 705 1546 et
734 1507 851 1546 dotes
880 1507 939 1546 ita
968 1506 1182 1558 disposuit,
1204 1512 1248 1545 ut
1275 1508 1466 1560 utrinque
1497 1509 1689 1548 levamen
1715 1520 1757 1549 et

178 1572 291 1611 velut
320 1572 669 1622 complementum
699 1572 870 1611 alterius
899 1571 1133 1611 haberetur.
1167 1572 1277 1611 Hinc
1307 1586 1390 1612 non
1422 1573 1544 1613 modo
1576 1587 1753 1625 suscep-

176 1639 233 1679 tio
263 1637 432 1685 sobolis,
462 1636 501 1675 vi
533 1636 651 1675 cuius
679 1637 806 1675 homo
837 1636 1152 1687 perpetuitatem
1184 1636 1408 1687 quamdam
1439 1636 1517 1676 sibi
1547 1650 1760 1688 procura—

174 1708 249 1750 ret,
280 1715 333 1742 ex
362 1701 557 1753 coniugio
583 1700 791 1753 procedit;
824 1713 968 1739 verum
998 1699 1124 1739 etiam
1155 1713 1312 1748 omnes,
1335 1707 1421 1740 tum
1443 1701 1645 1752 physicae
1667 1708 1754 1742 tum

175 1767 360 1806 morales
388 1765 665 1814 habitudines,
697 1765 846 1818 quibus
877 1764 939 1803 vir
966 1771 1037 1803 aut
1065 1764 1212 1803 mulier
1256 1771 1449 1811 ornatur,
1481 1764 1542 1804 sic
1572 1764 1679 1804 inter
1709 1780 1757 1806 se

178 1831 426 1871 harmonice
456 1831 744 1880 conciliantur,
774 1838 818 1871 ut
846 1832 956 1871 aliae
985 1830 1039 1869 ad
1069 1829 1173 1869 alias
1204 1830 1501 1881 temperandas
1544 1843 1594 1869 ac
1625 1832 1752 1882 perfi-

177 1896 348 1936 ciendas
378 1895 532 1947 optime
562 1895 792 1936 conferant.
825 1897 919 1936 Non
949 1894 1076 1947 igitur
1104 1893 1309 1933 immerito
1355 1893 1529 1942 dixeris,
1569 1894 1651 1933 hac
1682 1907 1756 1934 so-

177 1961 328 2001 cietate
356 1960 600 1999 mixtionem
632 1960 743 1999 effici
772 1960 897 2000 veluti
927 1961 1150 2013 quamdam
1181 1960 1356 1998 duarum
1387 1960 1745 2010 personalitatum,

177 2040 231 2066 ex
259 2039 341 2079 qua
369 2025 534 2077 integra
564 2026 769 2078 quaedam
797 2032 837 2064 et
866 2025 1050 2077 perfecta
1079 2024 1360 2077 personalitas
1391 2032 1604 2076 emergat,
1645 2038 1752 2076 quae

176 2091 360 2130 humano
390 2089 534 2142 generi
563 2090 640 2130 rite
669 2089 981 2140 multiplicando
1012 2088 1065 2128 sit
1093 2093 1204 2139 apta,
1235 2092 1274 2126 et
1302 2087 1457 2126 mutuis
1477 2087 1656 2139 partium
1687 2088 1754 2126 in-

180 2154 372 2208 digentiis
401 2154 505 2194 mire
536 2153 805 2193 conveniens.
829 2155 1090 2205 Quapropter
1108 2151 1185 2192 etsi
1201 2151 1386 2191 essentia
1402 2151 1584 2203 coniugii
1606 2152 1648 2190 in
1674 2152 1754 2192 hoc

179 2219 355 2271 ponitur,
391 2219 499 2271 quod
529 2232 656 2257 unum
677 2225 719 2259 et
740 2218 988 2258 indivisibile
1019 2216 1267 2269 principium
1298 2215 1576 2255 constituatur
1597 2229 1752 2268 propa-

179 2284 366 2337 gativum
386 2283 557 2322 humani
573 2283 753 2336 generis,
772 2289 912 2322 tamen
932 2282 1029 2322 finis
1049 2282 1309 2333 adaequatus
1329 2294 1412 2320 non
1429 2281 1563 2320 solam
1593 2281 1752 2321 sobolis

178 2349 486 2403 susceptionem
517 2349 591 2389 sed
619 2349 743 2390 etiam
773 2356 958 2389 mutuum
979 2347 1180 2388 auxilium
1201 2346 1424 2399 coniugum
1447 2347 1750 2399 complectitur.

733 2476 1202 2516 PROPOSITIONES.

283 2605 320 2643 3.
350 2604 603 2643 PRoposmo
622 2603 678 2642 La
696 2603 1031 2643 Matrimonium
1050 2605 1245 2657 requirit,
1264 2605 1751 2658 qaasi'fandamentam,

184 2671 380 2710 intimam
409 2671 677 2710 dilectionem
707 2673 748 2710 et
770 2671 1006 2723 perfectam
1036 2670 1267 2722 coniagyam
1298 2672 1546 2712 amicitiam.

233 2735 356 2774 Prob.
389 2736 492 2775 Cum
520 2741 605 2773 tam
637 2740 753 2774 arcta
773 2734 825 2773 sit
845 2733 1059 2774 societatis
1083 2734 1207 2774 huius
1228 2735 1439 2787 colligatio
1464 2742 1503 2776 et
1524 2737 1752 2775 humanam

181 2800 311 2841 vitam
339 2806 424 2841 tam
453 2802 535 2840 late
564 2801 859 2852 complectens,
881 2800 1018 2839 stabili
1049 2800 1271 2840 admodum
1292 2801 1561 2842 fundamento
1589 2808 1628 2841 et
1657 2813 1748 2852 spa-

227 2904 277 2945 (1)
303 2902 599 2940 Institutionum,
626 2902 682 2935 lib.
706 2903 730 2940 I,
751 2903 804 2935 tit.
829 2903 889 2934 IX.

265 2966 540 2998 LBERATORE—
554 2964 690 2997 Ethica
714 2968 748 2997 et
770 2966 835 2997 Ias
858 2968 1022 2998 naturae
1632 2966 1669 2997 13
