<?xml version="1.0" encoding="UTF-8"?>
<!DOCTYPE html PUBLIC "-//W3C//DTD XHTML 1.0 Transitional//EN"
    "http://www.w3.org/TR/xhtml1/DTD/xhtml1-transitional.dtd">
<html xmlns="http://www.w3.org/1999/xhtml" xml:lang="en" lang="en">
 <head>
  <title>
</title>
<meta http-equiv="Content-Type" content="text/html;charset=utf-8" />
  <meta name='ocr-system' content='tesseract 3.04.00' />
  <meta name='ocr-capabilities' content='ocr_page ocr_carea ocr_par ocr_line ocrx_word'/>
</head>
<body>
  <div class='ocr_page' id='page_1' title='image "./institutioneseth00libe_0150.png"; bbox 0 0 1970 3203; ppageno 0'>
   <div class='ocr_carea' id='block_1_1' title="bbox 242 161 1487 201">
    <p class='ocr_par' dir='ltr' id='par_1_1' title="bbox 242 161 1487 201">
     <span class='ocr_line' id='line_1_1' title="bbox 242 161 1487 201; baseline -0.002 0"><span class='ocrx_word' id='word_1_1' title='bbox 242 161 321 201; x_wconf 71' lang='lat'>146</span> <span class='ocrx_word' id='word_1_2' title='bbox 576 172 642 200; x_wconf 82' lang='lat' dir='ltr'>1Us</span> <span class='ocrx_word' id='word_1_3' title='bbox 672 172 874 199; x_wconf 82' lang='lat' dir='ltr'><strong>NATURAE</strong></span> <span class='ocrx_word' id='word_1_4' title='bbox 896 182 916 188; x_wconf 89' lang='lat'>·-</span> <span class='ocrx_word' id='word_1_5' title='bbox 936 172 1045 199; x_wconf 74' lang='lat' dir='ltr'>PARS</span> <span class='ocrx_word' id='word_1_6' title='bbox 1074 172 1096 198; x_wconf 89' lang='lat'>1.</span> <span class='ocrx_word' id='word_1_7' title='bbox 1129 172 1193 199; x_wconf 85' lang='lat' dir='ltr'>IUS</span> <span class='ocrx_word' id='word_1_8' title='bbox 1221 172 1487 199; x_wconf 81' lang='lat' dir='ltr'>INDlVIDUALE</span> 
     </span>
    </p>
   </div>
   <div class='ocr_carea' id='block_1_2' title="bbox 242 248 1841 2914">
    <p class='ocr_par' dir='ltr' id='par_1_2' title="bbox 242 248 1826 432">
     <span class='ocr_line' id='line_1_2' title="bbox 300 248 1824 291; baseline -0.002 0"><span class='ocrx_word' id='word_1_9' title='bbox 300 250 429 291; x_wconf 76' lang='lat' dir='ltr'>Obic‘c.</span> <span class='ocrx_word' id='word_1_10' title='bbox 462 251 513 289; x_wconf 95' lang='lat' dir='ltr'>II.</span> <span class='ocrx_word' id='word_1_11' title='bbox 547 250 828 290; x_wconf 87' lang='lat' dir='ltr'>Characteres</span> <span class='ocrx_word' id='word_1_12' title='bbox 845 248 1114 289; x_wconf 88' lang='lat' dir='ltr'>revelationis</span> <span class='ocrx_word' id='word_1_13' title='bbox 1135 249 1451 290; x_wconf 77' lang='lat' dir='ltr'>characteribus</span> <span class='ocrx_word' id='word_1_14' title='bbox 1474 249 1646 289; x_wconf 87' lang='lat' dir='ltr'>rationis</span> <span class='ocrx_word' id='word_1_15' title='bbox 1669 249 1824 289; x_wconf 89' lang='lat' dir='ltr'>adver-</span> 
     </span>
     <span class='ocr_line' id='line_1_3' title="bbox 242 311 1826 365; baseline -0.001 -11"><span class='ocrx_word' id='word_1_16' title='bbox 242 321 400 354; x_wconf 89' lang='lat' dir='ltr'>santur.</span> <span class='ocrx_word' id='word_1_17' title='bbox 433 315 539 353; x_wconf 89' lang='lat' dir='ltr'>Nam</span> <span class='ocrx_word' id='word_1_18' title='bbox 568 314 610 352; x_wconf 88' lang='lat' dir='ltr'>hi</span> <span class='ocrx_word' id='word_1_19' title='bbox 630 313 671 352; x_wconf 90' lang='lat' dir='ltr'>in</span> <span class='ocrx_word' id='word_1_20' title='bbox 693 312 896 360; x_wconf 81' lang='lat' dir='ltr'>libertate,</span> <span class='ocrx_word' id='word_1_21' title='bbox 925 311 1190 365; x_wconf 81' lang='lat' dir='ltr'>inquisitione</span> <span class='ocrx_word' id='word_1_22' title='bbox 1208 318 1247 352; x_wconf 91' lang='lat' dir='ltr'>et</span> <span class='ocrx_word' id='word_1_23' title='bbox 1268 312 1403 362; x_wconf 86' lang='lat' dir='ltr'>dubio;</span> <span class='ocrx_word' id='word_1_24' title='bbox 1425 312 1482 352; x_wconf 90' lang='lat' dir='ltr'>illi</span> <span class='ocrx_word' id='word_1_25' title='bbox 1503 313 1543 352; x_wconf 88' lang='lat' dir='ltr'>in</span> <span class='ocrx_word' id='word_1_26' title='bbox 1566 312 1826 352; x_wconf 89' lang='lat' dir='ltr'>subiectione</span> 
     </span>
     <span class='ocr_line' id='line_1_4' title="bbox 243 378 1826 432; baseline -0.001 -13"><span class='ocrx_word' id='word_1_27' title='bbox 243 380 406 428; x_wconf 89' lang='lat' dir='ltr'>mentis,</span> <span class='ocrx_word' id='word_1_28' title='bbox 422 380 464 419; x_wconf 91' lang='lat' dir='ltr'>in</span> <span class='ocrx_word' id='word_1_29' title='bbox 483 392 686 419; x_wconf 77' lang='lat' dir='ltr'>assensus</span> <span class='ocrx_word' id='word_1_30' title='bbox 703 379 938 425; x_wconf 77' lang='lat' dir='ltr'>stabilitate,</span> <span class='ocrx_word' id='word_1_31' title='bbox 957 378 998 417; x_wconf 90' lang='lat' dir='ltr'>in</span> <span class='ocrx_word' id='word_1_32' title='bbox 1013 378 1279 430; x_wconf 85' lang='lat' dir='ltr'>impositione</span> <span class='ocrx_word' id='word_1_33' title='bbox 1297 378 1536 431; x_wconf 87' lang='lat' dir='ltr'>dogmatum</span> <span class='ocrx_word' id='word_1_34' title='bbox 1554 384 1826 432; x_wconf 86' lang='lat' dir='ltr'>reponuntur.</span> 
     </span>
    </p>

    <p class='ocr_par' dir='ltr' id='par_1_3' title="bbox 243 443 1820 626">
     <span class='ocr_line' id='line_1_5' title="bbox 297 443 1819 499; baseline -0.002 -13"><span class='ocrx_word' id='word_1_35' title='bbox 297 449 347 486; x_wconf 87' lang='lat' dir='ltr'>R.</span> <span class='ocrx_word' id='word_1_36' title='bbox 377 448 498 499; x_wconf 63' lang='lat' dir='ltr'>Nego</span> <span class='ocrx_word' id='word_1_37' title='bbox 529 450 748 485; x_wconf 88' lang='lat' dir='ltr'>assertum.</span> <span class='ocrx_word' id='word_1_38' title='bbox 778 445 844 485; x_wconf 88' lang='lat' dir='ltr'>Ad</span> <span class='ocrx_word' id='word_1_39' title='bbox 875 444 989 497; x_wconf 88' lang='lat' dir='ltr'>prob.</span> <span class='ocrx_word' id='word_1_40' title='bbox 1019 443 1121 484; x_wconf 69' lang='lat' dir='ltr'>dist:</span> <span class='ocrx_word' id='word_1_41' title='bbox 1153 446 1200 484; x_wconf 90' lang='lat' dir='ltr'>In</span> <span class='ocrx_word' id='word_1_42' title='bbox 1232 444 1422 485; x_wconf 90' lang='lat' dir='ltr'>libertate</span> <span class='ocrx_word' id='word_1_43' title='bbox 1442 477 1451 494; x_wconf 92' lang='lat'>,</span> <span class='ocrx_word' id='word_1_44' title='bbox 1482 445 1749 498; x_wconf 83' lang='lat' dir='ltr'>inquisitione</span> <span class='ocrx_word' id='word_1_45' title='bbox 1779 452 1819 484; x_wconf 90' lang='lat' dir='ltr'>et</span> 
     </span>
     <span class='ocr_line' id='line_1_6' title="bbox 245 507 1820 563; baseline -0.003 -12"><span class='ocrx_word' id='word_1_46' title='bbox 245 511 367 551; x_wconf 89' lang='lat' dir='ltr'>dubio</span> <span class='ocrx_word' id='word_1_47' title='bbox 396 515 666 563; x_wconf 86' lang='lat' dir='ltr'>reponuntur,</span> <span class='ocrx_word' id='word_1_48' title='bbox 697 509 829 549; x_wconf 91' lang='lat' dir='ltr'>donec</span> <span class='ocrx_word' id='word_1_49' title='bbox 859 521 989 549; x_wconf 75' lang='lat' dir='ltr'>mens¹</span> <span class='ocrx_word' id='word_1_50' title='bbox 1007 507 1222 560; x_wconf 88' lang='lat' dir='ltr'>perveniat</span> <span class='ocrx_word' id='word_1_51' title='bbox 1251 507 1304 547; x_wconf 90' lang='lat' dir='ltr'>ad</span> <span class='ocrx_word' id='word_1_52' title='bbox 1334 507 1536 548; x_wconf 89' lang='lat' dir='ltr'>motivum</span> <span class='ocrx_word' id='word_1_53' title='bbox 1565 509 1730 547; x_wconf 90' lang='lat' dir='ltr'>firmum</span> <span class='ocrx_word' id='word_1_54' title='bbox 1752 507 1820 547; x_wconf 88' lang='lat' dir='ltr'>cui</span> 
     </span>
     <span class='ocr_line' id='line_1_7' title="bbox 243 573 1699 626; baseline -0.002 -10"><span class='ocrx_word' id='word_1_55' title='bbox 243 577 456 626; x_wconf 76' lang='lat' dir='ltr'>innitatur,</span> <span class='ocrx_word' id='word_1_56' title='bbox 488 589 608 624; x_wconf 81' lang='lat' dir='ltr'>conc‚·</span> <span class='ocrx_word' id='word_1_57' title='bbox 639 590 734 617; x_wconf 89' lang='lat' dir='ltr'>cum</span> <span class='ocrx_word' id='word_1_58' title='bbox 765 575 848 615; x_wconf 90' lang='lat' dir='ltr'>iam</span> <span class='ocrx_word' id='word_1_59' title='bbox 878 575 931 614; x_wconf 91' lang='lat' dir='ltr'>ad</span> <span class='ocrx_word' id='word_1_60' title='bbox 961 574 1042 614; x_wconf 92' lang='lat' dir='ltr'>hoc</span> <span class='ocrx_word' id='word_1_61' title='bbox 1072 573 1272 614; x_wconf 89' lang='lat' dir='ltr'>motivum</span> <span class='ocrx_word' id='word_1_62' title='bbox 1302 573 1549 626; x_wconf 89' lang='lat' dir='ltr'>pervenerit,</span> <span class='ocrx_word' id='word_1_63' title='bbox 1582 587 1699 626; x_wconf 63' lang='lat' dir='ltr'>nego.</span> 
     </span>
    </p>

    <p class='ocr_par' dir='ltr' id='par_1_4' title="bbox 242 639 1828 1075">
     <span class='ocr_line' id='line_1_8' title="bbox 297 639 1823 693; baseline -0.002 -11"><span class='ocrx_word' id='word_1_64' title='bbox 297 644 411 685; x_wconf 88' lang='lat' dir='ltr'>Inter</span> <span class='ocrx_word' id='word_1_65' title='bbox 427 642 647 684; x_wconf 82' lang='lat' dir='ltr'>Rationem</span> <span class='ocrx_word' id='word_1_66' title='bbox 669 649 709 683; x_wconf 90' lang='lat' dir='ltr'>et</span> <span class='ocrx_word' id='word_1_67' title='bbox 726 641 1042 682; x_wconf 88' lang='lat' dir='ltr'>Revelationem</span> <span class='ocrx_word' id='word_1_68' title='bbox 1064 653 1147 680; x_wconf 92' lang='lat' dir='ltr'>non</span> <span class='ocrx_word' id='word_1_69' title='bbox 1170 640 1282 693; x_wconf 86' lang='lat' dir='ltr'>viget</span> <span class='ocrx_word' id='word_1_70' title='bbox 1303 639 1520 693; x_wconf 83' lang='lat' dir='ltr'>oppositio,</span> <span class='ocrx_word' id='word_1_71' title='bbox 1539 640 1704 692; x_wconf 87' lang='lat' dir='ltr'>propria</span> <span class='ocrx_word' id='word_1_72' title='bbox 1725 653 1823 680; x_wconf 89' lang='lat' dir='ltr'>con-</span> 
     </span>
     <span class='ocr_line' id='line_1_9' title="bbox 244 705 1826 759; baseline -0.003 -9"><span class='ocrx_word' id='word_1_73' title='bbox 244 709 481 756; x_wconf 86' lang='lat' dir='ltr'>trariorum,</span> <span class='ocrx_word' id='word_1_74' title='bbox 514 709 587 749; x_wconf 92' lang='lat' dir='ltr'>sed</span> <span class='ocrx_word' id='word_1_75' title='bbox 616 713 777 749; x_wconf 90' lang='lat' dir='ltr'>tantum</span> <span class='ocrx_word' id='word_1_76' title='bbox 799 707 966 759; x_wconf 88' lang='lat' dir='ltr'>propria</span> <span class='ocrx_word' id='word_1_77' title='bbox 985 705 1343 755; x_wconf 84' lang='lat' dir='ltr'>correlativorum;</span> <span class='ocrx_word' id='word_1_78' title='bbox 1367 718 1473 759; x_wconf 85' lang='lat' dir='ltr'>quae</span> <span class='ocrx_word' id='word_1_79' title='bbox 1494 705 1665 757; x_wconf 79' lang='lat' dir='ltr'>proinde</span> <span class='ocrx_word' id='word_1_80' title='bbox 1686 719 1759 759; x_wconf 90' lang='lat' dir='ltr'>per</span> <span class='ocrx_word' id='word_1_81' title='bbox 1781 719 1826 746; x_wconf 91' lang='lat' dir='ltr'>se</span> 
     </span>
     <span class='ocr_line' id='line_1_10' title="bbox 243 769 1823 823; baseline -0.003 -10"><span class='ocrx_word' id='word_1_82' title='bbox 243 773 373 814; x_wconf 89' lang='lat' dir='ltr'>tendit</span> <span class='ocrx_word' id='word_1_83' title='bbox 402 786 486 813; x_wconf 88' lang='lat' dir='ltr'>non</span> <span class='ocrx_word' id='word_1_84' title='bbox 508 772 561 812; x_wconf 87' lang='lat' dir='ltr'>ad</span> <span class='ocrx_word' id='word_1_85' title='bbox 582 772 882 820; x_wconf 81' lang='lat' dir='ltr'>exclusionem,</span> <span class='ocrx_word' id='word_1_86' title='bbox 905 770 978 810; x_wconf 88' lang='lat' dir='ltr'>sed</span> <span class='ocrx_word' id='word_1_87' title='bbox 998 769 1136 823; x_wconf 90' lang='lat' dir='ltr'>potius</span> <span class='ocrx_word' id='word_1_88' title='bbox 1157 771 1210 810; x_wconf 89' lang='lat' dir='ltr'>ad</span> <span class='ocrx_word' id='word_1_89' title='bbox 1232 769 1569 810; x_wconf 86' lang='lat' dir='ltr'>conciliationem</span> <span class='ocrx_word' id='word_1_90' title='bbox 1591 776 1630 810; x_wconf 92' lang='lat' dir='ltr'>et</span> <span class='ocrx_word' id='word_1_91' title='bbox 1649 770 1823 809; x_wconf 78' lang='lat' dir='ltr'>harmo-</span> 
     </span>
     <span class='ocr_line' id='line_1_11' title="bbox 244 836 1827 891; baseline -0.003 -12"><span class='ocrx_word' id='word_1_92' title='bbox 244 840 368 879; x_wconf 89' lang='lat' dir='ltr'>niam.</span> <span class='ocrx_word' id='word_1_93' title='bbox 402 840 508 879; x_wconf 92' lang='lat' dir='ltr'>Nam</span> <span class='ocrx_word' id='word_1_94' title='bbox 538 837 741 891; x_wconf 88' lang='lat' dir='ltr'>oppositio</span> <span class='ocrx_word' id='word_1_95' title='bbox 771 837 877 877; x_wconf 89' lang='lat' dir='ltr'>haec</span> <span class='ocrx_word' id='word_1_96' title='bbox 907 850 990 876; x_wconf 90' lang='lat' dir='ltr'>non</span> <span class='ocrx_word' id='word_1_97' title='bbox 1021 837 1106 876; x_wconf 88' lang='lat' dir='ltr'>alia</span> <span class='ocrx_word' id='word_1_98' title='bbox 1135 842 1227 885; x_wconf 91' lang='lat' dir='ltr'>est,</span> <span class='ocrx_word' id='word_1_99' title='bbox 1257 836 1335 876; x_wconf 91' lang='lat' dir='ltr'>nisi</span> <span class='ocrx_word' id='word_1_100' title='bbox 1369 849 1445 884; x_wconf 88' lang='lat' dir='ltr'>ea,</span> <span class='ocrx_word' id='word_1_101' title='bbox 1474 849 1580 888; x_wconf 88' lang='lat' dir='ltr'>quae</span> <span class='ocrx_word' id='word_1_102' title='bbox 1609 836 1827 877; x_wconf 79' lang='lat' dir='ltr'>intercedit</span> 
     </span>
     <span class='ocr_line' id='line_1_12' title="bbox 242 899 1823 954; baseline -0.003 -11"><span class='ocrx_word' id='word_1_103' title='bbox 242 903 350 943; x_wconf 89' lang='lat' dir='ltr'>inter</span> <span class='ocrx_word' id='word_1_104' title='bbox 370 902 603 942; x_wconf 89' lang='lat' dir='ltr'>subiectum</span> <span class='ocrx_word' id='word_1_105' title='bbox 625 901 925 954; x_wconf 88' lang='lat' dir='ltr'>perficiendum</span> <span class='ocrx_word' id='word_1_106' title='bbox 947 906 986 941; x_wconf 91' lang='lat' dir='ltr'>et</span> <span class='ocrx_word' id='word_1_107' title='bbox 1008 900 1215 940; x_wconf 89' lang='lat' dir='ltr'>obiectum</span> <span class='ocrx_word' id='word_1_108' title='bbox 1235 900 1457 952; x_wconf 90' lang='lat' dir='ltr'>perficiens</span> <span class='ocrx_word' id='word_1_109' title='bbox 1477 913 1484 940; x_wconf 92' lang='lat'>:</span> <span class='ocrx_word' id='word_1_110' title='bbox 1502 913 1620 952; x_wconf 89' lang='lat' dir='ltr'>quae,</span> <span class='ocrx_word' id='word_1_111' title='bbox 1643 906 1687 939; x_wconf 84' lang='lat' dir='ltr'>ut</span> <span class='ocrx_word' id='word_1_112' title='bbox 1707 899 1823 950; x_wconf 90' lang='lat' dir='ltr'>quis-</span> 
     </span>
     <span class='ocr_line' id='line_1_13' title="bbox 245 966 1828 1022; baseline -0.003 -13"><span class='ocrx_word' id='word_1_113' title='bbox 245 982 324 1022; x_wconf 92' lang='lat' dir='ltr'>que</span> <span class='ocrx_word' id='word_1_114' title='bbox 354 968 494 1017; x_wconf 84' lang='lat' dir='ltr'>videt,</span> <span class='ocrx_word' id='word_1_115' title='bbox 525 973 667 1007; x_wconf 90' lang='lat' dir='ltr'>mutuo</span> <span class='ocrx_word' id='word_1_116' title='bbox 698 981 782 1007; x_wconf 90' lang='lat' dir='ltr'>non</span> <span class='ocrx_word' id='word_1_117' title='bbox 808 973 1018 1020; x_wconf 84' lang='lat' dir='ltr'>pugnant,</span> <span class='ocrx_word' id='word_1_118' title='bbox 1053 967 1127 1007; x_wconf 90' lang='lat' dir='ltr'>sed</span> <span class='ocrx_word' id='word_1_119' title='bbox 1157 973 1306 1007; x_wconf 84' lang='lat' dir='ltr'>contra</span> <span class='ocrx_word' id='word_1_120' title='bbox 1335 973 1478 1019; x_wconf 90' lang='lat' dir='ltr'>petunt</span> <span class='ocrx_word' id='word_1_121' title='bbox 1505 980 1551 1006; x_wconf 90' lang='lat' dir='ltr'>se</span> <span class='ocrx_word' id='word_1_122' title='bbox 1580 966 1761 1006; x_wconf 88' lang='lat' dir='ltr'>invicem</span> <span class='ocrx_word' id='word_1_123' title='bbox 1788 971 1828 1006; x_wconf 93' lang='lat' dir='ltr'>et</span> 
     </span>
     <span class='ocr_line' id='line_1_14' title="bbox 247 1034 837 1075; baseline -0.005 0"><span class='ocrx_word' id='word_1_124' title='bbox 247 1035 384 1075; x_wconf 87' lang='lat' dir='ltr'>amico</span> <span class='ocrx_word' id='word_1_125' title='bbox 416 1034 582 1074; x_wconf 83' lang='lat' dir='ltr'>foedere</span> <span class='ocrx_word' id='word_1_126' title='bbox 612 1034 837 1074; x_wconf 88' lang='lat' dir='ltr'>sociantur.</span> 
     </span>
    </p>

    <p class='ocr_par' dir='ltr' id='par_1_5' title="bbox 242 1098 1836 2130">
     <span class='ocr_line' id='line_1_15' title="bbox 297 1098 1825 1152; baseline -0.003 -11"><span class='ocrx_word' id='word_1_127' title='bbox 297 1101 490 1141; x_wconf 80' lang='lat' dir='ltr'>Profecto</span> <span class='ocrx_word' id='word_1_128' title='bbox 508 1100 613 1140; x_wconf 89' lang='lat' dir='ltr'>ratio</span> <span class='ocrx_word' id='word_1_129' title='bbox 635 1113 729 1139; x_wconf 89' lang='lat' dir='ltr'>cum</span> <span class='ocrx_word' id='word_1_130' title='bbox 746 1100 798 1139; x_wconf 91' lang='lat' dir='ltr'>sit</span> <span class='ocrx_word' id='word_1_131' title='bbox 818 1101 858 1139; x_wconf 87' lang='lat' dir='ltr'>in</span> <span class='ocrx_word' id='word_1_132' title='bbox 881 1100 1066 1152; x_wconf 83' lang='lat' dir='ltr'>potentia</span> <span class='ocrx_word' id='word_1_133' title='bbox 1087 1106 1280 1152; x_wconf 90' lang='lat' dir='ltr'>respectu</span> <span class='ocrx_word' id='word_1_134' title='bbox 1298 1099 1497 1147; x_wconf 86' lang='lat' dir='ltr'>veritatis,</span> <span class='ocrx_word' id='word_1_135' title='bbox 1518 1099 1570 1138; x_wconf 91' lang='lat' dir='ltr'>ad</span> <span class='ocrx_word' id='word_1_136' title='bbox 1593 1098 1682 1138; x_wconf 92' lang='lat' dir='ltr'>eius</span> <span class='ocrx_word' id='word_1_137' title='bbox 1696 1098 1825 1151; x_wconf 91' lang='lat' dir='ltr'>inqui-</span> 
     </span>
     <span class='ocr_line' id='line_1_16' title="bbox 245 1165 1827 1218; baseline -0.001 -11"><span class='ocrx_word' id='word_1_138' title='bbox 245 1167 439 1208; x_wconf 90' lang='lat' dir='ltr'>sitionem</span> <span class='ocrx_word' id='word_1_139' title='bbox 457 1166 636 1206; x_wconf 90' lang='lat' dir='ltr'>naturali</span> <span class='ocrx_word' id='word_1_140' title='bbox 653 1166 820 1206; x_wconf 89' lang='lat' dir='ltr'>stimulo</span> <span class='ocrx_word' id='word_1_141' title='bbox 838 1166 1048 1207; x_wconf 84' lang='lat' dir='ltr'>incitatur.</span> <span class='ocrx_word' id='word_1_142' title='bbox 1067 1168 1266 1218; x_wconf 85' lang='lat' dir='ltr'>Itemque,</span> <span class='ocrx_word' id='word_1_143' title='bbox 1285 1179 1379 1205; x_wconf 87' lang='lat' dir='ltr'>cum</span> <span class='ocrx_word' id='word_1_144' title='bbox 1398 1179 1471 1218; x_wconf 89' lang='lat' dir='ltr'>pro</span> <span class='ocrx_word' id='word_1_145' title='bbox 1490 1165 1651 1205; x_wconf 89' lang='lat' dir='ltr'>obiecto</span> <span class='ocrx_word' id='word_1_146' title='bbox 1673 1165 1827 1205; x_wconf 84' lang='lat' dir='ltr'>habeat</span> 
     </span>
     <span class='ocr_line' id='line_1_17' title="bbox 243 1230 1832 1284; baseline -0.003 -10"><span class='ocrx_word' id='word_1_147' title='bbox 243 1247 388 1274; x_wconf 87' lang='lat' dir='ltr'>verum</span> <span class='ocrx_word' id='word_1_148' title='bbox 419 1233 713 1273; x_wconf 88' lang='lat' dir='ltr'>universaliter</span> <span class='ocrx_word' id='word_1_149' title='bbox 742 1238 975 1284; x_wconf 87' lang='lat' dir='ltr'>acceptum,</span> <span class='ocrx_word' id='word_1_150' title='bbox 999 1237 1081 1271; x_wconf 82' lang='lat' dir='ltr'>vim</span> <span class='ocrx_word' id='word_1_151' title='bbox 1103 1231 1286 1284; x_wconf 85' lang='lat' dir='ltr'>possidet</span> <span class='ocrx_word' id='word_1_152' title='bbox 1308 1244 1353 1271; x_wconf 89' lang='lat' dir='ltr'>se</span> <span class='ocrx_word' id='word_1_153' title='bbox 1371 1230 1587 1284; x_wconf 88' lang='lat' dir='ltr'>torquendi</span> <span class='ocrx_word' id='word_1_154' title='bbox 1609 1231 1662 1270; x_wconf 92' lang='lat' dir='ltr'>ad</span> <span class='ocrx_word' id='word_1_155' title='bbox 1682 1245 1832 1284; x_wconf 90' lang='lat' dir='ltr'>quam-</span> 
     </span>
     <span class='ocr_line' id='line_1_18' title="bbox 242 1294 1831 1349; baseline -0.001 -13"><span class='ocrx_word' id='word_1_156' title='bbox 242 1297 340 1337; x_wconf 91' lang='lat' dir='ltr'>libet</span> <span class='ocrx_word' id='word_1_157' title='bbox 367 1296 620 1349; x_wconf 78' lang='lat' dir='ltr'>peculiarem</span> <span class='ocrx_word' id='word_1_158' title='bbox 651 1295 868 1336; x_wconf 88' lang='lat' dir='ltr'>veritatem</span> <span class='ocrx_word' id='word_1_159' title='bbox 897 1295 1249 1347; x_wconf 84' lang='lat' dir='ltr'>investigandam.</span> <span class='ocrx_word' id='word_1_160' title='bbox 1294 1296 1396 1334; x_wconf 85' lang='lat' dir='ltr'>Cum</span> <span class='ocrx_word' id='word_1_161' title='bbox 1427 1301 1568 1335; x_wconf 88' lang='lat' dir='ltr'>autem</span> <span class='ocrx_word' id='word_1_162' title='bbox 1599 1294 1831 1334; x_wconf 87' lang='lat' dir='ltr'>reflexione</span> 
     </span>
     <span class='ocr_line' id='line_1_19' title="bbox 246 1361 1831 1413; baseline -0.003 -9"><span class='ocrx_word' id='word_1_163' title='bbox 246 1368 436 1412; x_wconf 86' lang='lat' dir='ltr'>ornetur,</span> <span class='ocrx_word' id='word_1_164' title='bbox 467 1362 506 1402; x_wconf 86' lang='lat' dir='ltr'>vi</span> <span class='ocrx_word' id='word_1_165' title='bbox 535 1361 753 1403; x_wconf 87' lang='lat' dir='ltr'>instruitur</span> <span class='ocrx_word' id='word_1_166' title='bbox 782 1361 1023 1403; x_wconf 84' lang='lat' dir='ltr'>excutiendi</span> <span class='ocrx_word' id='word_1_167' title='bbox 1053 1375 1079 1401; x_wconf 90' lang='lat' dir='ltr'>a</span> <span class='ocrx_word' id='word_1_168' title='bbox 1110 1375 1156 1401; x_wconf 91' lang='lat' dir='ltr'>se</span> <span class='ocrx_word' id='word_1_169' title='bbox 1185 1361 1389 1410; x_wconf 88' lang='lat' dir='ltr'>notiones,</span> <span class='ocrx_word' id='word_1_170' title='bbox 1411 1361 1561 1413; x_wconf 86' lang='lat' dir='ltr'>quibus</span> <span class='ocrx_word' id='word_1_171' title='bbox 1590 1361 1682 1401; x_wconf 87' lang='lat' dir='ltr'>sine</span> <span class='ocrx_word' id='word_1_172' title='bbox 1712 1361 1831 1400; x_wconf 89' lang='lat' dir='ltr'>suffi-</span> 
     </span>
     <span class='ocr_line' id='line_1_20' title="bbox 247 1424 1822 1473; baseline -0.002 -6"><span class='ocrx_word' id='word_1_173' title='bbox 247 1425 373 1467; x_wconf 88' lang='lat' dir='ltr'>cienti</span> <span class='ocrx_word' id='word_1_174' title='bbox 403 1426 672 1466; x_wconf 85' lang='lat' dir='ltr'>fundamento</span> <span class='ocrx_word' id='word_1_175' title='bbox 703 1426 906 1466; x_wconf 85' lang='lat' dir='ltr'>adhaesit.</span> <span class='ocrx_word' id='word_1_176' title='bbox 938 1427 984 1464; x_wconf 90' lang='lat' dir='ltr'>In</span> <span class='ocrx_word' id='word_1_177' title='bbox 1012 1426 1093 1465; x_wconf 85' lang='lat' dir='ltr'>hoc</span> <span class='ocrx_word' id='word_1_178' title='bbox 1124 1431 1284 1465; x_wconf 85' lang='lat' dir='ltr'>tantum</span> <span class='ocrx_word' id='word_1_179' title='bbox 1316 1425 1405 1464; x_wconf 90' lang='lat' dir='ltr'>eius</span> <span class='ocrx_word' id='word_1_180' title='bbox 1434 1424 1606 1465; x_wconf 88' lang='lat' dir='ltr'>libertas</span> <span class='ocrx_word' id='word_1_181' title='bbox 1636 1424 1717 1464; x_wconf 90' lang='lat' dir='ltr'>sita</span> <span class='ocrx_word' id='word_1_182' title='bbox 1746 1430 1822 1473; x_wconf 84' lang='lat' dir='ltr'>est,</span> 
     </span>
     <span class='ocr_line' id='line_1_21' title="bbox 244 1489 1823 1542; baseline -0.001 -12"><span class='ocrx_word' id='word_1_183' title='bbox 244 1504 328 1530; x_wconf 89' lang='lat' dir='ltr'>non</span> <span class='ocrx_word' id='word_1_184' title='bbox 349 1497 486 1529; x_wconf 91' lang='lat' dir='ltr'>autem</span> <span class='ocrx_word' id='word_1_185' title='bbox 508 1489 551 1528; x_wconf 91' lang='lat' dir='ltr'>in</span> <span class='ocrx_word' id='word_1_186' title='bbox 573 1503 621 1529; x_wconf 89' lang='lat' dir='ltr'>eo</span> <span class='ocrx_word' id='word_1_187' title='bbox 644 1490 754 1542; x_wconf 88' lang='lat' dir='ltr'>quod</span> <span class='ocrx_word' id='word_1_188' title='bbox 776 1489 899 1530; x_wconf 90' lang='lat' dir='ltr'>nullis</span> <span class='ocrx_word' id='word_1_189' title='bbox 922 1489 1087 1542; x_wconf 88' lang='lat' dir='ltr'>legibus</span> <span class='ocrx_word' id='word_1_190' title='bbox 1108 1495 1312 1529; x_wconf 88' lang='lat' dir='ltr'>teneatur.</span> <span class='ocrx_word' id='word_1_191' title='bbox 1335 1489 1560 1530; x_wconf 86' lang='lat' dir='ltr'>Evidenter</span> <span class='ocrx_word' id='word_1_192' title='bbox 1581 1489 1693 1529; x_wconf 90' lang='lat' dir='ltr'>enim</span> <span class='ocrx_word' id='word_1_193' title='bbox 1714 1503 1740 1528; x_wconf 90' lang='lat' dir='ltr'>a</span> <span class='ocrx_word' id='word_1_194' title='bbox 1761 1490 1823 1529; x_wconf 93' lang='lat' dir='ltr'>le-</span> 
     </span>
     <span class='ocr_line' id='line_1_22' title="bbox 245 1552 1834 1607; baseline 0 -14"><span class='ocrx_word' id='word_1_195' title='bbox 245 1554 379 1607; x_wconf 84' lang='lat' dir='ltr'>gibus,</span> <span class='ocrx_word' id='word_1_196' title='bbox 403 1552 703 1605; x_wconf 86' lang='lat' dir='ltr'>intelligentiae</span> <span class='ocrx_word' id='word_1_197' title='bbox 724 1553 913 1605; x_wconf 89' lang='lat' dir='ltr'>propriis,</span> <span class='ocrx_word' id='word_1_198' title='bbox 937 1567 1019 1593; x_wconf 88' lang='grc'>11011</span> <span class='ocrx_word' id='word_1_199' title='bbox 1041 1553 1249 1601; x_wconf 79' lang='lat' dir='ltr'>eximitur,</span> <span class='ocrx_word' id='word_1_200' title='bbox 1268 1560 1308 1593; x_wconf 92' lang='lat' dir='ltr'>et</span> <span class='ocrx_word' id='word_1_201' title='bbox 1328 1553 1515 1594; x_wconf 87' lang='lat' dir='ltr'>veritatis</span> <span class='ocrx_word' id='word_1_202' title='bbox 1534 1553 1707 1606; x_wconf 90' lang='lat' dir='ltr'>imperio</span> <span class='ocrx_word' id='word_1_203' title='bbox 1729 1553 1834 1593; x_wconf 84' lang='lat' dir='ltr'>sub·</span> 
     </span>
     <span class='ocr_line' id='line_1_23' title="bbox 244 1619 1830 1672; baseline -0.001 -12"><span class='ocrx_word' id='word_1_204' title='bbox 244 1621 366 1660; x_wconf 89' lang='lat' dir='ltr'>iacet.</span> <span class='ocrx_word' id='word_1_205' title='bbox 399 1619 507 1659; x_wconf 91' lang='lat' dir='ltr'>Hinc</span> <span class='ocrx_word' id='word_1_206' title='bbox 538 1620 584 1658; x_wconf 89' lang='lat' dir='ltr'>fit</span> <span class='ocrx_word' id='word_1_207' title='bbox 613 1625 656 1658; x_wconf 89' lang='lat' dir='ltr'>ut</span> <span class='ocrx_word' id='word_1_208' title='bbox 686 1619 853 1658; x_wconf 89' lang='lat' dir='ltr'>dubium</span> <span class='ocrx_word' id='word_1_209' title='bbox 884 1632 967 1659; x_wconf 90' lang='lat' dir='ltr'>non</span> <span class='ocrx_word' id='word_1_210' title='bbox 996 1619 1234 1660; x_wconf 89' lang='lat' dir='ltr'>absolutum</span> <span class='ocrx_word' id='word_1_211' title='bbox 1264 1619 1300 1659; x_wconf 92' lang='lat' dir='ltr'>ei</span> <span class='ocrx_word' id='word_1_212' title='bbox 1331 1626 1566 1672; x_wconf 88' lang='lat' dir='ltr'>competat,</span> <span class='ocrx_word' id='word_1_213' title='bbox 1613 1620 1686 1659; x_wconf 88' lang='lat' dir='ltr'>sed</span> <span class='ocrx_word' id='word_1_214' title='bbox 1715 1620 1830 1660; x_wconf 88' lang='lat' dir='ltr'>rela—</span> 
     </span>
     <span class='ocr_line' id='line_1_24' title="bbox 247 1682 1834 1735; baseline -0.001 -12"><span class='ocrx_word' id='word_1_215' title='bbox 247 1684 401 1733; x_wconf 80' lang='lat' dir='ltr'>tivum3</span> <span class='ocrx_word' id='word_1_216' title='bbox 441 1683 578 1735; x_wconf 88' lang='lat' dir='ltr'>quoad</span> <span class='ocrx_word' id='word_1_217' title='bbox 607 1683 677 1721; x_wconf 88' lang='lat' dir='ltr'>illa</span> <span class='ocrx_word' id='word_1_218' title='bbox 707 1683 902 1722; x_wconf 89' lang='lat' dir='ltr'>nimirum</span> <span class='ocrx_word' id='word_1_219' title='bbox 933 1682 1113 1730; x_wconf 85' lang='lat' dir='ltr'>obiecta,</span> <span class='ocrx_word' id='word_1_220' title='bbox 1145 1696 1251 1735; x_wconf 89' lang='lat' dir='ltr'>quae</span> <span class='ocrx_word' id='word_1_221' title='bbox 1282 1683 1419 1724; x_wconf 86' lang='lat' dir='ltr'>stabili</span> <span class='ocrx_word' id='word_1_222' title='bbox 1449 1683 1604 1722; x_wconf 90' lang='lat' dir='ltr'>motivo</span> <span class='ocrx_word' id='word_1_223' title='bbox 1636 1683 1834 1724; x_wconf 87' lang='lat' dir='ltr'>destituta</span> 
     </span>
     <span class='ocr_line' id='line_1_25' title="bbox 247 1749 1829 1798; baseline -0.001 -8"><span class='ocrx_word' id='word_1_224' title='bbox 247 1752 489 1791; x_wconf 87' lang='lat' dir='ltr'>offeruntur.</span> <span class='ocrx_word' id='word_1_225' title='bbox 523 1750 680 1788; x_wconf 77' lang='lat' dir='ltr'>Contra</span> <span class='ocrx_word' id='word_1_226' title='bbox 706 1749 933 1797; x_wconf 86' lang='lat' dir='ltr'>Revelatio‚</span> <span class='ocrx_word' id='word_1_227' title='bbox 952 1762 1046 1789; x_wconf 87' lang='lat' dir='ltr'>cum</span> <span class='ocrx_word' id='word_1_228' title='bbox 1069 1749 1121 1788; x_wconf 90' lang='lat' dir='ltr'>sit</span> <span class='ocrx_word' id='word_1_229' title='bbox 1143 1749 1332 1789; x_wconf 88' lang='lat' dir='ltr'>veritatis</span> <span class='ocrx_word' id='word_1_230' title='bbox 1355 1749 1648 1798; x_wconf 88' lang='lat' dir='ltr'>manifestatio,</span> <span class='ocrx_word' id='word_1_231' title='bbox 1671 1750 1829 1789; x_wconf 89' lang='lat' dir='ltr'>chara—</span> 
     </span>
     <span class='ocr_line' id='line_1_26' title="bbox 248 1815 1827 1868; baseline -0.002 -11"><span class='ocrx_word' id='word_1_232' title='bbox 248 1816 429 1857; x_wconf 86' lang='lat' dir='ltr'>cteribus</span> <span class='ocrx_word' id='word_1_233' title='bbox 459 1815 694 1868; x_wconf 78' lang='lat' dir='ltr'>insignitur,</span> <span class='ocrx_word' id='word_1_234' title='bbox 725 1815 792 1868; x_wconf 88' lang='lat' dir='ltr'>qui</span> <span class='ocrx_word' id='word_1_235' title='bbox 824 1815 986 1855; x_wconf 86' lang='lat' dir='ltr'>veritati</span> <span class='ocrx_word' id='word_1_236' title='bbox 1018 1822 1271 1868; x_wconf 88' lang='lat' dir='ltr'>competunt.</span> <span class='ocrx_word' id='word_1_237' title='bbox 1302 1815 1357 1854; x_wconf 90' lang='lat' dir='ltr'>Hi</span> <span class='ocrx_word' id='word_1_238' title='bbox 1386 1823 1499 1856; x_wconf 90' lang='lat' dir='ltr'>certe</span> <span class='ocrx_word' id='word_1_239' title='bbox 1520 1823 1617 1854; x_wconf 88' lang='lat' dir='ltr'>sunt</span> <span class='ocrx_word' id='word_1_240' title='bbox 1636 1815 1827 1856; x_wconf 87' lang='lat' dir='ltr'>notitiam</span> 
     </span>
     <span class='ocr_line' id='line_1_27' title="bbox 246 1877 1836 1932; baseline -0.001 -12"><span class='ocrx_word' id='word_1_241' title='bbox 246 1880 311 1920; x_wconf 88' lang='lat' dir='ltr'>sui</span> <span class='ocrx_word' id='word_1_242' title='bbox 341 1879 553 1932; x_wconf 86' lang='lat' dir='ltr'>praebere,</span> <span class='ocrx_word' id='word_1_243' title='bbox 584 1892 806 1919; x_wconf 87' lang='lat' dir='ltr'>assensum</span> <span class='ocrx_word' id='word_1_244' title='bbox 836 1878 1068 1931; x_wconf 76' lang='lat' dir='ltr'>exquirere,</span> <span class='ocrx_word' id='word_1_245' title='bbox 1098 1877 1305 1930; x_wconf 84' lang='lat' dir='ltr'>imperare</span> <span class='ocrx_word' id='word_1_246' title='bbox 1327 1879 1548 1919; x_wconf 89' lang='lat' dir='ltr'>mentibus.</span> <span class='ocrx_word' id='word_1_247' title='bbox 1571 1880 1764 1919; x_wconf 89' lang='lat' dir='ltr'>Iamvero</span> <span class='ocrx_word' id='word_1_248' title='bbox 1781 1880 1836 1919; x_wconf 89' lang='lat' dir='ltr'>ad</span> 
     </span>
     <span class='ocr_line' id='line_1_28' title="bbox 246 1945 1830 1998; baseline -0.001 -10"><span class='ocrx_word' id='word_1_249' title='bbox 246 1949 325 1988; x_wconf 91' lang='lat' dir='ltr'>hos</span> <span class='ocrx_word' id='word_1_250' title='bbox 355 1946 543 1986; x_wconf 86' lang='lat' dir='ltr'>veritatis</span> <span class='ocrx_word' id='word_1_251' title='bbox 573 1946 845 1985; x_wconf 85' lang='lat' dir='ltr'>characteres</span> <span class='ocrx_word' id='word_1_252' title='bbox 874 1945 1131 1985; x_wconf 88' lang='lat' dir='ltr'>reducuntur</span> <span class='ocrx_word' id='word_1_253' title='bbox 1159 1945 1403 1994; x_wconf 83' lang='lat' dir='ltr'>auctoritas,</span> <span class='ocrx_word' id='word_1_254' title='bbox 1436 1946 1678 1998; x_wconf 88' lang='lat' dir='ltr'>dogmatum</span> <span class='ocrx_word' id='word_1_255' title='bbox 1694 1946 1830 1998; x_wconf 89' lang='lat' dir='ltr'>impo-</span> 
     </span>
     <span class='ocr_line' id='line_1_29' title="bbox 248 2010 1825 2064; baseline -0.001 -11"><span class='ocrx_word' id='word_1_256' title='bbox 248 2013 354 2061; x_wconf 88' lang='lat' dir='ltr'>sitio,</span> <span class='ocrx_word' id='word_1_257' title='bbox 384 2012 499 2052; x_wconf 89' lang='lat' dir='ltr'>fides.</span> <span class='ocrx_word' id='word_1_258' title='bbox 531 2013 642 2064; x_wconf 90' lang='lat' dir='ltr'>Ergo</span> <span class='ocrx_word' id='word_1_259' title='bbox 673 2012 739 2051; x_wconf 90' lang='lat' dir='ltr'>vel</span> <span class='ocrx_word' id='word_1_260' title='bbox 767 2012 871 2051; x_wconf 88' lang='lat' dir='ltr'>ratio</span> <span class='ocrx_word' id='word_1_261' title='bbox 902 2025 985 2050; x_wconf 90' lang='lat' dir='ltr'>non</span> <span class='ocrx_word' id='word_1_262' title='bbox 1016 2011 1069 2050; x_wconf 85' lang='lat' dir='ltr'>ad</span> <span class='ocrx_word' id='word_1_263' title='bbox 1100 2010 1315 2051; x_wconf 87' lang='lat' dir='ltr'>veritatem</span> <span class='ocrx_word' id='word_1_264' title='bbox 1338 2011 1519 2050; x_wconf 88' lang='lat' dir='ltr'>ordinari</span> <span class='ocrx_word' id='word_1_265' title='bbox 1541 2011 1718 2052; x_wconf 89' lang='lat' dir='ltr'>dicenda</span> <span class='ocrx_word' id='word_1_266' title='bbox 1739 2011 1825 2061; x_wconf 82' lang='lat' dir='ltr'>est;</span> 
     </span>
     <span class='ocr_line' id='line_1_30' title="bbox 250 2078 1338 2130; baseline -0.002 -10"><span class='ocrx_word' id='word_1_267' title='bbox 250 2082 315 2120; x_wconf 83' lang='lat' dir='ltr'>vel</span> <span class='ocrx_word' id='word_1_268' title='bbox 347 2078 632 2120; x_wconf 85' lang='lat' dir='ltr'>Revelationis</span> <span class='ocrx_word' id='word_1_269' title='bbox 663 2078 981 2118; x_wconf 81' lang='lat' dir='ltr'>characteribus</span> <span class='ocrx_word' id='word_1_270' title='bbox 1011 2091 1091 2117; x_wconf 88' lang='lat' dir='ltr'>non</span> <span class='ocrx_word' id='word_1_271' title='bbox 1121 2083 1338 2130; x_wconf 85' lang='lat' dir='ltr'>repugnat.</span> 
     </span>
    </p>

    <p class='ocr_par' dir='ltr' id='par_1_6' title="bbox 248 2142 1841 2914">
     <span class='ocr_line' id='line_1_31' title="bbox 304 2142 1830 2194; baseline -0.001 -10"><span class='ocrx_word' id='word_1_272' title='bbox 304 2146 356 2184; x_wconf 89' lang='lat' dir='ltr'>Et</span> <span class='ocrx_word' id='word_1_273' title='bbox 385 2157 501 2192; x_wconf 88' lang='lat' dir='ltr'>sane,</span> <span class='ocrx_word' id='word_1_274' title='bbox 523 2143 737 2191; x_wconf 83' lang='lat' dir='ltr'>revelatio,</span> <span class='ocrx_word' id='word_1_275' title='bbox 768 2156 862 2182; x_wconf 87' lang='lat' dir='ltr'>cum</span> <span class='ocrx_word' id='word_1_276' title='bbox 884 2156 909 2182; x_wconf 93' lang='lat' dir='ltr'>a</span> <span class='ocrx_word' id='word_1_277' title='bbox 930 2143 1017 2182; x_wconf 90' lang='lat' dir='ltr'>Deo</span> <span class='ocrx_word' id='word_1_278' title='bbox 1040 2143 1240 2194; x_wconf 88' lang='lat' dir='ltr'>procedat</span> <span class='ocrx_word' id='word_1_279' title='bbox 1269 2148 1309 2182; x_wconf 92' lang='lat' dir='ltr'>et</span> <span class='ocrx_word' id='word_1_280' title='bbox 1329 2142 1495 2182; x_wconf 87' lang='lat' dir='ltr'>nomine</span> <span class='ocrx_word' id='word_1_281' title='bbox 1518 2142 1593 2182; x_wconf 92' lang='lat' dir='ltr'>Dei</span> <span class='ocrx_word' id='word_1_282' title='bbox 1613 2155 1690 2181; x_wconf 95' lang='grc'>1105</span> <span class='ocrx_word' id='word_1_283' title='bbox 1721 2143 1830 2182; x_wconf 89' lang='lat' dir='ltr'>allo-</span> 
     </span>
     <span class='ocr_line' id='line_1_32' title="bbox 256 2206 1836 2264; baseline -0.003 -13"><span class='ocrx_word' id='word_1_284' title='bbox 256 2218 416 2264; x_wconf 87' lang='lat' dir='ltr'>quatur,</span> <span class='ocrx_word' id='word_1_285' title='bbox 437 2209 524 2249; x_wconf 91' lang='lat' dir='ltr'>iure</span> <span class='ocrx_word' id='word_1_286' title='bbox 546 2208 621 2248; x_wconf 86' lang='lat' dir='ltr'>sibi</span> <span class='ocrx_word' id='word_1_287' title='bbox 641 2208 824 2248; x_wconf 86' lang='lat' dir='ltr'>vindicat</span> <span class='ocrx_word' id='word_1_288' title='bbox 847 2214 890 2248; x_wconf 92' lang='lat' dir='ltr'>ut</span> <span class='ocrx_word' id='word_1_289' title='bbox 911 2207 1229 2259; x_wconf 83' lang='lat' dir='ltr'>intelligentiam</span> <span class='ocrx_word' id='word_1_290' title='bbox 1252 2212 1438 2247; x_wconf 90' lang='lat' dir='ltr'>nostram</span> <span class='ocrx_word' id='word_1_291' title='bbox 1462 2207 1540 2247; x_wconf 90' lang='lat' dir='ltr'>sibi</span> <span class='ocrx_word' id='word_1_292' title='bbox 1561 2206 1775 2247; x_wconf 87' lang='lat' dir='ltr'>submittat</span> <span class='ocrx_word' id='word_1_293' title='bbox 1796 2212 1836 2247; x_wconf 88' lang='lat' dir='ltr'>et</span> 
     </span>
     <span class='ocr_line' id='line_1_33' title="bbox 250 2272 1836 2327; baseline -0.001 -11"><span class='ocrx_word' id='word_1_294' title='bbox 250 2277 303 2316; x_wconf 86' lang='lat' dir='ltr'>ad</span> <span class='ocrx_word' id='word_1_295' title='bbox 319 2274 691 2327; x_wconf 87' lang='lat' dir='ltr'>obtemperandum</span> <span class='ocrx_word' id='word_1_296' title='bbox 709 2282 847 2325; x_wconf 86' lang='lat' dir='ltr'>cogat.</span> <span class='ocrx_word' id='word_1_297' title='bbox 865 2274 911 2312; x_wconf 87' lang='lat' dir='ltr'>Id</span> <span class='ocrx_word' id='word_1_298' title='bbox 933 2287 1059 2312; x_wconf 89' lang='lat' dir='ltr'>uuum</span> <span class='ocrx_word' id='word_1_299' title='bbox 1083 2278 1246 2313; x_wconf 89' lang='lat' dir='ltr'>constet</span> <span class='ocrx_word' id='word_1_300' title='bbox 1266 2286 1442 2313; x_wconf 88' lang='lat' dir='ltr'>necesse</span> <span class='ocrx_word' id='word_1_301' title='bbox 1460 2279 1533 2313; x_wconf 87' lang='lat' dir='ltr'>est:</span> <span class='ocrx_word' id='word_1_302' title='bbox 1555 2287 1647 2313; x_wconf 89' lang='lat' dir='ltr'>eam</span> <span class='ocrx_word' id='word_1_303' title='bbox 1668 2272 1836 2314; x_wconf 87' lang='lat' dir='ltr'>nomine</span> 
     </span>
     <span class='ocr_line' id='line_1_34' title="bbox 254 2339 1835 2393; baseline -0.003 -11"><span class='ocrx_word' id='word_1_304' title='bbox 254 2342 330 2382; x_wconf 83' lang='lat' dir='ltr'>Dei</span> <span class='ocrx_word' id='word_1_305' title='bbox 350 2356 429 2382; x_wconf 81' lang='lat' dir='ltr'>nos</span> <span class='ocrx_word' id='word_1_306' title='bbox 449 2340 612 2393; x_wconf 89' lang='lat' dir='ltr'>alloqui.</span> <span class='ocrx_word' id='word_1_307' title='bbox 635 2341 727 2379; x_wconf 93' lang='lat' dir='ltr'>Hoc</span> <span class='ocrx_word' id='word_1_308' title='bbox 745 2339 813 2378; x_wconf 90' lang='lat' dir='ltr'>ubi</span> <span class='ocrx_word' id='word_1_309' title='bbox 835 2339 1067 2379; x_wconf 87' lang='lat' dir='ltr'>constiterit</span> <span class='ocrx_word' id='word_1_310' title='bbox 1085 2353 1094 2388; x_wconf 86' lang='lat'>;</span> <span class='ocrx_word' id='word_1_311' title='bbox 1116 2339 1354 2379; x_wconf 82' lang='lat' dir='ltr'>rebellionis</span> <span class='ocrx_word' id='word_1_312' title='bbox 1380 2340 1539 2380; x_wconf 88' lang='lat' dir='ltr'>crimen</span> <span class='ocrx_word' id='word_1_313' title='bbox 1561 2353 1679 2380; x_wconf 90' lang='lat' dir='ltr'>mens</span> <span class='ocrx_word' id='word_1_314' title='bbox 1699 2340 1835 2379; x_wconf 89' lang='lat' dir='ltr'>incur-</span> 
     </span>
     <span class='ocr_line' id='line_1_35' title="bbox 248 2404 1830 2456; baseline -0.002 -9"><span class='ocrx_word' id='word_1_315' title='bbox 248 2413 369 2456; x_wconf 88' lang='lat' dir='ltr'>reret,</span> <span class='ocrx_word' id='word_1_316' title='bbox 391 2406 425 2445; x_wconf 89' lang='lat' dir='ltr'>si</span> <span class='ocrx_word' id='word_1_317' title='bbox 447 2405 601 2445; x_wconf 87' lang='lat' dir='ltr'>dociles</span> <span class='ocrx_word' id='word_1_318' title='bbox 622 2416 746 2444; x_wconf 89' lang='lat' dir='ltr'>aures</span> <span class='ocrx_word' id='word_1_319' title='bbox 767 2404 969 2456; x_wconf 87' lang='lat' dir='ltr'>praebere</span> <span class='ocrx_word' id='word_1_320' title='bbox 990 2409 1195 2443; x_wconf 89' lang='lat' dir='ltr'>renueret.</span> <span class='ocrx_word' id='word_1_321' title='bbox 1219 2405 1362 2456; x_wconf 88' lang='lat' dir='ltr'>Neque</span> <span class='ocrx_word' id='word_1_322' title='bbox 1383 2404 1573 2445; x_wconf 87' lang='lat' dir='ltr'>carentia</span> <span class='ocrx_word' id='word_1_323' title='bbox 1594 2404 1830 2445; x_wconf 88' lang='lat' dir='ltr'>evidentiae</span> 
     </span>
     <span class='ocr_line' id='line_1_36' title="bbox 249 2467 1831 2521; baseline -0.003 -11"><span class='ocrx_word' id='word_1_324' title='bbox 249 2470 484 2518; x_wconf 82' lang='lat' dir='ltr'>veritatum,</span> <span class='ocrx_word' id='word_1_325' title='bbox 507 2482 610 2521; x_wconf 89' lang='lat' dir='ltr'>quas</span> <span class='ocrx_word' id='word_1_326' title='bbox 641 2467 775 2515; x_wconf 86' lang='lat' dir='ltr'>tradit,</span> <span class='ocrx_word' id='word_1_327' title='bbox 808 2467 1035 2518; x_wconf 80' lang='lat' dir='ltr'>legitimam</span> <span class='ocrx_word' id='word_1_328' title='bbox 1068 2467 1384 2507; x_wconf 77' lang='lat' dir='ltr'>excusationem</span> <span class='ocrx_word' id='word_1_329' title='bbox 1419 2467 1650 2507; x_wconf 90' lang='lat' dir='ltr'>reluctandi</span> <span class='ocrx_word' id='word_1_330' title='bbox 1684 2467 1831 2516; x_wconf 86' lang='lat' dir='ltr'>affert;</span> 
     </span>
     <span class='ocr_line' id='line_1_37' title="bbox 249 2531 1832 2587; baseline -0.002 -12"><span class='ocrx_word' id='word_1_331' title='bbox 249 2535 345 2583; x_wconf 87' lang='lat' dir='ltr'>nisi,</span> <span class='ocrx_word' id='word_1_332' title='bbox 366 2540 635 2587; x_wconf 89' lang='lat' dir='ltr'>praepostero</span> <span class='ocrx_word' id='word_1_333' title='bbox 657 2533 815 2581; x_wconf 87' lang='lat' dir='ltr'>ordine,</span> <span class='ocrx_word' id='word_1_334' title='bbox 838 2535 942 2571; x_wconf 87' lang='lat' dir='ltr'>ratio</span> <span class='ocrx_word' id='word_1_335' title='bbox 966 2531 1081 2571; x_wconf 88' lang='lat' dir='ltr'>finita</span> <span class='ocrx_word' id='word_1_336' title='bbox 1098 2539 1138 2572; x_wconf 92' lang='lat' dir='ltr'>et</span> <span class='ocrx_word' id='word_1_337' title='bbox 1158 2532 1344 2574; x_wconf 89' lang='lat' dir='ltr'>veritatis</span> <span class='ocrx_word' id='word_1_338' title='bbox 1366 2532 1546 2580; x_wconf 88' lang='lat' dir='ltr'>subdita,</span> <span class='ocrx_word' id='word_1_339' title='bbox 1569 2532 1611 2571; x_wconf 92' lang='lat' dir='ltr'>in</span> <span class='ocrx_word' id='word_1_340' title='bbox 1633 2532 1832 2582; x_wconf 88' lang='lat' dir='ltr'>veritatis,</span> 
     </span>
     <span class='ocr_line' id='line_1_38' title="bbox 250 2595 1836 2652; baseline -0.002 -14"><span class='ocrx_word' id='word_1_341' title='bbox 250 2611 356 2652; x_wconf 84' lang='lat' dir='ltr'>quae</span> <span class='ocrx_word' id='word_1_342' title='bbox 377 2598 538 2636; x_wconf 83' lang='lat' dir='ltr'>infinita</span> <span class='ocrx_word' id='word_1_343' title='bbox 553 2603 628 2645; x_wconf 87' lang='lat' dir='ltr'>est,</span> <span class='ocrx_word' id='word_1_344' title='bbox 649 2608 888 2636; x_wconf 89' lang='lat' dir='ltr'>mensuram</span> <span class='ocrx_word' id='word_1_345' title='bbox 912 2601 950 2635; x_wconf 90' lang='lat' dir='ltr'>et</span> <span class='ocrx_word' id='word_1_346' title='bbox 972 2595 1182 2634; x_wconf 88' lang='lat' dir='ltr'>dominam</span> <span class='ocrx_word' id='word_1_347' title='bbox 1201 2601 1487 2636; x_wconf 87' lang='lat' dir='ltr'>convertatur.</span> <span class='ocrx_word' id='word_1_348' title='bbox 1502 2595 1679 2644; x_wconf 87' lang='lat' dir='ltr'>Veritas,</span> <span class='ocrx_word' id='word_1_349' title='bbox 1698 2596 1732 2635; x_wconf 91' lang='lat' dir='ltr'>si</span> <span class='ocrx_word' id='word_1_350' title='bbox 1753 2610 1836 2635; x_wconf 87' lang='lat' dir='ltr'>am-</span> 
     </span>
     <span class='ocr_line' id='line_1_39' title="bbox 250 2661 1839 2717; baseline -0.001 -14"><span class='ocrx_word' id='word_1_351' title='bbox 250 2664 354 2717; x_wconf 87' lang='lat' dir='ltr'>plior</span> <span class='ocrx_word' id='word_1_352' title='bbox 376 2668 513 2703; x_wconf 85' lang='lat' dir='ltr'>mente</span> <span class='ocrx_word' id='word_1_353' title='bbox 530 2663 715 2702; x_wconf 86' lang='lat' dir='ltr'>humana</span> <span class='ocrx_word' id='word_1_354' title='bbox 732 2667 806 2710; x_wconf 81' lang='lat' dir='ltr'>est,</span> <span class='ocrx_word' id='word_1_355' title='bbox 826 2661 1066 2701; x_wconf 90' lang='lat' dir='ltr'>necessario</span> <span class='ocrx_word' id='word_1_356' title='bbox 1089 2661 1291 2714; x_wconf 85' lang='lat' dir='ltr'>duplicem</span> <span class='ocrx_word' id='word_1_357' title='bbox 1309 2661 1475 2701; x_wconf 90' lang='lat' dir='ltr'>modum</span> <span class='ocrx_word' id='word_1_358' title='bbox 1492 2661 1618 2701; x_wconf 86' lang='lat' dir='ltr'>habet</span> <span class='ocrx_word' id='word_1_359' title='bbox 1639 2674 1684 2701; x_wconf 89' lang='lat' dir='ltr'>se</span> <span class='ocrx_word' id='word_1_360' title='bbox 1704 2662 1839 2702; x_wconf 89' lang='lat' dir='ltr'>eidem</span> 
     </span>
     <span class='ocr_line' id='line_1_40' title="bbox 250 2725 1840 2778; baseline -0.001 -12"><span class='ocrx_word' id='word_1_361' title='bbox 250 2726 557 2767; x_wconf 82' lang='lat' dir='ltr'>manifestandi.</span> <span class='ocrx_word' id='word_1_362' title='bbox 575 2727 695 2766; x_wconf 89' lang='lat' dir='ltr'>Unus</span> <span class='ocrx_word' id='word_1_363' title='bbox 713 2733 775 2766; x_wconf 91' lang='lat' dir='ltr'>est</span> <span class='ocrx_word' id='word_1_364' title='bbox 793 2725 1011 2774; x_wconf 87' lang='lat' dir='ltr'>evidentia,</span> <span class='ocrx_word' id='word_1_365' title='bbox 1024 2725 1186 2778; x_wconf 90' lang='lat' dir='ltr'>quoties</span> <span class='ocrx_word' id='word_1_366' title='bbox 1203 2725 1339 2777; x_wconf 88' lang='lat' dir='ltr'>agitur</span> <span class='ocrx_word' id='word_1_367' title='bbox 1360 2726 1408 2765; x_wconf 88' lang='lat' dir='ltr'>de</span> <span class='ocrx_word' id='word_1_368' title='bbox 1426 2725 1601 2774; x_wconf 89' lang='lat' dir='ltr'>obiecto,</span> <span class='ocrx_word' id='word_1_369' title='bbox 1624 2726 1731 2778; x_wconf 88' lang='lat' dir='ltr'>quod</span> <span class='ocrx_word' id='word_1_370' title='bbox 1750 2725 1840 2766; x_wconf 88' lang='lat' dir='ltr'>eius</span> 
     </span>
     <span class='ocr_line' id='line_1_41' title="bbox 252 2790 1840 2845; baseline -0.001 -13"><span class='ocrx_word' id='word_1_371' title='bbox 252 2793 403 2845; x_wconf 78' lang='lat' dir='ltr'>Jimitcs</span> <span class='ocrx_word' id='word_1_372' title='bbox 435 2805 520 2832; x_wconf 85' lang='grc'>11011</span> <span class='ocrx_word' id='word_1_373' title='bbox 553 2793 745 2840; x_wconf 85' lang='lat' dir='ltr'>excedat;</span> <span class='ocrx_word' id='word_1_374' title='bbox 771 2792 875 2831; x_wconf 89' lang='lat' dir='ltr'>alter</span> <span class='ocrx_word' id='word_1_375' title='bbox 896 2798 959 2831; x_wconf 91' lang='lat' dir='ltr'>est</span> <span class='ocrx_word' id='word_1_376' title='bbox 980 2790 1220 2839; x_wconf 85' lang='lat' dir='ltr'>auctoritas,</span> <span class='ocrx_word' id='word_1_377' title='bbox 1243 2790 1403 2844; x_wconf 90' lang='lat' dir='ltr'>quoties</span> <span class='ocrx_word' id='word_1_378' title='bbox 1432 2791 1570 2843; x_wconf 90' lang='lat' dir='ltr'>agitur</span> <span class='ocrx_word' id='word_1_379' title='bbox 1589 2792 1638 2832; x_wconf 88' lang='lat' dir='ltr'>de</span> <span class='ocrx_word' id='word_1_380' title='bbox 1664 2791 1840 2838; x_wconf 89' lang='lat' dir='ltr'>obiecto,</span> 
     </span>
     <span class='ocr_line' id='line_1_42' title="bbox 251 2856 1841 2914; baseline -0.003 -14"><span class='ocrx_word' id='word_1_381' title='bbox 251 2860 361 2914; x_wconf 90' lang='lat' dir='ltr'>quod</span> <span class='ocrx_word' id='word_1_382' title='bbox 394 2860 502 2899; x_wconf 90' lang='lat' dir='ltr'>illius</span> <span class='ocrx_word' id='word_1_383' title='bbox 532 2858 666 2899; x_wconf 84' lang='lat' dir='ltr'>aciem</span> <span class='ocrx_word' id='word_1_384' title='bbox 702 2857 1062 2910; x_wconf 80' lang='lat' dir='ltr'>praetergreditur.</span> <span class='ocrx_word' id='word_1_385' title='bbox 1088 2858 1134 2896; x_wconf 92' lang='lat' dir='ltr'>In</span> <span class='ocrx_word' id='word_1_386' title='bbox 1164 2856 1390 2909; x_wconf 85' lang='lat' dir='ltr'>posteriore</span> <span class='ocrx_word' id='word_1_387' title='bbox 1420 2857 1500 2897; x_wconf 91' lang='lat' dir='ltr'>hoc</span> <span class='ocrx_word' id='word_1_388' title='bbox 1522 2871 1625 2898; x_wconf 88' lang='lat' dir='ltr'>casu</span> <span class='ocrx_word' id='word_1_389' title='bbox 1654 2871 1738 2898; x_wconf 91' lang='lat' dir='ltr'>non</span> <span class='ocrx_word' id='word_1_390' title='bbox 1761 2857 1841 2897; x_wconf 90' lang='lat' dir='ltr'>ali-</span> 
     </span>
    </p>
   </div>
  </div>
 </body>
</html>
