1970 3203
211 196 263 236 26
894 207 1113 234 ETnch

211 285 415 333 omnium,
460 297 565 338 quae
596 285 649 324 ad
678 284 889 324 hominem
929 284 970 323 in
1001 285 1082 324 hac
1114 284 1198 324 vita
1227 284 1488 333 reseruntur,
1529 283 1674 336 reponi
1704 295 1786 322 non

207 353 356 400 potest.
1808 337 1813 343 ’

260 414 436 465 Insuper
466 413 672 453 obiectum
703 412 912 452 beatitatis
941 413 1025 452 tale
1048 425 1142 452 esse
1166 412 1298 460 debet,
1320 417 1363 451 ut
1393 411 1482 451 eius
1511 411 1675 464 adeptio
1699 418 1786 451 sta-

206 482 291 516 tum
322 476 552 516 constituat
582 488 808 528 perennem
839 482 878 516 et
908 476 1127 517 mutationi
1165 489 1248 516 non
1279 476 1520 523 obnoxium,
1550 489 1628 515 nec
1659 476 1791 515 mole-

206 542 328 583 stiam
357 543 482 581 ullam
513 549 585 581 aut
606 541 733 581 animi
753 542 1105 594 perturbationem
1138 542 1340 582 admittat.
1375 541 1507 581 Secus
1527 555 1552 581 a
1572 542 1668 581 finis
1690 543 1786 582 ulti-

206 609 260 647 mi
292 609 452 648 ratione
484 608 693 656 deficeret;
725 608 874 661 quippe
905 622 999 648 cum
1032 608 1283 649 desiderium
1314 614 1353 648 et
1382 613 1539 648 motum
1567 608 1694 648 animi
1715 622 1789 661 pe-

206 674 317 713 nitus
348 687 432 713 non
462 675 658 726 expleret.
680 675 735 714 At
764 687 862 714 vero
884 674 936 714 ab
958 674 1024 714 his
1054 675 1199 723 bonis,
1231 679 1611 727 quantamcumque
1641 688 1783 715 eorum

204 745 364 792 partem
394 740 435 779 in
465 741 546 780 hac
576 740 662 780 vita
689 740 971 793 acquiramus,
995 741 1249 789 vicissitudo,
1272 746 1420 789 metus,
1443 740 1632 788 defectio,
1655 755 1781 781 curae

206 804 452 853 mordaces,
484 805 613 852 labor,
644 804 810 857 aliaque
839 805 1106 845 incommoda
1136 804 1301 845 excludi
1331 817 1415 844 non
1453 810 1642 856 possunt.
1673 805 1787 857 Ergo

208 871 248 910 in
279 871 382 924 ipsis
403 877 637 911 extremum
658 870 861 911 bonorum
883 885 933 910 ac
955 872 1080 911 finem
1102 872 1291 911 ultimum
1312 870 1508 918 residere,
1529 870 1607 909 nisi
1624 884 1783 919 amens,

207 949 330 976 nemo
363 935 526 975 dixerit.

261 1005 496 1049 Postremo,
527 1015 579 1042 ne
610 1002 774 1054 longior
804 1002 894 1050 sim,
926 1002 1135 1043 obiectum
1167 1001 1396 1050 felicitatis,
1430 1015 1524 1041 cum
1558 1000 1787 1040 maximum

206 1070 258 1110 sit
279 1070 432 1109 bonum
452 1067 647 1116 hominis,
678 1069 731 1108 ad
753 1069 861 1121 quod
881 1074 1023 1108 cetera
1043 1068 1289 1117 referuntur3
1308 1068 1510 1108 eiusmodi
1533 1081 1629 1108 esse
1651 1068 1781 1113 debet,

204 1142 246 1174 ut
266 1146 478 1185 nunquam
500 1146 595 1172 cum
616 1133 738 1172 laude
750 1132 959 1172 contemni
979 1133 1119 1185 possit,
1138 1145 1215 1172 nec
1234 1132 1324 1172 eius
1340 1132 1504 1171 iactura
1519 1131 1561 1171 in
1573 1137 1788 1184 praestan-

207 1203 353 1241 tiorem
385 1199 568 1239 hominis
600 1199 893 1239 excellentiam
928 1199 1142 1239 redundet.
1174 1200 1228 1238 At
1259 1210 1372 1246 vem,
1404 1198 1439 1237 si
1470 1197 1600 1237 virtus
1633 1203 1792 1237 tantum

208 1264 452 1317 excipiatur,
477 1264 723 1316 complexus
748 1263 952 1303 bonorum
970 1263 1179 1316 praesenti
1199 1263 1306 1303 vitae
1328 1262 1666 1303 convenientium
1687 1275 1786 1302 sae-

209 1343 436 1384 penumero
467 1330 678 1383 sapienter
708 1332 757 1369 ab
788 1330 957 1370 homine
988 1330 1225 1382 despicitur,
1256 1343 1349 1369 cum
1380 1342 1445 1369 ex.
1477 1343 1537 1382 gr.
1561 1342 1633 1382 pro
1656 1329 1792 1381 patria

212 1394 385 1435 caritate
407 1393 528 1433 bonis
550 1393 743 1433 omnibus
766 1393 987 1434 defecturis
1008 1407 1054 1434 se
1077 1394 1255 1442 abdicat,
1278 1408 1341 1442 ac,
1354 1394 1388 1433 si
1408 1407 1512 1446 opus
1529 1394 1592 1442 sit,
1612 1400 1787 1433 mortem

209 1460 344 1513 ipsam
374 1464 567 1510 oppetere
597 1472 681 1498 non
712 1465 891 1498 recusat.
923 1459 1055 1498 Immo
1085 1458 1139 1497 ad
1168 1459 1248 1498 hoc
1276 1463 1439 1498 tenetur
1460 1457 1597 1505 etiam,
1629 1457 1663 1496 si
1686 1456 1790 1496 forte

209 1523 431 1576 contigerit
451 1532 493 1563 ut
513 1523 624 1563 bona
646 1522 820 1576 quaevis
841 1530 880 1563 et
902 1523 987 1562 vita
1008 1523 1112 1575 ipsa,
1135 1522 1225 1562 sine
1250 1522 1422 1569 scelere,
1446 1520 1612 1562 servari
1632 1534 1791 1573 neque-

210 1598 293 1630 ant.
327 1591 496 1630 Falsum
528 1597 590 1629 est
620 1589 746 1641 igitur
776 1589 818 1628 in
848 1589 915 1628 his
944 1589 1076 1636 bonis,
1108 1591 1234 1628 finem
1266 1588 1452 1627 ultimum
1484 1587 1667 1640 reperiri.

264 1657 325 1696 ΞΟ.
360 1658 612 1696 PRoposlTlo
644 1657 706 1693 4?
734 1655 940 1694 Felicitas
970 1655 1167 1695 consistit
1193 1654 1236 1692 in
1266 1655 1368 1693 Deo.

266 1720 387 1759 Prob.
413 1719 501 1759 Nisi
524 1718 701 1758 felicitas
724 1732 878 1758 vanum
901 1731 1052 1758 nomen
1066 1731 1137 1770 per
1150 1718 1338 1758 delirium
1356 1717 1435 1757 dici
1450 1717 1786 1771 velitauctorque

208 1791 385 1824 naturae
407 1782 527 1822 nobis
547 1782 600 1821 ad
621 1782 875 1822 illudendum
894 1790 933 1822 et
949 1783 1035 1822 dire
1057 1782 1388 1822 excruciandum
1410 1782 1500 1822 eius
1521 1781 1788 1834 cupiditatem

208 1849 418 1898 indidisse;
440 1849 567 1889 altius
598 1849 906 1900 assurgendum
924 1855 999 1897 est,
1017 1854 1137 1888 extra
1152 1850 1353 1890 terminos
1375 1849 1497 1888 huius
1520 1849 1642 1896 vitae,
1665 1856 1789 1902 atque

211 1916 252 1956 in
283 1929 387 1956 aevo
420 1929 503 1955 non
535 1915 744 1955 defecturo
780 1914 988 1955 obiectum
1018 1915 1227 1956 felicitatis
1267 1916 1502 1955 consectari
1533 1922 1706 1967 oportet..
1737 1916 1794 1956 At

208 1983 417 2023 obiectum
448 1982 528 2020 hoc
559 1981 713 2033 aliquid
743 1994 860 2029 esse,
889 1981 996 2034 quod
1027 1986 1213 2022 creatum
1245 1989 1284 2022 et
1315 1981 1586 2029 finitumrsit,
1623 1981 1792 2020 minime

209 2053 354 2099 potest.
387 2047 506 2086 Bona
537 2046 645 2099 enim
676 2046 928 2093 huiusmodi,
945 2046 1244 2098 cuiuscumque
1267 2045 1515 2085 conditionis
1546 2045 1640 2091 sint,
1663 2052 1791 2084 natu-

209 2115 339 2154 ralem
371 2120 409 2153 et
439 2112 725 2152 necessariam
757 2112 1073 2165 dependentiam
1103 2119 1143 2152 et
1173 2113 1359 2152 ordinem
1384 2111 1599 2151 involvunt
1620 2111 1672 2150 ad
1694 2124 1791 2162 per-

211 2181 359 2222 fectius
388 2179 568 2226 bonum,
599 2192 748 2231 nempe
780 2180 933 2226 Deum;
965 2192 1016 2218 ac
1046 2179 1217 2230 proinde
1253 2178 1494 2231 cognitione
1533 2184 1571 2218 et
1602 2177 1789 2217 bonitate

211 2259 288 2286 sua
317 2243 565 2283 desiderium
596 2244 781 2283 excitant
817 2243 1104 2295 cognoscendi
1139 2250 1178 2282 et
1216 2242 1455 2295 possidendi
1494 2242 1649 2281 bonum
1693 2240 1792 2279 illud

210 2311 346 2357 altius,
378 2322 429 2348 ex
451 2321 529 2360 quo
560 2309 741 2360 pendent
761 2314 801 2348 et
828 2307 946 2347 cuius
968 2307 1196 2347 bonitatem
1219 2306 1479 2358 participant.
1503 2305 1684 2345 Ultimus
1708 2303 1792 2355 igi-

212 2385 275 2417 tur
304 2376 566 2429 appetitionis
599 2375 799 2415 terminus
829 2387 924 2414 esse
966 2379 1188 2426 nequeunt.
1222 2374 1334 2424 Ergo
1378 2377 1571 2424 superest
1602 2377 1645 2410 ut
1675 2369 1792 2415 obie-

210 2448 332 2489 ctum,
353 2440 462 2493 quod
492 2439 743 2491 quaerimus,
775 2438 827 2477 sit
855 2438 1088 2478 increatum
1121 2444 1160 2476 et
1189 2437 1407 2485 infinitum,
1435 2436 1631 2475 videlicet
1663 2434 1793 2473 Deus.

262 2508 500 2551 Praeterea,
522 2519 626 2557 opus
648 2512 710 2544 est
729 2511 773 2544 ut
793 2505 1000 2544 obiectum
1022 2503 1230 2543 felicitatis
1255 2502 1433 2542 naturali
1455 2499 1723 2554 propensioni
1745 2499 1785 2537 in

207 2572 363 2612 bonum
382 2570 504 2621 plene
526 2570 789 2620 respondeat.
814 2569 891 2607 Illa
912 2575 1051 2608 autem
1073 2566 1277 2607 naturalis
1298 2564 1519 2618 propensio
1540 2563 1583 2602 in
1603 2569 1696 2602 ente
1714 2575 1790 2602 co-

208 2635 459 2690 gnoscitivo,
483 2635 765 2686 cognitionem
786 2634 919 2686 ipsam
952 2646 1024 2686 pro
1055 2646 1253 2672 mensura
1282 2632 1409 2672 habet
1443 2644 1494 2670 ac
1523 2643 1684 2669 norma.
1717 2630 1792 2668 Co-

209 2700 339 2753 gnitio
371 2706 507 2738 autem
540 2699 725 2737 humana
756 2698 909 2737 bonum
939 2697 1107 2748 respicit
1136 2695 1356 2735 infinitum.
1375 2696 1441 2735 Ad
1461 2694 1542 2734 hoc
1563 2693 1691 2745 igitur
1710 2693 1790 2731 ho-

211 2766 336 2806 minis
370 2764 618 2804 desiderium
650 2769 799 2803 natura
842 2777 919 2804 sua
947 2764 1098 2810 fertur3
1129 2775 1179 2801 ac
1218 2761 1387 2813 proinde
1417 2760 1458 2799 in
1489 2759 1602 2799 nullo
1647 2763 1788 2798 creato

212 2831 335 2877 bono,
365 2829 474 2882 quod
491 2834 601 2868 certe
623 2828 782 2868 finitum
804 2834 878 2874 est,
900 2826 1198 2878 conquiescere
1228 2830 1374 2877 potest.
1397 2823 1524 2876 Atqui
1557 2822 1712 2862 bonum
1734 2822 1791 2860 in-

216 2893 374 2941 finitum
405 2893 512 2945 quod
534 2905 681 2944 nempe
702 2891 826 2931 nullis
845 2890 1045 2930 limitibus
1065 2889 1445 2937 circumscribatur,
1468 2888 1581 2928 aliud
1603 2887 1788 2940 profecto
