1970 3203
431 197 566 224 CAPUT
595 196 646 222 111.
677 196 729 222 DE
759 195 931 223 OFFlCIls
961 195 1132 222 HOMINIS
1162 193 1273 221 ERGA
1304 192 1480 220 SEIPSUM
1660 180 1736 217 151

174 284 351 336 gratiam
371 282 501 323 solius
522 282 694 322 rationis
715 293 916 334 operetur.
939 284 1030 321 Duo
1051 281 1160 321 enim
1180 281 1222 320 in
1252 279 1417 319 actione
1434 277 1659 330 distinguit:
1682 278 1733 316 le-

182 349 406 401 galitatem
436 354 475 389 et
495 349 796 388 moralitatem.
816 349 997 387 Primam
1027 350 1068 386 in
1099 346 1399 398 conformitate
1432 344 1614 384 actionis
1643 356 1738 383 cum

183 416 270 466 lege
299 415 487 463 collocat,
511 415 685 454 alteram
706 414 748 453 in
765 415 957 467 pur-itate
978 414 1134 461 molini,
1156 425 1231 452 seu
1251 414 1291 451 in
1312 411 1539 452 intentione
1559 410 1735 462 agentis,

177 481 244 532 qui
273 480 438 520 nonnisi
468 493 521 520 ex
550 480 642 532 ipsa
670 481 762 532 lege
795 480 964 532 eiusque
986 479 1238 518 verecundia
1257 483 1473 518 moveatur
1495 478 1568 528 (1).
1591 477 1733 514 Poste-

170 543 257 582 rius
286 544 367 583 hoc
398 543 565 583 omnino
595 543 744 595 requiri
774 543 831 582 ait
851 543 903 582 ad
923 544 1143 582 honestam
1160 541 1367 581 actionem
1388 540 1731 588 constituendam,

168 605 226 644 ita
246 612 302 653 ut,
320 607 355 644 si
377 605 486 645 actio
508 605 589 658 legi
610 605 835 646 conformis
853 606 1050 652 eliciatur,
1069 618 1152 643 non
1169 611 1306 644 tamen
1322 610 1488 657 propter
1507 604 1728 656 impulsum

175 672 495 712 existimationis
525 679 564 712 et
585 672 877 711 observantiae
892 671 1022 724 ipsius
1042 671 1159 723 legis,
1182 671 1255 710 sed
1275 670 1423 710 intuitu
1442 669 1610 710 alterius
1631 669 1728 708 boni

170 736 290 776 nobis
320 736 552 784 obventuri,
583 742 653 776 aut
687 735 854 775 alterius
883 734 1057 774 rationis
1087 748 1112 773 a
1141 734 1233 786 lege
1264 733 1495 781 distinctae;
1525 731 1648 779 actio,
1679 733 1731 771 le-

167 802 349 854 galitate
378 801 542 854 quidem
572 801 743 850 fruatur,
774 807 816 840 at
847 801 1092 840 moralitate
1122 805 1263 839 careat
1292 812 1342 838 ac
1371 797 1500 850 turpis
1535 797 1730 837 habenda

169 868 223 907 sit
253 869 325 919 (2).
358 868 481 907 Hanc
508 867 740 907 doctrinam
770 866 1043 907 communiter
1072 870 1300 917 sequuntur
1328 863 1452 902 huius
1482 862 1635 902 aetatis
1664 875 1737 900 ra-

170 933 430 981 tionalistae‚
471 933 539 986 qui
569 946 694 985 saepe
724 932 857 985 plenis
887 932 1032 971 buccis
1070 932 1310 970 inclamant:
1349 928 1532 968 officium
1567 926 1735 966 nonnisi

174 1004 341 1049 propter
369 996 547 1049 seipsum
577 996 876 1048 praestandum
906 1008 1012 1043 esse,
1042 994 1131 1033 sine
1162 994 1242 1032 alio
1264 992 1546 1038 incitamento,
1569 989 1676 1042 quod
1693 989 1736 1027 in

170 1074 244 1113 spe
273 1060 620 1100 remunerationis
650 1067 720 1100 aut
749 1067 860 1099 metu
889 1071 1116 1111 poenarum
1147 1057 1270 1096 situm
1306 1057 1370 1096 sit.
1402 1055 1561 1093 Horum
1591 1060 1731 1092 tamen

171 1127 387 1168 doctorum
412 1126 539 1166 vitam
570 1126 605 1165 si
636 1139 729 1165 curn
751 1125 986 1178 praeceptis
1007 1136 1240 1175 compares,
1262 1135 1414 1162 novum
1437 1125 1732 1171 argumentum

168 1192 238 1232 tibi
268 1197 434 1244 praesto
464 1192 552 1239 erit,
574 1205 655 1231 non
687 1205 810 1243 posse
839 1190 1044 1231 rationem
1065 1189 1143 1228 sibi
1160 1188 1346 1228 relictam
1370 1187 1448 1227 nisi
1472 1186 1636 1225 Stoicos
1657 1196 1734 1235 ge-

167 1271 329 1306 nerare,
360 1258 426 1310 qui
458 1257 650 1296 virtutem
678 1257 730 1296 ad
751 1255 1046 1309 rigidissimam
1068 1254 1333 1294 severitatem
1355 1251 1492 1291 verbis
1514 1250 1735 1296 adducant,

169 1324 242 1364 sed
273 1324 383 1364 facto
412 1325 464 1363 ab
495 1324 784 1376 epicureorum
813 1336 941 1376 grege
971 1336 1054 1362 non
1083 1327 1341 1373 separentur.

220 1386 282 1427 50.
311 1387 411 1427 Eius
438 1387 652 1427 refutatio.
672 1386 874 1438 Exposita
893 1386 1066 1432 theoria,
1089 1398 1195 1437 quae
1225 1384 1406 1436 speciem
1437 1381 1649 1435 dignitatis
1671 1381 1742 1419 ha-

172 1451 269 1491 bere
285 1451 456 1500 videtur,
470 1465 556 1491 non
572 1452 705 1491 solum
723 1451 900 1491 salsitate
917 1452 1090 1498 laborat,
1107 1450 1180 1490 sed
1198 1450 1336 1497 etiam,
1350 1450 1385 1489 si
1402 1448 1583 1488 funditus
1602 1447 1741 1486 discu-

175 1517 310 1565 tiatur,
331 1518 462 1569 turpis
480 1524 543 1557 est
564 1524 603 1557 et
619 1531 702 1557 non
721 1519 771 1557 ad
790 1517 1003 1557 hominem
1021 1516 1321 1556 nobilitandum
1335 1515 1408 1555 sed
1424 1513 1736 1566 deprimendum

175 1580 337 1620 idonea.
359 1582 410 1620 Et
430 1581 470 1620 in
492 1581 646 1632 primis,
668 1581 850 1620 officium
872 1587 1035 1632 propter
1052 1579 1234 1631 seipsum
1263 1579 1384 1619 unice
1400 1578 1644 1629 inspectum,
1667 1588 1736 1614 no-

171 1643 254 1683 bile
271 1644 433 1696 quidem
451 1643 656 1684 motivum
679 1643 957 1690 continet,sed
969 1656 1053 1682 non
1069 1641 1383 1681 nobilissimum.
1398 1641 1612 1680 Summum
1629 1638 1739 1677 enim

174 1708 441 1760 perfectionis
457 1709 632 1760 gradum
652 1721 702 1747 ea
717 1714 877 1747 tantum
894 1707 998 1747 ratio
1012 1707 1210 1758 operandi
1227 1706 1471 1758 suppeditat,
1488 1717 1591 1756 quae
1605 1702 1739 1742 ordini

171 1774 293 1825 plene
323 1773 586 1825 respondeat,
616 1773 853 1825 motivoque
874 1772 1038 1819 nitatur,
1061 1772 1168 1824 quod
1192 1778 1402 1823 tamquam
1424 1782 1663 1821 supremum
1685 1768 1737 1807 ab

170 1839 312 1878 ordine
333 1838 632 1878 manifestatur.
649 1838 772 1890 Atqui
794 1838 834 1877 id
850 1838 1018 1878 nonnisi
1039 1838 1079 1876 in
1101 1837 1238 1876 officio
1270 1842 1435 1889 propter
1459 1835 1534 1875 Dei
1551 1846 1737 1873 amorem

255 1970 304 2009 (1)
329 1968 420 2001 Vide
438 1969 618 2001 Criticam
642 1968 807 2001 rationis
818 1968 1029 2011 practicae,
1055 1967 1108 1999 lib.
1135 1968 1158 1999 Ι.
1184 1978 1212 1999 c.
1237 1968 1265 2003 1,
1281 1966 1298 2008 ξ
1316 1967 1345 2004 7,
1360 1965 1513 1998 maxime
1529 1974 1615 1998 vero
1633 1966 1742 2006 caput

177 2022 327 2054 tertium.
354 2023 471 2054 Porro
494 2023 583 2054 haec
606 2021 784 2054 distinctio
808 2021 1002 2062 legalitatis
1029 2023 1062 2052 et
1086 2020 1310 2058 moralitatis,
1334 2019 1401 2051 etsi
1430 2021 1600 2060 respectu
1623 2018 1745 2058 legum

180 2075 329 2108 civilium
351 2075 447 2108 bona
469 2076 514 2107 sit
529 2101 537 2114 ‚
558 2078 677 2107 tamen
691 2101 698 2114 ‚
720 2077 890 2116 respectu
913 2074 1005 2115 legis
1029 2077 1176 2106 naturae
1190 2100 1197 2111 ‚
1220 2074 1357 2106 insulsa
1378 2073 1482 2114 plane
1505 2072 1654 2104 videtur.
1680 2072 1746 2103 Le·

171 2128 328 2169 gislator
340 2128 428 2160 enim
443 2129 629 2166 humanus,
646 2137 725 2160 cum
743 2127 893 2159 animum
909 2127 1115 2168 perspicere
1131 2129 1295 2166 nequeat,
1309 2125 1586 2158 convenientiam
1604 2125 1742 2156 dumta-

175 2182 238 2212 xat
260 2179 409 2212 actionis
434 2190 513 2212 cum
536 2180 617 2220 lege
643 2189 707 2212 seu
731 2179 806 2211 eius
831 2178 1053 2219 legalitatem
1078 2177 1293 2216 considerat,
1317 2176 1544 2209 intentionem
1568 2178 1685 2208 autem
1706 2186 1743 2207 a-

173 2233 301 2274 gentis,
323 2233 389 2265 nisi
411 2233 591 2265 evidenter
611 2236 794 2274 appareat,
816 2233 893 2264 Deo
918 2232 1138 2264 iudicandam
1154 2230 1328 2271 relinquit.
1346 2232 1394 2262 At
1410 2232 1580 2271 respectu
1597 2228 1742 2269 legisla-

173 2286 263 2320 toris
288 2286 390 2318 divini
412 2286 556 2318 intentio
580 2286 624 2318 ab
649 2286 765 2318 officio
790 2285 951 2327 separari
977 2284 1109 2325 nequit3
1135 2294 1200 2316 nec
1222 2284 1401 2325 legalitas,
1420 2293 1483 2315 seu
1508 2282 1743 2315 conformitas

175 2351 254 2373 cum
277 2341 358 2381 lege
382 2340 544 2378 habetur,
566 2340 632 2372 nisi
658 2340 762 2372 etiam
785 2339 929 2371 intentio
946 2348 1108 2379 congrua
1123 2339 1167 2370 sit
1190 2338 1378 2370 honestati.
1397 2338 1472 2369 Lex
1489 2336 1577 2369 enirn
1594 2338 1742 2368 naturae

173 2401 242 2424 non
266 2391 383 2423 solum
407 2401 499 2432 opus
523 2391 679 2432 respicit,
706 2393 770 2424 sed
795 2391 898 2423 etiam
922 2390 1146 2423 intentionem
1172 2392 1207 2422 et
1235 2390 1379 2426 motivag
1405 2398 1496 2430 quae
1514 2388 1579 2420 nisi
1594 2389 1748 2420 honesta

177 2443 258 2483 sint,
278 2445 444 2475 avertunt
467 2443 510 2475 ab
536 2444 662 2475 ordine
692 2444 822 2476 Confer
839 2452 928 2483 quae
953 2442 1108 2474 diximus
1132 2441 1276 2473 Ethicae
1301 2449 1374 2481 cap.
1402 2441 1431 2478 2,
1449 2441 1513 2471 art.
1532 2440 1563 2477 4,
1579 2439 1630 2471 De
1640 2438 1747 2481 prin-

177 2498 287 2540 cipiis
311 2497 569 2530 moralitatem
593 2497 697 2529 actui
721 2497 885 2529 humano
909 2495 1213 2538 impertientibus

258 2551 307 2593 (2)
332 2552 428 2584 Inter
454 2554 575 2584 cetera
593 2552 681 2583 haec
704 2551 826 2583 habet:
846 2562 861 2579 «
878 2550 1107 2582 Autonomicc
1125 2549 1318 2582 voluntatis
1342 2558 1449 2581 unum
1464 2550 1520 2581 est
1536 2548 1742 2590 principium

174 2604 328 2636 omnium
350 2603 473 2644 legum
497 2602 684 2635 moralium
708 2601 978 2642 officiorumque
993 2601 1034 2633 iis
1052 2600 1477 2638 convenientium‚contra
1492 2609 1578 2632 vero
1602 2599 1744 2632 hetero-

177 2656 306 2688 nomia
329 2656 463 2688 arbitrii
485 2657 617 2688 nullam
640 2665 792 2697 prorsus
822 2654 1074 2695 obligationem
1099 2653 1292 2691 constituit,
1317 2654 1382 2685 sed
1412 2654 1531 2694 potius
1564 2653 1742 2686 contraria

178 2712 235 2743 est
257 2710 428 2752 principio
452 2710 545 2743 illius
568 2709 833 2749 moralitatique
856 2709 1060 2741 voluntatis.
1084 2709 1121 2740 In
1150 2707 1421 2748 independentia
1438 2707 1573 2740 scilicet
1590 2707 1632 2738 ab
1651 2706 1744 2739 omni

180 2761 275 2801 legis
298 2763 447 2796 materia
471 2765 613 2804 (nempe
639 2761 780 2794 obiecta
802 2771 841 2793 re
865 2761 1085 2800 desiderata)
1111 2763 1146 2793 et
1184 2760 1287 2793 simul
1308 2763 1428 2793 tamen
1452 2760 1743 2792 determinatione

186 2812 319 2844 arbitrii
341 2823 406 2854 per
429 2815 546 2847 solam
569 2815 721 2847 formam
742 2813 1004 2854 legislatoriam
1027 2813 1291 2851 universalem;
1316 2813 1415 2845 cuius
1452 2813 1512 2845 lex
1549 2810 1743 2844 subiectiva

179 2872 263 2896 esse
288 2873 405 2906 capax
428 2866 543 2905 debet,
566 2875 672 2898 unum
695 2864 903 2906 principium
927 2867 983 2897 est
1008 2864 1262 2897 moralitatis.»
1288 2864 1383 2896 Loco
1408 2873 1523 2906 supra
1548 2863 1671 2894 eitam.
