1970 3203
597 220 736 247 CAPUT
765 221 804 247 11.
833 220 886 247 DE
916 220 1143 247 SOCIETATE
1173 219 1292 247 civ1L1
1658 204 1734 244 261

167 301 286 351 leges
315 311 365 337 ac
394 297 602 337 iudicandi
636 297 745 349 apud
772 310 818 337 se
848 296 1035 345 retineat3
1057 296 1276 336 habebitur
1306 295 1584 336 Democratia.
1616 295 1732 342 Quae

167 365 332 418 quidem
348 363 388 402 in
418 365 558 416 parvis
575 363 842 404 societatibus
863 364 998 404 locum
1018 363 1173 402 habere
1189 369 1348 415 potest,
1370 375 1451 401 non
1473 362 1514 400 in
1536 361 1735 414 frequen-

165 428 346 476 tioribus,
363 428 506 480 quales
523 428 705 467 maxime
720 434 818 468 sunt
839 427 1079 468 hodiernae.
1097 428 1143 466 In
1164 427 1232 466 hic
1255 427 1496 467 necessario
1520 433 1732 477 tempera-

163 498 343 533 mentum
375 493 539 545 aliquod
567 493 844 533 adhibendum
875 500 949 541 est,
971 498 1174 545 quatenus
1203 500 1272 531 aut
1292 493 1369 532 soli
1395 491 1735 545 patresfamilias,

161 566 233 599 aut
251 565 408 598 tantum
421 564 560 598 aetate
576 559 945 611 provectiores‚aut
959 557 1249 610 opulentiores,
1268 559 1320 597 ad
1336 572 1542 598 summam
1564 564 1734 610 specta-

165 625 334 665 biliores
356 625 483 672 cives,
505 625 568 664 ius
590 625 772 664 habeant
799 623 1007 664 sciscendi
1028 624 1143 675 leges
1174 629 1213 662 et
1234 624 1411 674 eligendi
1443 623 1733 674 magistratus,

163 691 231 742 qui
249 690 549 743 rempublicam
567 690 703 743 quoad
720 689 984 730 executivam
1003 695 1249 741 potestatem
1262 690 1507 740 gubernent.
1524 689 1658 740 Saepe
1678 694 1736 727 ta-

166 770 263 797 men
280 756 544 808 contingit,ut
558 756 757 808 populare
768 754 954 807 regimen
970 754 1268 794 nominetenus
1285 753 1448 793 dicatur
1461 753 1732 801 democratia,

164 822 239 862 sed
256 836 405 874 reaspe
422 835 504 861 non
526 823 577 861 sit
596 821 674 860 nisi
690 820 979 868 Aristocratia‚
998 820 1132 873 magis
1153 819 1343 859 minusve
1360 821 1631 871 ampla,pr0ut
1649 819 1730 871 plu-

166 900 234 926 res
252 887 526 938 paucioresve
544 888 596 925 ad
614 886 920 926 deliberandum
939 886 988 924 de
1006 884 1181 936 publicis
1202 883 1381 935 negotiis
1403 883 1686 923 admittuntur.

226 949 387 989 Mixtae
410 963 507 989 vero
538 949 694 989 formae
725 950 925 998 dicuntur,
955 962 1060 1001 quae
1091 962 1144 987 ex
1174 947 1423 1000 simplicium
1454 954 1525 988 aut
1547 947 1732 987 omnium

163 1019 237 1052 aut
266 1012 437 1051 duarum
460 1013 677 1052 dumtaxat
696 1013 909 1053 iunctione
928 1013 1141 1052 resultant.
1179 1012 1450 1051 Communius
1480 1018 1621 1051 tamen
1653 1010 1733 1049 ha—

164 1078 312 1118 bentur
334 1110 343 1125 ,
378 1091 472 1117 cum
502 1079 722 1130 princeps,
754 1078 974 1130 optimates
1005 1084 1043 1117 et
1080 1078 1255 1129 populus
1292 1078 1349 1116 ita
1378 1077 1514 1129 quoad
1543 1077 1730 1129 regimen

164 1151 447 1196 temperantur
475 1145 581 1184 inter
611 1158 681 1192 se,
713 1151 755 1183 ut
784 1157 970 1196 quaeque
1001 1157 1098 1194 pars
1127 1143 1179 1182 ad
1209 1143 1526 1195 gubernandam
1557 1155 1728 1194 rempu-

164 1208 314 1247 blicam
343 1209 478 1260 aliquo
501 1209 622 1249 modo
645 1216 880 1257 concurrat,
904 1216 943 1249 et
963 1208 1028 1247 ius
1051 1208 1215 1260 aliquod
1237 1208 1460 1259 politicum,
1478 1207 1730 1260 praesertim

163 1281 354 1325 respectu
382 1275 521 1326 legum
552 1275 878 1322 condendarum,
910 1274 1096 1314 retineat.

226 1338 302 1377 His
332 1339 567 1391 praeiactis,
590 1339 731 1391 quaeri
765 1345 906 1391 posset
931 1351 1135 1391 quaenam
1166 1338 1380 1390 regiminis
1419 1337 1552 1377 forma
1582 1337 1734 1378 ceteris

166 1414 372 1461 praestet3
404 1406 469 1445 cui
499 1404 730 1457 quaestioni
761 1405 822 1443 sic
851 1403 1057 1456 gradatim
1088 1404 1444 1454 respondebimus.

722 1534 1188 1574 PROPOSITIONES.

218 1671 281 1711 64.
312 1671 564 1709 Paoposmo
598 1666 652 1706 1³.
687 1666 907 1710 Quaelibet
936 1666 1158 1718 regiminis
1179 1668 1345 1717 forma,
1383 1667 1506 1706 modo
1540 1667 1647 1705 iusto
1681 1666 1735 1705 ti-

169 1736 257 1774 tulo
290 1733 438 1772 innc'aea
455 1732 522 1779 sit,
555 1730 743 1782 legitima
765 1729 972 1769 censenda
1002 1733 1063 1768 est
1078 1729 1337 1781 etselicitczti
1348 1730 1612 1783 populor-um
1624 1742 1736 1781 pro—

101 1811 106 1816 ’
165 1802 386 1840 curandae
418 1796 580 1835 idonea.

224 1863 349 1903 Prob.
379 1861 472 1902 Etsi
502 1860 635 1899 civilis
664 1860 904 1907 auctoritas,
936 1861 1072 1912 quoad
1094 1860 1267 1911 primam
1300 1860 1515 1911 originem,
1545 1874 1598 1901 ex
1627 1868 1737 1912 pote—

171 1935 280 1968 state
310 1928 496 1973 ducatur‚
527 1938 608 1976 qua
629 1924 928 1976 paterfamilias
958 1924 1022 1963 ius
1052 1923 1177 1962 habet
1198 1924 1375 1975 ponendi
1406 1924 1591 1963 ordinem
1624 1924 1664 1961 in
1686 1936 1736 1962 ea

174 1990 462 2038 multitudine,
493 1990 582 2028 sive
612 2001 743 2040 parva
773 1987 860 2027 sive
889 2000 1044 2039 magna
1065 2020 1074 2035 ‚
1108 2000 1214 2039 quae
1244 1986 1379 2038 aliquo
1411 1987 1532 2026 modo
1563 1987 1738 2027 refertur

168 2056 221 2094 ad
253 2055 421 2094 domum
442 2086 451 2102 ‚
484 2052 550 2092 cui
580 2052 903 2103 independenter
931 2061 1126 2103 praeest3
1156 2059 1293 2089 tamen
1325 2050 1365 2088 in
1396 2063 1595 2102 processu
1616 2083 1624 2098 ‚
1657 2063 1735 2102 quo

173 2121 406 2173 explicatur
437 2126 476 2159 et
506 2132 558 2158 ex
578 2131 660 2157 uno
689 2118 731 2156 in
752 2117 862 2156 aliud
895 2116 1125 2157 subiectum
1154 2115 1466 2160 transfunditur,
1496 2116 1737 2156 innumeras

170 2186 396 2226 varietates
427 2191 471 2224 et
498 2183 830 2223 modificationes
859 2181 1074 2234 suscipere
1105 2188 1251 2233 potest.
1283 2182 1406 2221 Ratio
1428 2189 1567 2221 autem
1598 2182 1735 2220 nulla-

174 2259 295 2291 tenus
316 2251 438 2298 iubet,
457 2257 500 2289 ut
520 2249 669 2301 ubique
700 2256 740 2289 et
761 2261 924 2300 semper
953 2247 1139 2298 regimen
1161 2247 1305 2286 eodem
1323 2248 1446 2287 modo
1476 2253 1733 2296 exerceatur;

169 2317 245 2356 sed
275 2316 315 2355 id
344 2322 503 2356 tantum
535 2315 673 2363 dictat,
704 2322 747 2353 ut
776 2314 963 2366 regimen
993 2313 1157 2364 aliquot}
1189 2312 1252 2360 sit,
1285 2320 1323 2352 et
1353 2313 1406 2352 ad
1436 2313 1641 2364 publicam
1662 2326 1736 2352 sa-

168 2381 294 2419 lutem
326 2379 548 2419 ordinetur.
593 2379 826 2417 Dummodo
855 2377 980 2429 igitur
1008 2376 1116 2416 iusto
1150 2376 1264 2415 titulo
1304 2377 1532 2415 auctoritas
1562 2376 1602 2414 in
1634 2375 1734 2415 sub-

168 2444 319 2483 iectum
350 2442 527 2493 aliquod,
559 2443 847 2493 quodcumque
867 2441 932 2488 sit,
965 2440 1215 2492 pervenerit3
1236 2440 1466 2490 legitimum
1487 2439 1733 2491 gubernium

167 2512 392 2558 exsurget,
423 2506 488 2544 cui
518 2505 688 2557 proinde
718 2519 743 2544 a
771 2504 946 2544 subditis
976 2503 1208 2543 obedientia
1243 2503 1422 2542 debetur.
1453 2503 1570 2549 Quod
1597 2508 1735 2542 autem

167 2584 353 2624 quaeque
372 2571 503 2610 forma
522 2570 736 2621 regiminis
756 2569 942 2609 felicitati
971 2569 1160 2621 publicae
1183 2569 1473 2621 procurandae
1493 2569 1546 2608 sit
1566 2568 1729 2616 idonea,

168 2636 345 2677 dubitari
374 2637 523 2688 nequit.
555 2638 664 2677 Nam
694 2636 746 2675 ad
776 2635 1011 2675 huiusmodi
1044 2634 1283 2674 felicitatem
1322 2634 1627 2686 procurandam
1658 2634 1735 2672 tria

167 2702 457 2753 requiruntur:
489 2703 627 2742 lumen
657 2701 981 2753 intelligentiae,
1015 2700 1216 2740 rectitudo
1242 2700 1479 2748 voluntatis,
1511 2701 1576 2739 vis
1608 2712 1734 2739 exse-

169 2766 375 2816 cutionis,
406 2774 450 2807 ut
471 2775 752 2819 cognoscatur
772 2766 868 2819 quid
888 2767 1037 2818 populo
1060 2766 1264 2818 expediat,
1298 2765 1418 2818 idque
1448 2766 1610 2805 sincere
1631 2777 1737 2804 ame-

171 2838 251 2879 tur,
282 2837 320 2871 et
349 2832 506 2872 fortiter
525 2833 728 2885 exigatur.
757 2833 893 2884 Atque
923 2832 1028 2871 haec
1052 2832 1130 2871 tria
1150 2831 1318 2883 reperiri
1341 2831 1524 2883 profecto
1546 2837 1736 2882 possunt,

171 2897 263 2935 sive
292 2896 334 2934 in
365 2910 444 2936 uno
475 2897 564 2936 sive
592 2897 632 2936 in
663 2897 847 2948 pluribus
876 2896 1187 2948 imperantibus.
1218 2896 1330 2948 Ergo
1350 2927 1359 2943 ,
1389 2897 1477 2934 sive
1514 2908 1621 2934 unus
1651 2894 1740 2934 sive
