1970 3203
211 263 290 302 214
604 272 670 299 IUS
699 271 901 298 NATURAE
923 282 943 287 -
965 271 1073 298 PARS
1104 271 1128 297 1.
1160 271 1226 298 IUs
1261 270 1431 298 SOCIALE

211 352 290 392 bet.
324 351 430 390 Nam
461 349 650 390 membra
678 349 891 390 societatis
922 356 1019 389 sunt
1047 361 1132 388 non
1163 362 1357 389 seorsum
1388 361 1460 401 per
1491 363 1551 398 se,
1574 351 1647 390 sed
1672 351 1710 390 vi
1735 351 1806 390 fa-

211 414 448 463 miliarum3
480 427 532 454 ex
561 413 709 466 quibus
739 413 929 465 proxime
960 413 1095 453 civilis
1125 413 1311 454 societas
1342 418 1519 462 constat,
1553 423 1591 454 et
1622 428 1799 467 quarum

212 482 405 521 naturale
436 480 624 533 regimen
653 479 810 519 offendi
839 480 992 533 nequit,
1023 479 1122 532 quin
1151 480 1253 520 ordo
1275 479 1451 519 rationis
1472 487 1736 532 pervertatur
1765 486 1806 521 et

212 545 307 596 ipsa
336 544 471 584 civilis
501 544 684 584 societas
714 557 883 596 pessum
905 544 1038 584 abeat.
1063 544 1182 583 Haec
1211 544 1521 584 animadversio
1544 545 1641 584 dum
1663 553 1804 586 osten-

215 608 272 648 dit
299 622 425 659 quam
455 615 726 660 praepostera
754 608 836 648 sint
867 614 906 648 et
936 614 1111 647 naturae
1141 608 1423 660 repugnantia
1453 609 1700 662 monopolia
1721 610 1801 649 illa

213 677 476 723 scholarum,
506 674 546 713 vi
575 688 751 727 quorum
782 674 1025 728 parentibus
1058 674 1336 714 determinata
1366 681 1406 714 et
1432 688 1575 726 eorum
1602 676 1806 715 voluntati

215 739 466 780 dissentiens
496 739 719 792 disciplina
749 753 821 792 pro
853 739 995 779 liberis
1026 738 1279 791 imponitur;
1313 738 1448 791 aperit
1477 738 1602 778 etiam
1632 752 1804 779 causam

214 820 300 847 non
330 807 465 846 levem
496 806 783 846 dissolutionis
814 805 996 855 socialis,
1028 819 1152 859 quam
1177 804 1261 845 sere
1283 804 1434 857 ubique
1460 805 1706 857 gliscentem
1729 805 1805 845 de—

213 873 440 926 ploramus.
471 873 575 912 Cum
606 872 714 911 enim
747 872 929 912 societas
959 873 1012 912 ad
1044 885 1089 912 se
1121 872 1213 923 plus
1243 884 1378 924 aequo
1410 871 1766 924 magnificandam
1794 904 1804 919 ‚

214 937 306 977 iura
334 936 575 977 inferiorum
601 937 852 976 societatum
882 943 1068 988 usurpat,
1101 935 1384 987 suimetipsius
1416 935 1560 974 vitalia
1589 936 1798 975 elementa

217 1002 404 1049 destruit,
436 1015 564 1054 seque
594 1001 647 1040 ad
677 1000 985 1053 corruptionem
1016 999 1206 1052 propellit
1235 1005 1274 1040 et
1303 999 1529 1039 interitum.
1554 999 1671 1039 Haec
1701 1012 1800 1050 pes—

215 1066 324 1106 sima
352 1065 502 1118 agendi
534 1065 641 1105 ratio
673 1079 726 1105 ex
755 1065 1097 1118 protestantismo
1127 1064 1339 1113 manavit,
1371 1063 1439 1116 qui
1472 1063 1720 1103 societatem
1750 1063 1804 1102 ad

214 1132 510 1184 paganismum
540 1132 696 1171 sensim
726 1133 816 1172 sine
847 1145 974 1172 sensu
1003 1131 1222 1178 reducens,
1252 1130 1422 1171 ethnica
1453 1130 1687 1170 voracitate
1708 1129 1802 1168 iura

216 1198 357 1238 omnia
383 1199 640 1251 privatorum
670 1206 710 1239 et
739 1198 991 1238 fumiliarum
1021 1196 1247 1245 absorbuit,
1280 1203 1319 1237 et
1348 1197 1390 1236 in
1413 1198 1554 1236 fictam
1574 1208 1799 1248 personam

215 1265 427 1317 publicam
458 1265 674 1306 societatis
704 1265 931 1317 congessit.

271 1331 333 1369 24.
366 1329 507 1370 officia
533 1329 716 1370 filiorum
745 1341 845 1380 erqa
873 1332 1088 1381 parentes.
1121 1326 1272 1366 Officia
1300 1326 1477 1366 filiorum
1509 1341 1560 1367 ex
1589 1326 1658 1374 iis,
1690 1339 1799 1379 quae

216 1394 288 1434 filii
319 1408 344 1433 a
374 1393 616 1446 parentibus
645 1400 905 1444 receperunt,
935 1391 1011 1431 rite
1041 1391 1312 1431 deducuntur.
1335 1391 1453 1430 Haec
1474 1398 1617 1430 autem
1643 1390 1697 1429 ad
1719 1389 1798 1429 tria

218 1458 436 1498 commode
452 1456 646 1497 revocari
663 1463 852 1509 possunt:
871 1455 1176 1503 exsistentiam,
1197 1454 1509 1503 nutrimentum,
1528 1453 1805 1506 disciplinam.

217 1524 283 1563 Ex
304 1537 352 1564 eo
373 1523 499 1575 igitur
528 1523 638 1576 quod
666 1522 740 1562 filii
769 1522 1011 1574 parentibus
1038 1521 1329 1562 exsistentiam
1359 1528 1577 1572 acceptam
1599 1520 1798 1568 referunt,

215 1588 363 1628 iisdem
394 1588 546 1628 debent
574 1587 854 1627 reverentiam
885 1594 925 1627 et
955 1585 1229 1638 obsequium;
1264 1599 1371 1639 quae
1392 1585 1557 1638 quidem
1576 1585 1619 1623 in
1641 1590 1803 1624 tantum

218 1660 467 1706 augescunt,
489 1663 534 1693 ut
564 1655 653 1694 Deo
674 1654 892 1693 dumtaxat
923 1653 1088 1702 cedant,
1119 1652 1185 1692 cui
1206 1652 1497 1693 exsistentiam
1518 1652 1653 1704 ipsam
1675 1665 1807 1692 acce-

217 1726 331 1774 ptam
348 1721 495 1760 melius
514 1720 669 1760 referre
691 1719 902 1759 debemus.
927 1719 1047 1765 Quod
1067 1725 1206 1758 autem
1227 1732 1280 1759 ex
1302 1719 1546 1770 parentibus
1568 1718 1803 1757 nutrimen-

218 1791 305 1825 tum
336 1786 408 1825 filii
439 1785 701 1838 susceperint
730 1785 771 1824 in
802 1784 990 1837 pueritia;
1022 1784 1261 1836 obligantur
1291 1785 1344 1824 ad
1375 1797 1448 1824 eos
1472 1784 1648 1823 alendos
1683 1796 1811 1824 sene—

221 1857 389 1891 scentes
419 1857 458 1890 et
487 1864 626 1890 rerum
647 1849 823 1902 penuria
838 1849 1091 1888 laborantes.
1115 1848 1315 1901 Denique,
1339 1862 1434 1887 cum
1456 1853 1610 1900 gnatos
1631 1848 1808 1899 regendi

221 1921 262 1955 et
290 1914 523 1954 instruendi
553 1914 738 1954 officium
755 1922 793 1953 et
813 1914 878 1953 ius
909 1913 1152 1965 parentibus
1182 1912 1305 1961 insit;
1339 1911 1580 1952 exhibenda
1611 1911 1661 1950 iis
1692 1918 1755 1951 est
1786 1925 1812 1951 a

220 1982 317 2021 filiis
347 1981 584 2022 obedientia
621 1988 661 2020 et
691 1980 906 2022 subiectio.
947 1982 1175 2032 Postquam
1206 1993 1305 2019 vero
1336 1979 1585 2030 absumptus
1623 1984 1687 2018 est
1711 1977 1812 2017 finis

220 2048 508 2097 educationis,
540 2054 578 2088 et
602 2047 686 2087 iam
716 2047 834 2087 liberi
864 2046 917 2086 ad
947 2059 993 2086 se
1023 2046 1199 2086 alendos
1230 2045 1552 2098 dirigendosque
1581 2043 1813 2092 sufficiunt,

220 2114 357 2166 patria
386 2114 551 2166 quidem
581 2119 769 2166 potestas
800 2126 873 2164 per
903 2125 948 2152 se
981 2112 1142 2160 desinit,
1165 2125 1216 2151 ac
1237 2111 1347 2151 filios
1368 2109 1626 2161 emancipari
1648 2123 1723 2149 seu
1740 2111 1806 2149 sui

219 2179 322 2218 iuris
352 2179 463 2218 effici
492 2178 695 2218 naturalis
724 2178 825 2217 ordo
855 2177 1103 2230 praescribit
1132 2178 1207 2228 i1).
1239 2177 1412 2228 Semper
1451 2181 1593 2215 tamen
1636 2176 1677 2214 in
1709 2175 1813 2227 ipsis

220 2245 377 2297 vigebit
405 2244 586 2284 debitum
615 2244 791 2296 pietatis,
822 2243 1082 2283 reverentiae
1099 2251 1139 2282 et
1155 2241 1431 2295 gratitudinis,
1455 2241 1563 2294 quod
1593 2254 1809 2293 nunquam

221 2311 488 2364 extinguitur.
525 2311 591 2350 Ad
620 2323 828 2350 summam
850 2343 858 2358 ,
889 2310 963 2349 filii
998 2315 1194 2362 parentes
1224 2321 1540 2362 quaquaversus
1581 2308 1806 2355 honorare,

223 2390 298 2417 seu
327 2378 408 2418 illis
438 2377 716 2418 reverentiam
734 2409 744 2425 ,
788 2376 1066 2416 obedientiam
1097 2380 1161 2423 et,
1193 2375 1228 2414 si
1258 2374 1514 2414 necessitate
1548 2381 1805 2426 premantur,

215 2441 417 2482 alimenta
448 2447 664 2494 praestare
696 2440 734 2479 vi
763 2440 864 2479 iuris
895 2447 1069 2479 naturae
1100 2438 1422 2491 adstringuntur
1455 2440 1527 2490 (2).

266 2559 316 2598 (1)
340 2559 479 2590 Natura
503 2567 573 2590 non
589 2558 800 2590 determinat
816 2556 978 2599 praecise
996 2558 1166 2594 aetatem,
1183 2566 1254 2597 qua
1269 2556 1387 2598 patria
1402 2557 1571 2597 potestas
1591 2554 1812 2595 extinguitur

223 2621 266 2644 ac
288 2611 381 2643 silius
406 2611 658 2652 emancipatur.
682 2611 721 2643 Id
745 2611 834 2643 enim
857 2610 989 2652 pendet
1013 2609 1055 2641 ab
1082 2609 1289 2641 evolutione
1305 2607 1569 2648 intelligentiae,
1583 2615 1674 2646 quae
1692 2607 1811 2639 serius

222 2663 277 2695 vel
303 2671 419 2703 ocyus
444 2663 564 2702 quoad
588 2663 814 2704 prudentiam
838 2664 1068 2694 maturescat.
1093 2661 1185 2693 Huic
1207 2659 1526 2693 indeterminationi
1550 2661 1699 2690 naturae
1725 2659 1818 2697 sub:

220 2717 315 2749 venit
337 2717 397 2749 lex
421 2716 530 2749 civilis
549 2742 556 2755 ,
579 2726 670 2757 quae
694 2717 838 2749 diversa
862 2726 945 2748 esse
970 2716 1066 2748 solet
1099 2725 1165 2756 pro
1191 2715 1400 2747 diversitate
1424 2713 1642 2754 populorum
1669 2716 1704 2746 et
1733 2714 1808 2746 cul-

219 2772 324 2801 turae
350 2767 503 2800 socialis.
527 2769 647 2808 Leges
666 2778 834 2801 romanae
852 2768 1058 2801 sanciebant
1073 2770 1207 2807 gnatos
1223 2776 1292 2799 non
1309 2766 1400 2798 effici
1435 2765 1611 2801 maiores,
1628 2765 1693 2797 nisi
1714 2766 1812 2806 quin-

220 2826 296 2856 tum
321 2825 356 2855 et
379 2821 593 2863 vigesimum
617 2822 746 2854 aetatis
771 2832 899 2855 annum
923 2821 1179 2863 explevissent.
1211 2823 1259 2852 At
1282 2819 1504 2852 recentiores
1530 2820 1677 2852 codices
1702 2829 1811 2861 gene-

219 2874 323 2907 ratim
348 2874 527 2915 vigesimo
551 2874 677 2915 primo,
701 2876 761 2906 aut
786 2874 890 2906 etiam
914 2873 1090 2914 vigesimo
1114 2882 1207 2905 anno
1233 2872 1391 2905 contenti
1415 2882 1482 2905 sun
1494 2875 1517 2904 t.

266 2925 317 2967 (2)
345 2938 360 2954 «
384 2928 495 2959 Pater
517 2926 626 2958 habet
650 2926 822 2959 rationem
846 2925 1016 2966 principii,
1040 2924 1134 2957 filius
1158 2927 1278 2957 autem
1306 2924 1415 2956 habet
1439 2925 1613 2957 rationem
1637 2935 1658 2957 a
1680 2925 1807 2967 princi-

225 2980 284 3022 pio
303 2980 524 3013 exsistentis.
542 2980 626 3012 Ideo
638 2989 708 3022 per
724 2988 762 3012 se
778 2979 874 3020 patri
889 2979 1060 3019 competit
1073 2981 1111 3011 ut
1129 2978 1316 3011 subveniat
1328 2978 1421 3018 filio;
1439 2982 1474 3011 et
1489 2982 1641 3021 propter
1657 2979 1727 3011 hoc
1742 2988 1810 3011 non
