1970 3203
101 163 153 204 84
784 170 1006 198 ETHICA

107 266 207 292 num
225 251 408 291 divinum
426 250 479 290 ad
495 249 603 302 quod
621 249 814 289 voluntas
831 246 1045 288 Charitate
1062 245 1448 286 elevatur.Ratione
1469 243 1684 291 individui,

108 323 315 370 quatenus
335 321 510 368 quaerat
531 313 570 353 id
587 312 696 365 quod
711 318 775 352 est
791 312 962 351 alterius
979 311 1146 359 bonum,
1165 309 1260 349 licet
1280 316 1402 349 extra
1421 308 1574 348 limites
1591 307 1688 347 boni

106 382 277 423 humani
293 395 378 422 non
395 381 561 429 feratur,
580 386 621 419 et
640 379 701 419 sic
718 379 910 418 voluntas
926 377 1139 430 perficitur
1152 375 1322 424 iustitia,
1340 376 1516 428 aliisque
1532 373 1689 414 virtuti-

106 450 184 490 bus
203 448 246 487 in
262 447 388 487 alium
410 445 689 494 tendentibus,
710 450 754 485 ut
774 451 836 484 est
858 442 1085 483 liberalitas
1108 448 1147 482 et
1167 440 1422 490 consimiles,
1444 455 1543 481 nam
1564 441 1688 482 iusti-

102 514 161 554 tia
183 520 247 553 est
262 513 304 552 in
326 511 497 552 alterius
520 509 688 550 bonum.
711 511 904 549 Iamvero
924 507 1121 548 Charitas
1142 512 1206 547 est
1227 506 1358 546 virtus
1390 505 1633 558 theologica
1651 512 1691 544 et

106 577 452 633 supernaturalis,
469 581 510 616 et
529 576 583 616 ad
603 575 868 616 dilectionem
898 573 1261 626 supernaturalem
1293 571 1529 624 requiritur.
1561 572 1692 610 Prout

108 651 248 686 autem
266 645 381 684 Deus
403 641 692 683 consideratur
712 646 756 680 ut
777 641 946 680 ultimus
965 638 1062 680 finis
1082 638 1265 678 hominis
1286 638 1397 678 intra
1417 643 1593 677 naturae
1614 643 1691 677 ter-

109 708 260 756 minos,
278 706 505 759 respondet
523 705 701 745 naturali
719 704 923 744 desiderio
939 702 1180 751 voluntatis,
1197 703 1250 742 ad
1267 702 1377 753 quod
1394 702 1592 742 voluntas
1608 714 1691 741 non

107 781 202 827 eget
222 773 379 813 habitu.
404 773 531 824 Ergo,
552 771 753 824 inspectis
774 776 934 809 tantum
957 769 1177 809 virtutibus
1196 767 1440 816 moralibus,
1458 769 1550 808 sola
1570 767 1690 808 iusti-

109 841 166 881 tia
195 845 390 893 respectu
420 838 660 886 voluntatis,
688 842 880 890 supere-st
908 836 1172 876 recensenda
1201 836 1277 888 (1).

591 969 840 1022 CAPUT
879 967 1218 1020 TERTIUM

510 1107 563 1134 DE
593 1107 742 1133 NORMA
772 1105 1050 1133 OPERATIONIS
1079 1104 1288 1131 HUMANAE

162 1226 226 1267 88.
242 1226 562 1277 Argumentum
573 1229 617 1266 et
631 1224 816 1277 partitio.
827 1224 977 1263 Restat
989 1230 1032 1262 ut
1049 1223 1099 1262 de
1113 1221 1297 1262 naturali
1316 1234 1465 1261 norma
1481 1220 1693 1260 actionum

113 1292 426 1345 dirigendarum
458 1292 714 1332 disseramus
736 1324 745 1339 ‚
777 1303 829 1330 ex
859 1303 941 1343 qua
978 1289 1187 1341 completa
1221 1287 1421 1341 obligatio
1451 1287 1692 1327 earumdem

114 1367 313 1411 emergat.
343 1359 464 1398 Haec
493 1363 633 1398 autem
662 1357 827 1410 proprie
856 1357 898 1395 in
929 1357 1022 1408 lege
1051 1355 1131 1396 sita
1160 1360 1235 1395 est.
1266 1354 1355 1395 Etsi
1382 1354 1492 1394 enim
1517 1354 1693 1394 rationis

109 1425 263 1466 iudicia
279 1431 484 1478 quatenus
500 1425 726 1464 honestum
747 1438 772 1463 a
793 1422 901 1476 turpi
922 1422 1175 1470 discernunt,
1192 1422 1273 1468 hoc
1293 1420 1383 1473 ipso
1407 1420 1596 1471 regulam
1613 1420 1692 1460 ali-

105 1506 229 1545 quam
252 1491 453 1544 operandi
474 1499 515 1531 et
535 1489 833 1543 obligationem
850 1488 1075 1541 improprie
1096 1487 1251 1528 dictam
1269 1487 1534 1540 suppeditent
1552 1486 1692 1539 (siqui-

104 1558 196 1598 dem
209 1572 277 1598 res
298 1557 435 1598 omnis
451 1556 760 1610 quodammodo
781 1556 858 1597 sibi
875 1555 995 1595 debet
1011 1561 1054 1594 ut
1069 1553 1171 1593 nihil
1188 1553 1355 1602 efficiat,
1369 1553 1477 1606 quod
1494 1553 1687 1605 propriae

106 1632 282 1665 naturae
303 1624 524 1677 repugnat)
542 1622 841 1671 ;‘nihilominus
861 1620 1088 1674 perfectam
1108 1633 1300 1660 normam
1332 1625 1372 1659 et
1392 1619 1480 1659 veri
1501 1618 1684 1659 nominis

112 1690 408 1744 obligationem
421 1703 504 1729 non
515 1689 723 1737 exhibent,
734 1688 814 1728 nisi
831 1687 938 1740 legis
955 1686 1117 1739 proprie
1134 1685 1273 1726 dictae
1290 1690 1484 1724 naturam
1503 1685 1689 1728 induant.

111 1756 158 1794 Id
178 1754 342 1808 quidem
365 1768 417 1794 ex
437 1754 500 1802 iis,
522 1766 628 1806 quae
649 1766 748 1792 mox
770 1752 970 1799 dicemus,
991 1750 1225 1790 luculenter
1244 1749 1462 1802 apparebit
1482 1763 1490 1789 2
1512 1749 1587 1790 sed
1607 1749 1690 1789 iam

110 1832 221 1858 nunc
242 1817 466 1866 innuimus,
484 1823 528 1857 ut
545 1817 670 1856 huius
686 1815 884 1868 postremi
903 1815 1051 1867 capitis
1069 1821 1362 1867 argumentum
1385 1820 1564 1862 constet,
1582 1815 1692 1867 quod

109 1890 241 1924 totum
269 1883 312 1923 in
342 1884 435 1936 lege
459 1883 580 1936 eique
602 1882 779 1922 adnexis
800 1881 1038 1921 notionibus
1061 1880 1309 1920 versabitur.
1333 1881 1463 1920 Porro
1495 1881 1602 1920 haec
1624 1881 1694 1921 lex

109 1963 204 1989 cum
230 1949 271 1989 in
302 1949 424 1989 nobis
453 1962 479 1988 a
508 1954 661 1988 natura
690 1947 886 1995 dimanet,
919 1946 1137 1986 naturalis
1166 1945 1421 1985 nominatur.
1445 1946 1562 1992 Quae
1593 1959 1693 1986 vero

108 2013 242 2065 ipsam
274 2012 461 2060 attinent,
494 2013 547 2051 ad
576 2012 683 2051 haec
714 2011 854 2064 capita
883 2010 1074 2050 revocari
1102 2016 1286 2062 possunt:
1318 2011 1348 2048 Ι.
1382 2010 1439 2050 Ut
1464 2010 1552 2050 eius
1580 2010 1692 2051 notio

111 2084 150 2117 et
167 2075 412 2116 exsistentia
429 2077 677 2125 declaretur3
696 2077 749 2115 ΙΙ.
767 2077 820 2115 Ut
836 2088 929 2115 eam
950 2074 1169 2114 sanctione
1190 2075 1329 2128 aliqua
1350 2075 1536 2127 gaudere
1555 2080 1690 2116 osten—

108 2141 242 2191 datur3
274 2142 347 2180 III.
372 2142 429 2182 Ut
450 2141 540 2181 eius
565 2150 835 2183 numerentur
868 2141 1156 2194 proprietates;
1180 2141 1252 2180 IV.
1274 2141 1331 2180 Ut
1366 2140 1420 2179 ad
1449 2139 1688 2180 adsolutum

108 2206 273 2259 aliquod
304 2213 585 2259 praeceptum,
616 2208 726 2259 quod
746 2214 982 2247 ceterorum
1014 2206 1139 2246 veluti
1159 2206 1371 2258 generalis
1408 2205 1589 2245 formula
1625 2205 1691 2253 sit,

108 2271 344 2319 reducatur;
375 2271 425 2309 V.
456 2271 512 2310 Ut
542 2283 680 2310 sermo
702 2271 775 2310 fiat
796 2271 846 2310 de
871 2270 1057 2310 eiusdem
1079 2269 1361 2322 applicatione
1391 2269 1443 2307 ad
1465 2281 1590 2308 casus
1612 2281 1690 2320 pe-

110 2335 304 2383 culiares,
327 2348 434 2387 quae
455 2336 627 2376 moralis
662 2336 924 2376 conscientia
957 2342 1233 2388 nuncupatur.
1266 2335 1476 2382 Quocirca
1513 2335 1693 2388 quinque

113 2400 300 2441 articulis
331 2408 455 2453 caput
485 2401 566 2441 hoc
597 2401 975 2454 comprehenditur.

748 2510 994 2548 Ammonis
1026 2509 1056 2547 I.

378 2587 445 2626 De
476 2591 678 2640 conceptu
705 2590 746 2627 et
773 2586 1019 2627 exsistentia
1054 2586 1160 2638 leyz‘s
1190 2586 1421 2626 naturalis.

166 2663 229 2704 89.
261 2662 362 2712 Quid
389 2663 470 2703 lex.
502 2664 640 2715 Leges
659 2663 892 2716 generatim
915 2677 940 2703 a
961 2663 1255 2716 Montesquieu
1287 2662 1538 2704 definiuntur
1558 2662 1626 2711 ita,
1651 2670 1694 2704 ut

107 2727 192 2768 sint
209 2726 480 2767 necessariae
496 2728 733 2775 relationes,
743 2742 849 2780 quae
867 2741 918 2768 ex
935 2741 1075 2768 rerum
1095 2734 1245 2768 natura
1261 2729 1476 2768 dimanant
1489 2728 1562 2779 (2).
1581 2727 1693 2767 Hinc

154 2834 204 2874 (1)
232 2835 294 2875 Qq.
317 2832 418 2875 Disp.
445 2833 619 2869 Quaestio
643 2834 697 2865 De
721 2834 920 2867 virtutibus
945 2834 983 2867 in
1010 2834 1207 2872 communi,
1234 2844 1262 2866 a.
1289 2835 1316 2866 5.

153 2887 205 2927 (2)
232 2888 285 2920 De
309 2886 472 2928 Z'Esprit
496 2886 562 2920 cles
586 2886 668 2925 lois,
691 2886 709 2918 l.
737 2887 760 2926 1,
784 2898 810 2920 c.
837 2888 857 2919 Ι.
