1970 3203
257 241 337 280 ‘246
633 253 697 280 ius
727 253 929 279 NATURAE
953 261 970 269 -
1004 253 1111 280 PARS
1140 253 1177 279 11.
1208 253 1274 280 ius
1305 253 1476 280 soeiALE

259 330 370 368 tione
401 329 525 377 sacta,
557 328 648 368 illos
679 329 728 368 de
759 329 893 381 gradu
924 329 1074 378 deiicit,
1105 329 1231 370 utitur
1260 331 1346 370 iure
1377 344 1465 380 suo;
1497 344 1575 371 nec
1597 331 1763 372 rebellis
1783 345 1852 384 ap-

261 396 481 447 pellandus
512 401 603 443 est,
636 395 742 434 sicut
772 409 856 435 non
887 397 1120 448 appellatur
1149 396 1315 437 rebellis
1345 397 1564 450 princeps,
1597 397 1664 450 qui
1695 398 1851 437 officia-

259 464 322 502 les
352 459 515 512 aliquos
546 473 718 499 munere
749 459 942 500 destituit.
972 460 1091 499 Haec
1121 467 1185 499 est
1213 460 1513 513 irrefragabilis
1543 468 1720 501 naturae
1750 462 1820 501 lex
1841 494 1852 510 ‚

261 528 408 563 contra
437 536 563 575 quam
584 523 666 562 vim
686 524 839 563 nullam
858 524 986 564 habet
1015 524 1188 577 quaevis
1218 524 1302 563 alia
1322 524 1490 576 politica
1509 525 1749 566 constitutio
1774 527 1852 577 (1).

264 589 333 629 Sic
364 589 553 641 legitima
582 590 762 631 efficitur
791 591 1031 643 perduellio;
1061 591 1188 630 immo
1218 591 1259 630 in
1289 591 1355 630 ius
1385 592 1652 641 convertitur,
1684 606 1764 646 quo
1795 593 1854 633 uti

259 667 333 706 pro
354 653 468 693 libito
488 660 624 705 potest
644 655 882 704 multitudo;
905 655 1058 707 singuli
1079 662 1220 696 autem
1237 655 1353 695 cives
1373 662 1566 708 respectu
1586 658 1710 697 huius
1732 671 1851 697 sum-

259 720 316 759 mi
345 720 591 773 imperantis
622 721 792 761 omnino
821 721 1120 774 personalitate
1150 722 1382 774 spoliantur
1411 723 1486 775 (2).

315 784 392 824 His
423 784 590 834 deliriis,
621 786 713 838 plus
742 786 891 834 minus,
912 799 1063 826 recens
1084 786 1385 826 Liberalismus
1405 786 1598 839 agitatur;
1620 787 1688 839 qui
1708 800 1846 839 aeque

259 863 311 890 ac
343 851 576 898 Rousseau‚
609 850 763 890 sontem
793 851 1053 890 auctoritatis
1083 850 1125 889 in
1156 851 1306 903 populo
1336 851 1515 891 collocat
1526 864 1535 899 ;
1566 857 1700 902 atque,
1724 850 1784 891 ita
1806 857 1851 890 ut

259 928 353 954 eam
386 917 562 968 populus
591 915 903 956 communicare
933 916 1027 955 aliis
1057 917 1194 968 quoad
1224 915 1470 955 exercitium
1499 916 1643 968 possit,
1675 917 1750 956 sed
1779 917 1854 956 ab·

265 981 406 1023 dicare
435 995 647 1034 nunquam
678 983 823 1035 possit.

768 1111 1238 1152 PROPOSITIONES.

314 1246 377 1282 55.
410 1245 667 1283 PRoposmo
699 1232 756 1282 1⁰⁸.
796 1243 983 1282 Theorz'a
1001 1242 1269 1290 Roasseaoiz,
1293 1241 1457 1282 civilem
1479 1241 1782 1281 auctoritatem
1803 1254 1856 1280 εκ»

265 1310 493 1347 contracta
524 1307 737 1355 derivans,
769 1306 958 1347 absurda
989 1310 1060 1346 est.

315 1374 437 1413 Prob.
471 1374 499 1414 I.
531 1387 581 1414 ex
612 1373 817 1425 principio
847 1373 888 1412 in
919 1386 999 1425 quo
1031 1373 1237 1413 fundatur.
1269 1373 1362 1413 Hoc
1395 1372 1641 1425 principium
1672 1378 1736 1412 est
1766 1371 1854 1410 ina-

258 1438 511 1477 lienabilitas
540 1437 743 1478 libertatis
774 1439 1007 1487 humanae;
1037 1451 1120 1491 qua
1148 1438 1190 1477 in
1211 1451 1267 1486 re,
1289 1444 1333 1477 ut
1352 1450 1444 1477 mos
1465 1437 1749 1490 sophistarum
1772 1444 1850 1485 est,

256 1505 530 1557 ambiguitate
552 1504 669 1544 vocis
689 1505 884 1546 abutitur.
908 1507 1015 1545 Nam
1037 1506 1208 1546 libertas
1224 1505 1378 1557 duplici
1394 1518 1524 1545 sensu
1541 1504 1677 1557 accipi
1699 1509 1853 1556 potest:

257 1582 408 1622 nempe
436 1570 501 1609 vel
531 1576 737 1622 quatenus
767 1570 990 1622 opponitur
1019 1570 1209 1610 servituti
1239 1570 1403 1623 proprie
1434 1570 1581 1619 dictae,
1611 1572 1677 1610 vel
1700 1577 1849 1624 quate-

258 1647 339 1673 nus
368 1634 588 1687 opponitur
618 1634 866 1674 subiectioni
897 1634 1020 1683 civili,
1052 1648 1133 1688 qua
1161 1635 1287 1674 homo
1317 1634 1555 1674 auctoritati
1586 1634 1778 1686 publicae
1799 1634 1849 1674 fit

259 1699 479 1738 abnoxius.
513 1699 653 1738 Prima
682 1699 857 1738 alienari
901 1699 953 1739 ab
983 1699 1153 1738 homine
1182 1698 1352 1750 nequit3
1385 1698 1589 1750 siquidem
1618 1698 1742 1737 homo
1763 1730 1773 1746 ,
1806 1704 1849 1735 ut

258 1779 385 1818 saepe
417 1766 608 1814 diximus,
630 1766 670 1804 in
693 1765 960 1818 mancipium,
982 1766 1091 1817 quod
1108 1765 1165 1805 rei
1182 1778 1354 1817 prorsus
1369 1765 1637 1812 assimiletur,
1661 1766 1850 1803 converti

257 1842 470 1882 nunquam
491 1836 637 1881 potest3
655 1835 875 1882 propterea
895 1830 1004 1881 quod
1026 1829 1208 1882 dignitas
1229 1829 1465 1881 personalis
1481 1841 1531 1868 ex
1557 1827 1648 1867 eius
1665 1827 1851 1867 essentia

260 1894 458 1942 dimanat,
490 1908 584 1934 cum
616 1907 747 1947 eaque
768 1908 851 1935 non
874 1895 1036 1934 solubili
1058 1907 1168 1934 nexu
1190 1894 1464 1934 connectitur.
1488 1893 1683 1933 Secunda
1706 1906 1728 1932 e
1745 1906 1850 1933 con-

259 1961 388 2000 trario
408 1973 492 2000 non
513 1963 635 2001 modo
657 1967 791 2015 potest
813 1961 999 2009 alienari,
1022 1962 1096 2001 sed
1113 1962 1165 2001 ad
1184 1975 1276 2001 eam
1298 1961 1566 2002 alienandam
1587 1966 1738 2000 natura
1758 1960 1852 2013 ipsa

305 2069 355 2108 (1)
381 2069 440 2101 Du
465 2072 639 2101 contrad
661 2069 794 2107 sociat,
817 2069 836 2100 l.
862 2069 886 2107 Ι,
909 2079 928 2101 c
962 2071 991 2101 3.

298 2122 349 2162 (2)
374 2122 473 2153 Haec
484 2121 625 2154 theoria
639 2121 734 2154 aliud
757 2131 826 2154 non
844 2124 900 2154 est
919 2122 1125 2162 quidquam,
1139 2121 1205 2154 nisi
1228 2121 1552 2163 protestantismus
1570 2121 1682 2153 ordini
1701 2121 1848 2161 politico

253 2175 467 2217 applicatus.
493 2175 670 2208 Audiatur
692 2176 794 2208 Stha]
815 2202 822 2213 ‚
844 2176 950 2208 testis
975 2177 1042 2208 hac
1064 2176 1095 2208 in
1118 2186 1156 2208 re
1181 2175 1320 2208 minime
1338 2177 1534 2216 suspectus
1553 2185 1560 2206 :
1586 2185 1601 2203 «
1626 2176 1677 2207 La
1698 2175 1848 2207 riforma

253 2226 348 2259 della
371 2227 501 2259 Chiesa
524 2227 579 2259 nel
605 2227 729 2259 secolo
744 2227 990 2260 deciinosesto
1008 2237 1163 2260 assunse
1182 2229 1226 2260 ad
1241 2237 1285 2260 un
1296 2230 1419 2269 tempo
1436 2237 1569 2270 presso
1589 2227 1732 2269 ipopoli
1749 2227 1846 2260 latini

254 2291 272 2313 e
297 2281 391 2313 nella
412 2284 516 2322 parte
539 2280 727 2313 riformata
754 2291 799 2313 un
826 2285 1005 2314 carattere
1029 2282 1315 2314 assolutamente
1337 2281 1494 2323 politico.
1519 2281 1579 2313 Sin
1604 2282 1650 2313 da
1672 2281 1847 2323 principio

255 2333 284 2364 s'
303 2333 454 2374 insegno
478 2333 572 2366 nella
595 2333 839 2365 Costituzione
863 2333 958 2366 della
981 2334 1109 2366 Chiesa
1133 2336 1264 2373 questa
1287 2333 1463 2371 dottrina,
1487 2334 1552 2365 che
1577 2335 1663 2371 moe,
1687 2333 1846 2365 secondo

255 2397 302 2420 un
326 2388 448 2420 ordine
472 2388 587 2420 divino
611 2388 828 2420 immutabile
859 2388 957 2427 (iure
981 2388 1125 2428 (livino)
1143 2414 1150 2426 ‚
1173 2388 1208 2420 la
1231 2397 1452 2420 comunanza
1475 2387 1665 2426 cristiana,
1690 2386 1846 2420 siccome

251 2439 288 2471 la
312 2450 532 2472 comunanza
555 2441 609 2472 de'
624 2440 723 2473 Santi
741 2466 748 2478 ‚
772 2440 888 2472 debba
911 2451 1017 2473 avere
1042 2441 1064 2472 il
1088 2443 1214 2482 potere
1239 2450 1410 2482 supremo
1441 2440 1533 2473 nelle
1557 2450 1644 2473 cose
1677 2440 1847 2472 ecclesia-

254 2495 376 2527 sticho.
401 2496 428 2527 E
453 2496 482 2527 si
506 2496 600 2527 ando
624 2495 759 2527 innanzi
783 2495 814 2527 in
839 2495 953 2528 alcuni
977 2495 1077 2537 paesi
1102 2505 1120 2527 e
1145 2495 1403 2537 specialmente
1427 2496 1519 2528 dove
1535 2496 1570 2528 la
1588 2496 1740 2536 potesta
1760 2495 1844 2536 poli-

252 2547 326 2579 tica
356 2548 385 2580 si
411 2558 601 2590 opponeva
624 2549 696 2581 alla
718 2548 866 2581 riforma
882 2575 889 2587 ,
914 2559 1052 2591 oppure
1083 2549 1153 2581 alla
1177 2549 1336 2590 signoria
1359 2549 1454 2582 della
1471 2548 1656 2582 comunita
1681 2549 1850 2581 ecclesia-

256 2601 358 2639 stica,
382 2603 428 2633 da
453 2606 643 2635 sostenere
667 2604 732 2635 che
754 2603 791 2635 la
815 2603 996 2635 comunita
1020 2604 1197 2641 de'Santi.
1220 2604 1243 2636 il
1267 2604 1405 2645 popolo
1429 2603 1463 2636 di
1491 2603 1571 2641 Dio,
1593 2603 1699 2634 abbia
1726 2603 1772 2634 da
1801 2603 1850 2635 lui

250 2653 415 2685 ricevuto
432 2654 452 2684 il
480 2664 650 2695 supremo
674 2657 802 2696 potere
821 2655 853 2687 in
866 2655 1044 2696 generale:
1063 2666 1080 2688 e
1097 2657 1186 2697 pero
1200 2657 1312 2689 anche
1333 2658 1467 2696 quanto
1485 2655 1558 2687 alla
1581 2654 1723 2687 societa
1739 2655 1851 2687 civile,

253 2716 272 2738 e
299 2706 417 2747 quindi
441 2707 545 2739 abbia
568 2708 589 2739 il
614 2708 736 2740 diritto
761 2709 838 2740 anzi
862 2708 885 2740 il
910 2709 1043 2741 (lovere
1069 2708 1102 2741 di
1127 2709 1281 2750 cleporre
1307 2709 1386 2749 quei
1402 2718 1441 2741 re
1465 2709 1530 2740 che
1553 2710 1798 2741 resistessero
1815 2705 1845 2740 ai

257 2761 412 2802 precetti
437 2761 469 2793 di
495 2762 573 2799 Dio,
593 2772 661 2794 non
678 2764 742 2795 che
767 2761 955 2803 giudicarli
971 2772 989 2794 e
1012 2762 1148 2804 punirli.
1164 2763 1220 2794 Da
1239 2765 1371 2803 questa
1387 2761 1503 2794 teoria
1517 2771 1702 2802 nacquero
1725 2762 1758 2794 le
1774 2761 1846 2793 vio-

251 2813 347 2846 lente
375 2812 565 2854 agitazioni
591 2814 624 2846 di
648 2814 780 2847 Scozia
804 2824 821 2846 e
839 2814 1100 2855 d’Inghilterra,
1124 2824 1142 2846 e
1158 2813 1190 2846 in
1203 2815 1420 2855 Inghilterra
1435 2814 1689 2856 speoialmente
1707 2814 1741 2846 la
1753 2813 1846 2845 rivo-

248 2868 394 2900 luzione
410 2867 576 2909 politica;
595 2867 629 2899 la
645 2868 761 2907 quale,
777 2877 846 2900 non
864 2871 1008 2901 ostante
1024 2868 1059 2900 la
1075 2877 1141 2900 sua
1160 2868 1339 2909 profonda
1361 2867 1565 2906 dis-ferenza,
1583 2868 1612 2900 si
1627 2867 1731 2900 vuole
1745 2877 1766 2899 a
1786 2877 1841 2899 ra—

251 2921 357 2963 gione
375 2921 610 2954 considerare
626 2931 728 2953 come
742 2921 874 2953 foriera
889 2921 985 2954 della
999 2922 1171 2954 francese.
1186 2934 1202 2951 »
1225 2921 1356 2954 storia
1379 2921 1481 2955 della
1498 2922 1684 2965 Filosofia
1698 2920 1758 2954 del
1777 2921 1837 2953 Di-

251 2975 341 3008 ritto
367 2985 439 3008 ecc.
484 2975 543 3007 lib.
567 2975 622 3013 ΙΙΙ,
646 2984 719 3013 seZ,
742 2976 785 3013 V,
814 2985 842 3008 c.
869 2975 889 3007 1.
