1970 3203
235 210 288 250 48
917 227 1136 254 ETnicA

237 301 493 353 impossibile
514 307 683 342 omnino
713 315 806 342 esse
827 306 870 341 ut
903 303 1181 355 (quocumque
1201 302 1323 341 modo
1353 302 1393 342 id
1414 302 1688 357 intelligatur)
1709 304 1820 344 iudi-

239 366 347 406 cium
364 367 462 407 boni
482 380 533 407 ac
555 366 652 405 mali
674 366 845 406 moralis
867 365 1053 407 facultati
1074 366 1302 407 sensitivae
1322 379 1398 406 seu
1420 369 1646 420 organicae
1672 381 1822 409 conve-

236 433 334 472 niat.
349 431 549 471 Iudicium
564 431 672 470 enim
690 430 785 470 boni
797 444 847 471 ac
861 431 958 470 mali
975 430 1145 470 moralis
1163 436 1226 470 est
1241 430 1478 470 absolutum
1495 438 1534 471 et
1549 430 1821 480 immutabile,

235 496 446 548 perceptio
476 501 614 543 aut-em
636 502 675 536 et
694 495 907 535 inclinatio
930 494 1096 535 sensilis
1126 501 1188 534 est
1207 494 1383 534 relativa
1414 495 1467 534 ad
1501 495 1817 548 dispositionem

236 561 410 601 subiecti
433 561 663 610 sentientis,
695 566 735 601 et
764 561 950 600 variatur
979 572 1053 612 pro
1083 558 1311 598 variatione
1341 572 1608 611 organorum.
1631 559 1699 599 Sic
1733 559 1817 599 fre-

234 632 406 679 quenter
426 626 552 667 etiam
568 626 609 666 in
628 631 737 668 statu
755 624 957 671 sanitatis,
977 623 1087 676 quod
1103 622 1210 675 sapit
1226 622 1307 671 uni,
1325 635 1408 662 non
1430 621 1536 674 sapit
1553 623 1682 671 alteri,
1705 628 1748 662 ut
1765 635 1818 662 ex

232 696 369 742 gustu,
401 690 455 729 ad
483 690 601 730 cuius
631 689 871 742 analogiam
901 686 1135 727 adversarii
1164 686 1429 739 confugiunt,
1473 687 1710 739 exemplum
1741 700 1817 727 ca—

232 752 410 805 piamus.

341 819 568 858 Praeterea
586 818 807 858 facultates
825 815 1003 856 sensiles
1018 828 1093 855 seu
1110 814 1337 867 organicae
1354 827 1432 855 nec
1449 814 1645 854 iudicium
1663 828 1741 855 nec
1757 829 1819 856 ra-

233 884 545 926 tiocinationem
567 897 767 925 exercere
788 897 866 924 nec
886 883 1003 922 ideas
1021 882 1244 935 generales
1266 881 1421 922 habere
1442 889 1630 934 possunt.
1653 883 1817 923 Etenim

233 952 275 992 in
293 952 647 1005 repraesentando
663 951 860 1004 passivae
877 962 1050 1002 prorsus
1066 954 1163 988 sunt
1177 954 1371 1000 respectu
1393 948 1543 989 obiecti
1565 950 1768 1002 corporei,
1795 965 1820 991 a

233 1033 313 1072 quo
334 1024 566 1067 moventur,
582 1024 620 1059 et
636 1032 662 1058 a
683 1016 990 1057 conditionibus
1011 1015 1301 1056 materialibus
1318 1015 1466 1068 organi
1482 1030 1508 1056 a
1524 1030 1604 1069 quo
1620 1017 1815 1070 pendent,

231 1086 528 1139 praescindere
545 1089 766 1138 nequeunt.
785 1084 923 1131 Quare
940 1083 980 1122 id
999 1088 1156 1122 tantum
1174 1082 1331 1122 referre
1348 1083 1500 1131 valent,
1518 1085 1626 1136 quod
1648 1097 1674 1123 a
1690 1085 1816 1125 rebus

231 1151 410 1190 materia
426 1149 636 1189 concretis
652 1147 856 1196 obiicitur,
879 1147 920 1186 in
942 1159 1072 1199 eoque
1094 1145 1241 1186 ordine
1264 1146 1433 1186 nonnisi
1454 1147 1669 1187 individua
1689 1149 1819 1201 perci-

231 1215 359 1267 piunt.
381 1216 436 1254 At
458 1227 558 1254 vero
581 1212 776 1253 discretio
797 1211 893 1251 boni
915 1211 980 1250 vel
1001 1210 1099 1250 mali
1121 1210 1291 1250 moralis
1312 1210 1466 1251 iudicia
1485 1216 1524 1250 et
1545 1224 1673 1263 saepe
1695 1212 1816 1252 ratio-

233 1278 478 1327 cinationes,
499 1289 746 1330 semperque
767 1276 884 1315 ideas
900 1275 1120 1327 generales
1137 1274 1321 1324 includit;
1346 1275 1548 1327 siquidem
1567 1282 1718 1316 natura
1733 1290 1812 1316 sua

234 1359 286 1386 ex
306 1346 455 1385 intuitu
471 1345 720 1385 relationum
741 1349 781 1383 et
801 1356 855 1383 ex
876 1341 1034 1381 ordinis
1054 1340 1349 1393 perspicientia
1369 1343 1545 1383 resultat
1573 1348 1614 1382 et
1643 1355 1697 1382 ex
1718 1356 1814 1382 con-

237 1412 447 1453 venientia
490 1411 669 1451 actionis
699 1423 795 1450 cum
824 1410 908 1449 fine
936 1409 1093 1448 ultimo.
1120 1409 1232 1460 Ergo
1263 1408 1316 1447 ad
1351 1408 1542 1448 altiorem
1572 1409 1813 1451 facultatem

233 1480 423 1533 pertinet,
454 1493 579 1531 quam
610 1478 664 1518 sit
693 1490 844 1517 sensus
874 1482 946 1515 aut
975 1475 1040 1515 vis
1069 1474 1383 1528 qualiscumque
1414 1476 1629 1527 organica.

289 1547 444 1595 Tertio,
466 1544 701 1592 oblectatio,
733 1557 857 1597 quam
887 1543 1111 1582 honestum
1133 1548 1173 1582 et
1193 1540 1389 1582 decorum
1414 1542 1536 1582 nobis
1556 1542 1818 1596 ingenerant,

233 1617 476 1666 horrorque,
507 1624 628 1664 quem
645 1609 821 1662 inspirat
840 1608 1058 1661 turpitudo,
1081 1621 1154 1660 per
1175 1620 1221 1647 se
1237 1620 1319 1647 non
1343 1608 1496 1648 crescit
1515 1622 1594 1649 nec
1616 1610 1820 1649 minuitur

231 1681 348 1719 iuxta
377 1676 579 1716 maiorem
600 1674 883 1726 minoremque
904 1671 1201 1725 perfectionem
1230 1671 1516 1713 sensibilitatis
1535 1680 1720 1722 nostrae,
1739 1680 1812 1714 aut

233 1759 308 1798 pro
325 1741 594 1796 exquisitiore
617 1744 943 1791 temperamento
965 1738 1208 1778 fibrillarum
1239 1750 1549 1790 corporearum.
1573 1741 1705 1780 Immo
1727 1753 1818 1780 sae-

235 1825 286 1865 pe
302 1811 514 1850 inversam
531 1807 667 1860 potius
688 1806 893 1846 rationem
915 1804 1111 1857 sequitur,
1131 1805 1556 1858 accommodaturque
1576 1806 1713 1859 magis
1736 1807 1818 1846 cul-

234 1887 353 1916 turae
383 1874 510 1914 animi
531 1879 657 1925 atque
677 1869 902 1911 evolutioni
923 1868 1234 1921 intelligentiae.
1257 1869 1368 1921 Ergo
1386 1868 1580 1918 facultas,
1597 1883 1723 1923 quam
1744 1883 1813 1909 re-

234 1942 367 1996 spicit,
403 1954 487 1980 non
508 1939 614 1980 inter
630 1937 852 1978 sensibiles
873 1942 944 1976 aut
962 1934 1195 1989 generatim
1217 1934 1444 1987 organicas
1467 1935 1573 1975 vires
1601 1936 1817 1988 reperitur,

234 2011 308 2051 sed
324 2009 377 2049 ad
394 2007 649 2060 superiorem
663 2003 841 2043 refertur
857 2002 985 2042 animi
1001 2007 1178 2055 partem,
1197 2014 1303 2053 quae
1325 2000 1541 2053 spirituum
1566 2001 1619 2041 sit
1634 2002 1812 2053 propria.

287 2073 349 2114 38.
381 2073 639 2112 PRoposmo
669 2068 725 2107 2³.
757 2067 974 2107 Iudicium
1006 2064 1265 2105 moralitatis
1296 2064 1354 2104 ad
1385 2077 1554 2104 sensam
1584 2065 1813 2117 quemdam

235 2136 511 2191 spiritualem
539 2133 755 2187 pertinere
786 2131 944 2184 nequit.

290 2200 411 2241 Prob.
431 2199 692 2244 Hutcheson,
714 2197 780 2249 qui
804 2196 972 2236 Scotiae
995 2195 1177 2234 Scholae
1198 2192 1332 2246 prima
1347 2191 1443 2232 iecit
1463 2191 1748 2242 fundamenta,
1763 2194 1818 2233 ad

237 2265 448 2306 notionem
478 2261 576 2302 boni
607 2260 778 2300 moralis
799 2259 840 2299 in
861 2272 938 2299 nos
962 2258 1253 2305 inducendam,
1271 2256 1513 2296 facultatem
1534 2255 1666 2308 fingit,
1689 2270 1814 2309 quam

232 2363 298 2386 son
321 2351 445 2385 talent!
472 2349 566 2382 Mais
584 2349 867 2390 repondra—t-on:
885 2348 1098 2378 Avez-vous
1116 2344 1279 2377 examine
1294 2344 1483 2385 beaucoup
1501 2344 1545 2376 de
1564 2345 1660 2376 tetes
1678 2345 1816 2378 d'hom-

231 2416 321 2445 mes,
338 2407 397 2447 qui
410 2406 507 2438 n’ont
523 2413 590 2446 pas
607 2412 668 2436 ces
685 2401 886 2444 capacites?
902 2401 1100 2441 Etes-xjous
1116 2400 1178 2430 sur
1193 2407 1262 2439 que
1275 2398 1353 2430 n'en
1366 2397 1629 2430 rencontreriez
1644 2408 1711 2440 pas
1725 2409 1813 2432 avec

233 2459 287 2491 les
300 2459 436 2490 memes
453 2455 599 2493 saillies,
611 2455 664 2487 les
681 2456 817 2486 memes
834 2452 986 2485 besses?
1002 2451 1213 2492 N’importe,
1229 2450 1279 2482 dit
1299 2450 1331 2482 le
1356 2449 1588 2490 cranologue‚
1606 2450 1636 2482 si
1652 2450 1688 2482 la
1704 2450 1816 2484 bosse

235 2512 291 2552 s'y
305 2514 443 2547 trouve,
456 2508 488 2540 le
501 2507 614 2540 talent
626 2506 753 2544 existe,
766 2505 963 2538 seulement
977 2503 998 2537 il
1014 2505 1107 2536 n'est
1122 2512 1189 2544 pas
1203 2503 1414 2544 developpe.
1431 2502 1524 2534 Mais
1537 2501 1632 2534 voila
1645 2511 1688 2534 un
1699 2506 1815 2543 grand

234 2566 432 2606 geometra
444 2573 488 2595 un
498 2562 614 2603 grand
627 2559 796 2593 musicien
814 2559 873 2600 qui
887 2560 984 2592 n'ont
1001 2568 1067 2600 pas
1084 2560 1187 2590 votre
1200 2557 1323 2589 bosse.
1334 2556 1544 2598 N’importe,
1555 2556 1693 2597 repond
1710 2556 1743 2590 le
1760 2567 1818 2591 se-

235 2620 356 2658 etaire,
369 2628 510 2659 croyez.
527 2617 631 2655 Mais,
646 2617 764 2656 quand
780 2615 803 2647 il
820 2626 842 2657 y
859 2614 973 2647 aurait
994 2614 1174 2654 toujours‚
1186 2612 1340 2653 reprend
1358 2611 1390 2643 le
1419 2609 1616 2652 saeptique,
1631 2610 1716 2643 telle
1734 2622 1816 2646 con-

234 2671 426 2705 formation
438 2671 557 2704 reunie
574 2680 661 2702 avec
676 2668 761 2701 telle
779 2667 952 2709 apffitucte,
967 2666 989 2699 il
1002 2665 1159 2698 faudrait
1175 2674 1304 2698 encore
1319 2671 1481 2706 prouver
1499 2671 1567 2702 que
1581 2671 1621 2694 ce
1636 2662 1731 2695 n'est
1745 2674 1815 2705 pas

234 2737 300 2760 une
319 2727 446 2768 simple
465 2725 687 2758 coincidence
702 2726 737 2756 et
754 2732 823 2763 que
839 2723 871 2755 le
884 2722 996 2754 talent
1014 2721 1096 2754 d'un
1114 2721 1257 2753 homme
1273 2718 1363 2750 tient
1385 2716 1594 2749 reellement
1609 2716 1631 2747 a
1653 2715 1688 2748 la
1702 2718 1818 2752 forme

233 2783 278 2815 de
309 2791 376 2814 son
393 2783 506 2813 crane.
527 2781 677 2821 Croyez,
693 2786 785 2810 vous
812 2776 928 2818 dis-je,
954 2776 1093 2818 repond
1119 2775 1152 2807 le
1178 2771 1443 2812 Phrenologue;
1461 2771 1496 2802 et
1524 2769 1582 2802 les
1606 2771 1740 2811 esprits
1758 2774 1817 2813 qui

235 2832 447 2868 accueillent
471 2842 558 2864 avec
582 2831 867 2871 empressement
894 2829 927 2861 le
961 2838 1078 2869 vague
1103 2829 1138 2860 et
1160 2827 1193 2859 le
1217 2824 1449 2858 merveilleux
1473 2822 1634 2863 croyentl
1669 2822 1717 2855 Ils
1754 2822 1816 2860 ont

234 2888 367 2924 raison,
384 2896 444 2919 car
462 2878 506 2918 ils
522 2886 730 2922 s'amusent‚
747 2887 782 2917 et
798 2883 833 2915 la
843 2884 955 2915 verite
976 2892 1018 2915 ne
1031 2883 1109 2915 leur
1131 2878 1332 2922 inspirerait
1358 2888 1425 2919 que
1443 2877 1485 2909 de
1501 2875 1636 2909 l’ennui.
1651 2888 1667 2907 »
1684 2878 1814 2913 Pre'eis

237 2934 408 2981 Element.
434 2941 479 2974 de
504 2941 665 2984 Plzysiol.
688 2940 741 2972 De
766 2940 800 2972 la
823 2938 1002 2977 memoire,
1026 2945 1108 2980 pag.
1132 2936 1192 2968 224
1215 2935 1246 2967 in
1269 2936 1363 2968 nota.
