1970 3203
212 190 265 230 40
895 202 1111 230 ETHICA

215 282 404 332 respectu
424 279 619 319 rationis.
648 294 667 317 (<
689 280 735 318 In
756 278 917 319 actibus
941 277 1185 330 (humanis),
1206 278 1264 317 ait
1290 278 1330 317 S.
1355 279 1553 328 Thomas,
1575 279 1730 319 bonam
1755 287 1794 320 et

214 343 376 382 malurn
406 342 565 391 dicitur,
583 356 655 395 per
681 342 1038 395 comparationem
1060 342 1113 382 ad
1134 341 1350 391 rationem;
1372 343 1480 395 quia,
1501 350 1544 383 ut
1563 343 1792 395 Dionysius

212 408 334 457 dicit,
365 407 521 448 bonum
551 409 736 449 hominis
765 412 826 449 est
845 409 1076 449 secandum
1099 409 1311 448 rationem
1340 421 1438 458 esse,
1461 411 1623 449 malum
1646 413 1805 460 (atatem>

211 477 465 527 estpraeter
487 476 710 515 rationem.
735 475 969 528 Unicuique
991 475 1102 516 enim
1122 474 1182 515 rei
1204 481 1268 516 est
1287 475 1443 515 bonum
1464 476 1573 528 quod
1593 475 1792 516 convenit

214 541 251 581 ei
279 542 511 581 secundum
541 555 661 582 suam
692 542 882 592 formam,
915 548 954 582 et
974 542 1126 581 malum
1147 542 1255 595 quod
1276 548 1339 582 est
1359 541 1396 581 ei
1416 548 1581 595 praeter
1601 543 1790 583 ordinem

213 618 315 645 suae
344 604 505 644 formae
537 605 611 657 (1).
636 621 656 644 »
680 606 783 653 Quis
804 612 943 646 autem
964 606 1016 646 sit
1036 605 1143 654 fons,
1166 606 1275 645 unde
1296 605 1499 646 eiusmodi
1523 606 1701 659 qualitas
1722 606 1791 646 ho-

215 667 389 708 nestatis
413 669 479 707 vel
500 668 765 721 turpitudinis
787 670 1006 718 derivetur,
1028 669 1071 708 in
1091 669 1172 709 hoc
1193 670 1367 711 articulo
1389 670 1705 723 vestigabimus.

267 734 330 775 30.
360 734 537 776 Errores
567 736 688 777 varii.
719 738 929 777 Praesens
951 736 1198 788 disceptatio
1219 750 1268 777 eo
1290 737 1427 790 magis
1453 744 1515 778 est
1536 737 1794 786 necessaria,

217 799 326 851 quod
346 813 429 840 non
453 800 657 842 defuerint
677 802 871 843 homines
891 816 916 842 a
938 802 1115 844 veritate
1136 802 1197 842 sic
1216 803 1354 852 alieni,
1375 809 1418 843 ut
1438 804 1576 844 nullas
1605 803 1795 844 actiones

215 872 366 906 natura
396 880 473 906 sua
503 867 653 917 bonas,
669 875 740 908 aut
756 870 889 909 malas
922 882 1015 909 esse
1043 869 1232 909 dixerint.
1254 870 1424 910 Hobbes
1445 870 1554 910 enim
1574 870 1617 909 in
1637 870 1793 922 primis,

217 945 311 970 cum
343 932 555 973 hominem
585 939 708 974 extra
728 935 893 975 civilem
916 935 1162 976 societatem
1184 935 1360 975 ferinum
1381 936 1549 976 omnino
1571 950 1622 976 ac
1644 936 1792 977 belluis

213 995 389 1034 similem
420 997 600 1046 finxerit,
632 1011 797 1039 omnem
828 999 1106 1039 moralitatem
1135 1000 1348 1039 actionum
1384 1006 1624 1041 nostrarum
1649 1013 1703 1041 ex
1725 1000 1797 1039 hu-

212 1072 339 1098 mana
367 1060 624 1102 institutione
655 1069 694 1103 et
723 1063 886 1116 legibus
907 1063 1100 1116 generari
1121 1063 1268 1103 effutiit
1287 1066 1359 1117 (2).
1381 1064 1490 1104 Huic
1512 1063 1641 1104 errori
1664 1063 1791 1103 affine

213 1132 276 1165 est
306 1127 496 1167 delirium
528 1128 883 1178 Saint-Lambert,
906 1129 973 1182 qui
995 1129 1138 1169 statuit
1158 1130 1383 1170 bonitatem
1406 1131 1472 1170 vel
1498 1129 1807 1182 turpitudinem

213 1193 425 1233 actionum
456 1195 736 1236 humanarum
767 1210 821 1236 ex
851 1196 1152 1237 consuetudine
1173 1203 1213 1237 et
1243 1197 1437 1250 opinione
1458 1197 1703 1250 populorum
1732 1196 1797 1235 de-

212 1260 339 1300 rivari
370 1262 443 1312 (3).
476 1261 554 1302 His
582 1263 706 1315 longe
727 1264 864 1304 minus
886 1264 1041 1304 erravit
1064 1263 1391 1312 Puffendorfius,
1413 1263 1482 1316 qui
1503 1263 1579 1303 etsi
1602 1262 1791 1303 actiones

213 1324 424 1365 humanas
454 1338 527 1377 per
556 1339 602 1366 se
632 1326 846 1378 inspectas
877 1327 1162 1367 indifferentes
1192 1341 1286 1368 esse
1316 1328 1457 1375 voluit,
1487 1340 1630 1367 earum
1652 1332 1793 1365 tamen

213 1388 492 1429 moralitatem
522 1403 547 1429 a
577 1390 653 1430 Dei
676 1390 935 1444 beneplacito
959 1397 997 1430 et
1018 1391 1111 1443 lege
1127 1391 1307 1443 positiva
1327 1390 1496 1431 deduxit
1520 1392 1596 1443 (4).
1619 1389 1793 1430 Reiecto

213 1453 323 1493 enim
354 1455 568 1508 principio,
599 1457 651 1496 ab
681 1457 874 1497 omnibus
901 1457 985 1497 sere
1015 1457 1275 1509 philosophis
1304 1457 1519 1498 admisso:
1559 1456 1797 1496 Actionam

214 1521 508 1561 humanarum
539 1523 750 1575 quasdam
783 1524 872 1564 ideo
896 1524 1099 1576 praecipi
1123 1523 1226 1576 qaia
1257 1524 1391 1564 bonae
1419 1526 1531 1572 sunt,
1554 1524 1666 1563 alias
1698 1536 1798 1563 vero

214 1586 305 1628 ideo
336 1588 467 1628 bonas
497 1602 583 1629 esse
612 1590 716 1642 quia
737 1590 1076 1643 praecipiuntur
1095 1605 1112 1637 ;
1144 1595 1183 1630 et
1211 1590 1409 1639 vicissim,
1446 1591 1679 1630 nonnullas
1704 1589 1798 1629 ideo

215 1654 353 1693 vetari
380 1655 484 1707 quia
516 1657 656 1695 malae
685 1658 795 1704 sant,
829 1659 869 1696 et
896 1657 1008 1696 alias
1038 1656 1130 1696 ideo
1163 1658 1302 1696 malas
1331 1669 1417 1696 esse
1437 1657 1541 1708 qaia
1564 1658 1764 1696 vetantur
1782 1671 1798 1703 ‚-

214 1729 361 1757 omnes
400 1718 764 1759 indiscriminatim
795 1719 984 1760 actiones
1013 1719 1222 1759 humanas
1249 1733 1272 1759 a
1301 1720 1432 1760 libera
1462 1720 1538 1760 Dei
1581 1721 1797 1761 voluntate

213 1781 351 1832 quoad
381 1781 581 1821 malitiam
613 1783 676 1822 vel
697 1782 925 1824 bonitatem
946 1783 1128 1836 pendere
1150 1784 1299 1824 docuit.
1331 1785 1399 1824 Sic
1429 1784 1638 1824 internam
1661 1785 1796 1824 actio-

213 1859 312 1885 num
331 1848 608 1889 moralitatem
625 1849 806 1898 abstulit,
824 1856 1042 1890 externam
1059 1851 1278 1893 dumtaxat
1294 1851 1468 1904 reliquit.
1492 1851 1570 1891 His
1591 1852 1797 1893 accedunt

213 1912 503 1954 rationalistae
534 1916 943 1965 transcendentales‚
967 1916 1034 1969 qui
1056 1916 1289 1958 libertatem
1319 1918 1547 1959 humanam
1580 1919 1630 1958 de
1661 1918 1799 1959 medio

219 1977 432 2029 pellentes,
463 1992 609 2019 omnes
638 1980 827 2020 actiones
856 1986 926 2020 aut
955 1981 1008 2020 ad
1037 1981 1207 2021 fatalem
1228 1981 1550 2034 explicationem
1579 1981 1792 2031 Absoluti,

221 2042 328 2094 quod
359 2044 486 2091 aiunt,
517 2051 588 2085 aut
617 2044 670 2084 ad
700 2058 858 2085 meram
889 2045 1186 2086 necessitatem
1214 2055 1427 2085 revocant.

778 2173 1246 2214 PROPOSITIONES.

269 2307 331 2345 31.
363 2308 621 2347 PaoposlTlo
654 2306 709 2347 1³.
731 2306 968 2345 Actiomtm
999 2307 1291 2346 humanarum
1321 2305 1549 2346 moralitas
1579 2319 1664 2345 non
1689 2319 1797 2360 pen-

217 2372 288 2412 det
315 2372 363 2412 ab
396 2374 596 2425 opinione
617 2374 896 2426 populorum.

272 2436 392 2476 Prob.
426 2437 481 2476 δί*
499 2436 638 2488 opinio
668 2437 939 2477 constitueret
965 2437 1185 2476 honestum
1205 2441 1245 2476 et
1265 2443 1393 2490 turpe,
1415 2436 1558 2489 quaeri
1580 2436 1623 2475 in
1652 2436 1799 2488 primis

217 2509 361 2554 posset
390 2503 498 2542 unde
519 2503 571 2543 sit
592 2503 701 2556 quod
722 2504 858 2555 opinio
880 2504 985 2543 tales
1006 2503 1141 2556 potius
1165 2516 1289 2556 quam
1310 2505 1416 2543 alias
1437 2502 1623 2543 actiones
1644 2503 1796 2555 impro-

219 2564 380 2605 baverit
398 2567 462 2605 vel
480 2566 808 2618 approbavarit?
831 2567 1024 2607 Profecto
1041 2567 1164 2607 huius
1187 2567 1507 2608 existimationis
1528 2567 1633 2607 ratio
1657 2567 1795 2620 aliqua

218 2632 433 2671 afferenda
453 2638 526 2672 est.
551 2633 687 2673 Homo
707 2633 814 2673 enim
832 2633 884 2672 ad
901 2633 1154 2685 opinandum
1176 2633 1314 2686 aliqua
1335 2646 1501 2685 semper
1522 2633 1685 2674 ratione
1703 2649 1797 2675 mo-

259 2748 309 2788 (1)
335 2748 493 2780 Summa
518 2748 567 2780 th.
592 2750 632 2781 1.·
656 2751 700 2782 2⁸⁶
725 2759 760 2790 q.
784 2751 913 2788 XXIII,
937 2760 964 2782 a.
993 2752 1020 2782 5.

259 2804 311 2844 (2)
340 2804 393 2836 Dc
419 2803 505 2836 Cive
529 2814 557 2836 c.
581 2805 678 2842 XIV,
702 2804 718 2845 ξ
745 2806 791 2836 17.

260 2856 311 2898 (3)
337 2856 425 2888 Vide
450 2857 601 2895 Cousm,
627 2857 742 2889 Cours
767 2856 802 2889 d*
818 2857 911 2889 His-t.
938 2856 982 2889 (le
1001 2857 1133 2899 philos.
1163 2855 1318 2894 mot-ale,
1344 2856 1447 2896 Iecon
1470 2857 1509 2888 V.

265 2912 316 2953 (4)
343 2912 394 2944 De
418 2912 499 2945 ius-e
523 2916 688 2945 natur-ae
712 2915 746 2944 et
767 2912 933 2953 „qentium
958 2913 991 2944 L.
1019 2912 1042 2950 I,
1066 2921 1091 2943 c.
1119 2911 1155 2943 II.
