1970 3203
199 205 276 245 312
578 216 644 243 1th
674 216 877 243 NATURAE
899 226 920 232 -
941 216 1049 242 PARS
1081 217 1116 242 11.
1146 216 1211 243 ms
1242 215 1413 243 socmiAE

198 289 334 342 ipsum
365 288 552 328 ordinem
575 290 774 330 moralem
796 281 976 339 ekercet3
999 297 1184 342 potestas
1206 291 1422 332 Ecclesiae
1444 304 1527 331 non
1549 291 1683 331 solum
1706 305 1787 331 ex-

200 361 362 393 ternum
393 353 467 392 sed
495 353 703 393 internum
734 354 858 395 etiam
889 354 1102 394 hominem
1133 367 1205 406 per
1234 368 1280 395 se
1309 356 1503 407 respicit,
1543 369 1593 395 ac
1626 355 1785 395 directe

198 419 334 470 ipsum
364 419 553 460 ordinem
574 421 776 460 moralem
797 421 974 473 attingit;
997 427 1084 460 tum
1104 434 1167 469 ea,
1188 434 1294 474 quae
1314 422 1451 462 sancit
1470 422 1511 461 in
1532 422 1666 470 terris,
1690 434 1776 462 con-

199 483 420 522 firmantur
448 483 490 522 in
522 484 663 524 caelis.
695 485 833 525 Brevi:
857 499 907 525 ea
927 485 1068 524 onmia
1089 499 1195 538 quae
1216 485 1269 525 ad
1298 493 1513 538 utramque
1535 486 1782 527 societatem

200 545 418 598 pertinent,
449 547 546 587 licet
574 549 758 601 analoga
787 549 870 590 sint
900 556 1055 597 mutuo,
1086 556 1225 589 tamen
1255 557 1351 589 sunt
1382 551 1506 603 longe
1535 551 1714 600 diversa;
1748 558 1790 591 et

202 618 360 651 tanturn
391 613 498 653 inter
528 627 574 654 se
603 614 827 664 differunt,
858 621 1057 668 quantum
1087 616 1251 655 caelum
1282 629 1307 654 a
1336 622 1447 655 terra
1477 615 1714 669 discrepat,
1748 627 1790 657 et

199 678 301 717 ordo
330 680 660 730 supernaturalis
689 695 714 720 a
743 682 936 722 naturali.
967 683 1102 734 Atque
1131 681 1229 720 hinc
1258 687 1372 734 patet
1400 682 1525 722 etiam
1547 683 1668 724 tertia
1689 696 1789 736 pars

200 743 510 794 propositionis,
540 757 691 797 nempe
719 746 830 798 quod
849 745 1067 798 imperium
1088 746 1306 786 Ecclesiae
1326 746 1380 786 sit
1400 746 1684 798 praestantius
1708 748 1789 786 im-

202 808 318 859 perio
340 809 464 848 civili.
486 811 594 850 Nam
616 811 705 851 eius
725 811 821 851 finis
843 818 906 851 est
922 811 1056 859 altior,
1078 811 1197 863 origo
1219 811 1408 860 divinior,
1431 812 1620 853 extensio
1642 813 1794 862 maior,

202 874 340 913 media
368 876 584 926 nobiliora,
615 877 852 918 coniunctio
884 878 1095 918 sociorum
1123 878 1318 926 intimior,
1340 892 1434 917 cum
1455 892 1540 918 non
1564 879 1688 919 modo
1711 893 1790 919 ex-

204 946 346 981 ternas
377 943 654 995 operationes,
685 945 758 984 sed
788 945 966 984 affectus
995 944 1120 983 etiam
1151 944 1377 984 voluntatis
1406 952 1446 984 et
1466 945 1615 985 mentis
1636 945 1790 985 iudicia

203 1005 425 1058 pertingat.
445 1007 597 1047 Omnia
612 1008 738 1060 igitur
752 1009 1080 1061 elementa‚quae
1097 1008 1151 1048 ad
1166 1017 1358 1048 naturam
1377 1009 1590 1049 societatis
1617 1010 1797 1050 attinent

203 1071 503 1111 excellentiora
531 1080 630 1111 sunt
658 1072 700 1111 in
731 1073 976 1123 Ecclesiae,
1008 1087 1133 1126 quam
1162 1073 1204 1112 in
1236 1074 1355 1114 Statu
1385 1074 1566 1126 politico.

716 1268 960 1308 Solvuntur
988 1269 1272 1322 difficultates.

257 1395 347 1433 123.
382 1394 511 1434 Obc'z'c.
538 1397 567 1434 Ι.
590 1394 813 1448 Imperium
835 1397 925 1437 sine
947 1397 1112 1450 proprio
1134 1397 1353 1445 territorio,
1374 1397 1417 1436 in
1439 1411 1517 1450 quo
1538 1397 1797 1438 iurisdictio-

204 1472 299 1499 nem
317 1473 437 1499 suam
454 1468 662 1510 exerceat,
685 1462 848 1515 concipi
865 1463 1017 1515 nequit.
1033 1462 1158 1515 Atqui
1179 1462 1373 1502 Ecclesia
1389 1468 1506 1501 caret
1526 1462 1691 1514 proprio
1711 1469 1798 1502 ter-

203 1525 359 1575 ritorio;
389 1540 488 1566 nam
518 1541 710 1580 quaeque
731 1536 865 1569 terrae
887 1529 1012 1581 plaga
1032 1528 1157 1568 alicui
1178 1529 1323 1569 subest
1342 1528 1515 1581 imperio
1537 1528 1662 1568 civili.
1686 1529 1800 1581 Ergo

203 1605 289 1631 non
320 1601 383 1633 est
412 1593 499 1634 veri
529 1595 712 1635 nominis
741 1595 972 1648 imperium.

258 1657 308 1696 R.
344 1659 467 1697 Cone.
498 1660 599 1698 mai.
629 1669 670 1701 et
691 1673 796 1712 nego
820 1660 920 1699 min.
941 1660 1007 1700 Ad
1026 1659 1145 1700 cuius
1166 1660 1455 1712 probationem
1476 1661 1571 1700 dist.
1596 1661 1798 1713 Quaeque

203 1729 340 1764 terrae
370 1726 496 1778 plaga
525 1726 650 1765 alicui
671 1726 815 1766 subest
834 1726 1007 1778 imperio
1033 1727 1157 1775 civili,
1178 1727 1288 1779 quod
1307 1727 1506 1780 impedire
1527 1728 1673 1780 nequit
1693 1741 1800 1780 quo-

205 1790 342 1830 minus
377 1792 525 1831 eadem
562 1792 765 1832 subdatur
793 1793 969 1845 imperio
1001 1794 1219 1834 Ecclesiae
1257 1794 1395 1846 quoad
1424 1795 1551 1833 finem
1582 1794 1792 1847 proprium

206 1856 446 1908 religionis,
477 1870 604 1904 conc,·
634 1858 744 1909 quod
772 1857 908 1909 ipsam
937 1857 1137 1910 impedire
1166 1858 1256 1898 iure
1286 1858 1430 1910 possit,
1463 1871 1582 1910 neyo.

258 1922 443 1962 Domini
469 1925 531 1962 est
561 1927 679 1962 terra
710 1927 750 1963 et
770 1924 995 1976 plenitudo
1027 1925 1118 1964 eius
1148 1926 1221 1977 (1).
1253 1925 1342 1964 Iam
1372 1937 1472 1964 vero
1495 1925 1607 1964 Deus
1639 1924 1701 1964 sic
1724 1926 1798 1965 Ec-

209 1989 384 2028 clesiam
415 1989 605 2038 instituit,
635 1997 679 2029 ut
699 1989 735 2029 ei
759 1998 1026 2042 praeceptum
1056 1998 1095 2030 et
1113 1991 1177 2030 ius
1209 1991 1366 2031 dederit
1395 2004 1441 2031 se
1472 1991 1729 2031 diffundendi
1765 1992 1808 2031 in

205 2055 448 2095 universam
485 2061 652 2096 terram.
681 2057 804 2095 Hanc
834 2056 959 2108 igitur
999 2070 1072 2109 pro
1102 2057 1308 2097 territorio
1338 2057 1417 2109 ipsi
1448 2057 1644 2098 attribuit.
1677 2057 1800 2098 Unde
1846 2084 1850 2088 -

207 2122 248 2161 S.
280 2123 524 2162 Bernardus
552 2122 606 2161 ad
636 2122 872 2174 Eugenium
894 2123 966 2171 III,
989 2136 1197 2162 summum
1218 2123 1480 2171 Pontificem,
1502 2123 1693 2162 scribens
1714 2122 1803 2166 aie,

207 2188 291 2228 bat:
325 2188 435 2229 Orbe
464 2189 704 2228 exeundum
734 2192 797 2228 est
824 2189 863 2228 ei
881 2222 891 2236 ,
924 2189 1002 2241 qai
1022 2191 1140 2239 forte
1172 2190 1282 2228 volet
1307 2190 1537 2242 explorare
1566 2202 1677 2241 quae
1707 2201 1793 2227 non

208 2255 266 2294 ad
297 2257 415 2294 τίιαιη
436 2255 660 2308 pertinent
687 2268 840 2294 curam
871 2255 947 2305 (2).
979 2255 1088 2294 Hinc
1121 2254 1315 2296 Ecclesia
1344 2267 1498 2294 nomen
1527 2254 1767 2294 catholicae
1795 2285 1804 2301 ,

209 2321 315 2361 idest
344 2321 598 2362 universalis
614 2354 623 2370 ‚
655 2321 734 2360 sibi
754 2321 965 2361 adsciscit.
989 2321 1107 2367 Quod
1128 2328 1268 2360 autem
1290 2321 1482 2373 singulae
1503 2327 1638 2361 terrae
1660 2326 1801 2373 partes

208 2385 333 2425 alicui
363 2386 475 2425 civili
504 2385 668 2425 subsint
697 2385 869 2433 ditioni,
900 2385 942 2424 id
971 2398 1115 2424 veram
1147 2385 1432 2425 difficultatem
1463 2399 1547 2425 non
1577 2386 1732 2433 habet,
1762 2385 1803 2423 si

208 2451 567 2490 animadvertatur
588 2450 810 2490 diversitas
832 2449 1046 2502 utriusque
1071 2448 1244 2501 imperii.
1268 2449 1461 2489 Ecclesia
1478 2450 1588 2489 enim
1608 2447 1803 2488 homines

210 2513 288 2553 sibi
318 2515 455 2554 subdit
484 2515 619 2567 quoad
650 2514 837 2554 ordinem
868 2521 907 2554 et
936 2514 1063 2553 finem
1095 2513 1204 2553 vitae
1233 2520 1442 2562 aeternae,
1464 2519 1659 2565 respectu
1681 2512 1800 2551 cuius

211 2578 346 2618 civilis
375 2579 607 2619 auctoritas
636 2579 793 2618 nullum
824 2591 897 2630 per
926 2592 970 2618 se
991 2578 1054 2617 ius
1076 2578 1214 2627 habet,
1238 2591 1333 2617 cum
1355 2577 1521 2618 nonnisi
1542 2589 1682 2616 rerum
1704 2589 1799 2615 ma-

210 2642 419 2682 terialium
449 2650 490 2682 et
519 2642 676 2682 ordinis
706 2644 948 2695 temporalis
981 2642 1137 2682 ambitu
1167 2642 1442 2682 contineatur.

254 2851 304 2891 (1)
330 2852 388 2883 Ps.
413 2851 527 2883 XXV.

235 2907 303 2947 (2)
329 2906 382 2939 De
409 2905 732 2944 Considet‘atione,
759 2906 777 2937 1.
804 2907 859 2945 ΙΙΙ,
884 2917 910 2939 c.
938 2907 959 2938 l.
