1970 3203
427 230 563 258 CAPUT
590 229 642 256 111.
673 229 726 255 DE
754 228 900 256 NORMA
930 229 1205 257 OPERATIONIS
1234 230 1441 256 HUMANAE
1640 217 1718 258 101

157 305 356 356 plectens,
378 302 447 342 ait:
471 317 490 341 «
509 303 584 341 Est
604 301 768 354 quidem
791 315 892 341 vera
911 303 978 342 lex
998 307 1113 342 recta
1132 301 1250 351 ratio,
1272 308 1448 342 naturae
1469 314 1723 354 congruens,

155 368 305 407 diffusa
330 367 372 405 in
400 379 558 415 omnes,
580 373 792 413 constans,
814 366 1079 418 sempiterna,
1101 380 1208 418 quae
1229 374 1354 407 vocat
1374 367 1426 405 ad
1447 367 1630 406 officium
1653 365 1720 405 iu·-

152 431 298 479 bendo,
319 431 495 471 vetando
516 445 542 470 a
556 431 699 470 fraude
716 430 931 469 deterret...
950 430 1057 469 Huic
1075 431 1157 482 legi
1176 443 1253 470 nec
1270 430 1467 482 obrogari
1483 430 1545 470 fas
1562 436 1637 478 est,
1655 443 1723 469 ne-

154 509 232 550 que
253 495 445 548 derogari
466 509 520 536 ex
541 497 622 536 hac
644 495 798 547 aliquid
818 495 925 534 licet.
945 495 1031 535 Nec
1050 508 1149 535 vero
1166 502 1236 534 aut
1252 509 1325 548 per
1342 497 1539 535 Senatum
1557 501 1629 534 aut
1648 507 1721 547 per

153 560 349 612 populum
371 558 477 599 solvi
496 560 577 598 hac
600 559 693 611 lege
714 571 948 610 possumus,
966 570 1099 610 neque
1115 565 1179 598 est
1194 560 1456 611 quaerendus
1473 560 1722 611 explanator

155 631 226 664 aut
245 624 450 676 interpres
480 623 571 663 eius
591 623 710 663 alius.
734 624 821 663 Nec
842 623 917 662 erit
937 623 1020 662 alia
1040 624 1106 662 lex
1127 624 1298 671 Romae,
1321 624 1403 663 alia
1426 623 1615 672 Athenis,
1636 623 1723 663 alia

152 703 277 738 nunc,
299 690 381 729 alia
404 689 600 742 posthac;
622 689 695 729 sed
717 695 756 729 et
772 702 917 728 omnes
938 694 1085 740 gentes
1107 694 1146 727 et
1166 688 1278 727 omni
1301 694 1483 740 tempore
1502 702 1585 728 una
1599 689 1667 729 lex
1684 694 1724 728 et

155 755 411 808 sempiterna
430 760 470 795 et
485 753 754 794 immutabilis
774 754 1019 801 continebit;
1042 767 1231 806 unusque
1252 754 1328 793 erit
1348 755 1580 794 communis
1601 754 1721 806 quasi

156 820 357 872 magister
386 824 426 858 et
445 819 668 870 imperator
698 818 895 865 omnium,
918 820 1042 857 Deus.
1070 819 1142 857 Ille
1173 818 1277 870 legis
1295 818 1417 857 huius
1438 819 1643 866 inventor,
1668 819 1723 859 di-

157 890 380 936 sceptator,
410 884 534 931 lator,
558 883 624 922 cui
644 883 711 936 qui
732 897 815 923 non
837 883 1007 936 parebit,
1029 883 1117 935 ipse
1137 895 1182 923 se
1203 882 1344 935 fugiet,
1365 896 1416 922 ac
1439 891 1631 922 naturam
1652 883 1725 922 ho·

155 950 278 990 minis
299 955 559 1001 aspernatus,
576 950 657 989 hoc
671 950 762 1001 ipso
779 950 861 988 luet
878 948 1085 988 maximas
1102 961 1272 1000 poenas,
1291 948 1455 989 etiamsi
1473 956 1613 989 cetera
1629 963 1723 1001 sup-

154 1015 288 1067 plicia,
309 1028 414 1067 quae
435 1021 641 1067 putantur,
663 1014 854 1067 effugerit
875 1016 946 1065 (1).
971 1030 989 1051 ³>

667 1146 906 1186 Solvuntur
935 1145 1220 1198 dffcultates.

209 1278 297 1319 104.
322 1277 449 1317 Obic’c.
472 1277 502 1316 I.
525 1277 616 1316 Lex
636 1275 838 1315 naturalis
867 1275 1028 1315 iudiciis
1049 1274 1221 1314 rationis
1243 1275 1492 1323 continetur,
1514 1289 1621 1328 quae
1642 1289 1723 1316 no·-

157 1343 218 1383 bis
239 1342 420 1382 divinam
440 1342 695 1380 voluntatem
716 1340 957 1392 significant
977 1339 1091 1379 circa
1108 1353 1170 1386 ea,
1187 1352 1293 1392 quae
1310 1339 1430 1379 nobis
1446 1339 1638 1379 facienda
1656 1341 1722 1380 vel

155 1407 327 1446 vitanda
346 1411 453 1445 sunt.
474 1407 530 1445 At
548 1418 646 1444 vero
669 1404 808 1444 divina
829 1405 1021 1444 voluntas
1042 1404 1173 1444 libera
1193 1410 1266 1444 est.
1287 1405 1412 1456 Ergo,
1430 1404 1465 1443 si
1484 1406 1570 1444 Deo
1593 1404 1654 1445 sic
1670 1405 1722 1444 li-

157 1472 329 1520 buisset,
350 1472 418 1511 lex
447 1470 647 1510 naturalis
676 1469 758 1509 alia
786 1476 1009 1522 praecepta
1038 1471 1383 1522 complecteretur
1406 1472 1618 1510 contraria
1639 1472 1722 1519 his,

156 1550 262 1590 quae
292 1536 414 1575 modo
445 1535 622 1575 exhibet.
653 1535 846 1583 Proinde,
868 1535 1075 1574 mutabilis
1106 1535 1282 1575 dicenda
1311 1540 1386 1575 est.
1410 1535 1582 1583 Deinde,
1606 1537 1725 1588 leges

156 1600 358 1655 physicae
389 1599 539 1638 mutari
567 1605 752 1650 possunt,
774 1599 921 1638 saltem
952 1613 977 1638 a
997 1600 1105 1647 Deo;
1132 1611 1232 1651 ergo
1254 1612 1279 1637 a
1298 1598 1388 1650 pari
1417 1600 1484 1638 lex
1504 1599 1720 1639 naturalis.

157 1667 309 1714 Tertio,
331 1664 545 1717 legislator
564 1665 774 1704 humanus
794 1664 1002 1716 abrogare
1022 1671 1159 1715 potest
1178 1664 1313 1715 legem
1330 1678 1356 1703 a
1375 1677 1420 1703 se
1442 1665 1583 1703 latam.
1607 1666 1723 1717 Ergo

156 1746 182 1772 a
201 1731 360 1772 fortiori
387 1731 427 1770 id
447 1729 596 1782 poterit
621 1730 752 1778 Deus;
774 1742 898 1769 secus
919 1729 1125 1769 inferioris
1155 1735 1266 1769 esset
1287 1729 1548 1777 conditionis,
1571 1736 1610 1770 et
1630 1743 1656 1769 a
1677 1742 1724 1770 re

156 1798 394 1838 extrinseca
412 1795 706 1836 necessitatem
725 1795 944 1847 acciperet.

209 1864 258 1903 R.
281 1864 345 1902 Ex
365 1862 430 1910 iis,
444 1874 547 1912 quae
568 1860 780 1913 superiore
801 1862 975 1901 articulo
993 1860 1201 1913 disputata
1221 1868 1327 1909 sunt,
1345 1861 1494 1913 oppido
1512 1862 1649 1914 liquet,
1669 1863 1722 1901 le-

155 1939 251 1979 gem
270 1925 501 1965 naturalem
516 1938 599 1964 non
615 1924 669 1963 ad
683 1925 815 1964 solam
835 1925 909 1964 Dei
927 1925 1181 1964 voluntatem
1199 1925 1383 1964 ordinem
1402 1925 1627 1974 includere,
1646 1925 1722 1965 sed

157 1991 282 2032 etiam
306 1991 359 2030 ad
380 1990 561 2029 divinam
581 1989 841 2042 sapientiam,
864 1989 1069 2029 essentias
1090 2002 1226 2029 rerum
1248 2002 1473 2042 earumque
1494 1990 1721 2030 relationes

157 2054 398 2095 necessario
415 2054 799 2100 dictantem.Quare
815 2054 920 2093 ratio
937 2053 1133 2093 bonitatis
1150 2059 1220 2092 aut
1235 2052 1429 2099 malitiae,
1448 2067 1554 2106 quae
1571 2054 1611 2092 in
1627 2055 1722 2106 lege

157 2118 335 2158 naturali
365 2117 629 2158 observanda
648 2118 713 2157 vel
734 2117 1079 2169 transgredienda
1097 2116 1313 2168 reperitur,
1336 2129 1419 2156 non
1441 2116 1562 2157 unice
1584 2117 1719 2157 dima-

157 2188 228 2221 nat
250 2195 302 2221 ex
323 2181 487 2221 divinae
507 2180 732 2221 voluntatis
751 2180 934 2232 imperio,
957 2180 1030 2220 sed
1049 2179 1310 2231 potissimum
1337 2193 1389 2219 ex
1411 2179 1635 2220 dictamine
1657 2180 1721 2219 di-

158 2244 242 2285 vini
267 2245 514 2292 intellectus,
537 2244 604 2296 qui
625 2257 763 2284 rerum
781 2245 986 2283 essentias
1007 2244 1321 2295 contempletur,
1344 2250 1548 2295 quatenus
1569 2256 1722 2283 neces-

160 2309 312 2349 sarium
334 2309 519 2349 ordinem
534 2309 752 2349 involvunt
766 2310 818 2348 ad
836 2309 1017 2348 divinam
1033 2309 1271 2348 essentiam.
1291 2310 1421 2348 Immo
1439 2315 1654 2360 respectus
1671 2309 1725 2348 ad

160 2374 340 2413 divinam
357 2374 615 2425 sapientiam,
631 2388 685 2414 ex
700 2388 779 2427 quo
796 2375 1006 2414 derivatur
1027 2375 1228 2414 honestas
1245 2375 1308 2414 vel
1325 2374 1546 2426 turpitudo,
1558 2388 1664 2427 quae
1681 2388 1729 2414 a-

159 2439 341 2480 ctionum
361 2439 631 2480 intrinsecam
653 2440 927 2480 moralitatem
949 2440 1174 2488 constituit,
1196 2439 1332 2492 logice
1354 2440 1566 2491 praecedit
1586 2453 1728 2492 respe-

158 2510 268 2545 ctum
289 2518 368 2558 quo
385 2505 554 2545 eaedem
571 2505 759 2545 actiones
775 2506 829 2544 ad
845 2506 1026 2544 divinam
1044 2506 1298 2545 voluntatem
1315 2505 1641 2556 praecipientem
1659 2504 1724 2544 vel

157 2569 442 2621 prohibentem
459 2568 820 2609 referunturDeus
835 2569 937 2608 liber
953 2574 1017 2609 est
1028 2569 1164 2621 quoad
1179 2582 1316 2608 rerum
1329 2567 1627 2616 exsistentiam,
1641 2580 1725 2607 non

158 2632 397 2680 essentiam,
414 2638 486 2672 aut
506 2646 556 2672 ea
572 2645 677 2685 quae
698 2646 792 2671 cum
813 2631 998 2672 essentia
1018 2631 1259 2672 necessario
1281 2639 1596 2672 connectuntur.
1611 2633 1724 2684 Ergo

158 2697 298 2750 nequit
316 2697 535 2737 immutare
551 2698 705 2737 malum
721 2704 792 2737 aut
807 2697 972 2746 bonum,
990 2697 1098 2749 quod
1117 2697 1271 2736 idcirco
1290 2697 1372 2738 tale
1389 2703 1451 2736 est
1467 2704 1617 2737 natura
1633 2710 1722 2744 sua,

162 2761 258 2814 quia
277 2763 338 2802 sic
358 2776 384 2802 a
404 2763 544 2803 divina
565 2762 770 2816 sapientia
791 2762 984 2802 dictatur.
1003 2763 1225 2815 Supposita
1245 2768 1387 2802 autem
1408 2763 1488 2801 hac
1505 2762 1668 2802 interna
1687 2774 1728 2800 a-

148 2936 150 2939 .
205 2912 256 2951 (1)
281 2912 374 2946 Vide
395 2888 641 2953 LAc‘rANTmM,
663 2914 784 2947 Instit.
808 2914 1036 2953 divinarum,
1061 2914 1081 2947 1.
1105 2915 1166 2951 VI,
1188 2924 1207 2947 c
1238 2915 1265 2947 8.
