1970 3203
240 203 317 243 362
374 217 439 244 ms
460 216 661 244 NATURAE
681 226 698 234 -
717 218 825 245 PARS
846 219 897 246 111.
918 219 983 246 ms
1004 218 1371 249 INTERNATIONALE
1391 222 1469 249 seu
1490 221 1680 250 GEN‘rmM

239 299 325 333 tere
347 306 429 332 non
451 293 612 343 debent;
633 298 716 333 tum
738 294 916 347 denique
933 294 1028 347 quia
1043 307 1261 347 personae,
1281 296 1348 337 his
1368 298 1637 338 relationibus
1654 309 1809 337 curan—

240 357 302 396 dis
324 357 608 409 praepositae,
641 364 737 398 sunt
765 359 843 411 ipsi
866 359 1094 411 Principes.
1117 360 1317 401 Fortasse
1346 361 1417 402 illa
1438 362 1695 413 obedientia3
1727 368 1812 403 tota

237 429 394 476 quanta
414 429 489 472 est,
506 424 648 464 reduci
669 431 811 477 posset
827 425 879 464 ad
900 425 1018 465 haec:
1038 425 1235 479 Quaeque
1252 427 1375 468 Natio
1397 430 1658 470 conformare
1679 442 1724 470 se
1747 430 1810 469 de-

237 489 304 529 bet
325 489 480 529 normis
498 495 537 529 et
552 490 784 530 sententiae
801 492 911 531 latae
935 505 960 531 a
981 491 1186 532 iudicibus
1207 493 1502 536 ethnarchicis:
1520 497 1550 544 Ι,
1571 496 1613 534 in
1635 509 1809 548 compo—

237 556 385 595 nendis
401 556 608 596 intestinis
624 556 854 607 discordiis,
869 558 919 606 II,
936 558 977 596 in
995 557 1331 607 dissentionibus,
1344 573 1450 613 quae
1466 560 1568 601 forte
1585 562 1811 614 insurgant

238 634 332 661 cum
354 621 446 660 aliis
467 620 716 670 nationibus;
744 622 817 670 ΙΙΙ,
839 621 879 660 in
903 627 1113 662 concursu
1133 623 1384 675 praestando
1405 637 1479 676 pro
1510 626 1638 665 tutela
1656 625 1809 664 iurium

234 685 494 738 singularum
509 684 693 738 gentium
711 685 1064 734 consociatarum,
1084 693 1231 727 contra
1248 687 1392 728 hostes
1412 688 1500 728 sive
1515 689 1702 730 internos
1720 690 1809 730 sive

234 757 442 800 externos,
464 752 533 800 IV,
551 751 593 790 in
615 751 880 804 cooperando
903 751 1098 803 operibus
1116 751 1432 793 benevolentiae
1453 754 1687 794 communis
1704 755 1802 806 (1).»

850 859 1098 900 ARTicULus
1131 861 1183 899 ΙΙ.

377 950 443 990 De
472 950 682 990 relatione
711 950 929 990 Ecclesiae
959 965 1054 991 cum
1083 950 1283 991 societate
1313 952 1656 993 internatz'onalc'.

281 1053 343 1093 38.
373 1052 615 1093 Necessitas
634 1051 918 1092 tractationis.
949 1050 1138 1091 Positiva
1153 1051 1338 1104 gentium
1361 1052 1630 1102 consociatio,
1654 1054 1703 1093 de
1721 1067 1804 1107 qua

231 1120 354 1172 paulo
376 1124 472 1160 ante
495 1117 780 1167 disseruimus,
812 1118 1003 1157 naturale
1024 1117 1270 1170 principium
1291 1118 1538 1160 socialitatis
1559 1120 1612 1159 ad
1634 1119 1696 1160 sui
1718 1134 1802 1160 ma-

227 1186 385 1226 ximum
403 1185 706 1225 incrementum
729 1191 768 1225 et
789 1184 1112 1237 explicationem
1134 1184 1371 1226 adduceret.
1393 1185 1556 1226 Etenim
1578 1187 1804 1226 communi-

223 1253 432 1294 cationem
453 1254 711 1305 populorum,
743 1258 949 1305 quatenus
977 1252 1247 1293 relationibus
1277 1266 1391 1293 mere
1412 1253 1607 1294 humanis
1625 1268 1802 1307 respon-

225 1322 320 1370 det,
352 1320 544 1361 stabilem
576 1326 616 1360 et
645 1319 879 1360 ordinatam
910 1319 1122 1368 efficeret,
1154 1325 1194 1359 et
1224 1319 1317 1359 ideo
1355 1321 1587 1361 naturalem
1617 1334 1802 1374 propen-

222 1387 383 1426 sionem
413 1386 456 1425 in
486 1399 535 1426 eo
565 1398 720 1438 genere
750 1386 872 1436 plane
894 1385 1137 1425 cumularet.
1169 1385 1279 1425 Hinc
1309 1386 1477 1438 politica
1505 1386 1688 1427 societas
1719 1387 1801 1427 hac
1848 1393 1850 1396 ’

220 1451 365 1490 ultima
394 1450 647 1503 perfectione
676 1454 716 1490 et
737 1449 863 1490 veluti
894 1449 1198 1502 complemento
1230 1451 1405 1499 donata,
1437 1464 1459 1490 e
1489 1450 1661 1503 regione
1692 1464 1797 1504 quo-

220 1518 442 1558 dammodo
473 1517 796 1558 constitueretur
826 1516 1039 1556 societatis
1061 1516 1305 1570 religiosae,
1337 1517 1531 1556 nimirum
1564 1517 1795 1566 Ecclesiae,

217 1599 323 1638 quae
353 1584 607 1625 universalis
636 1590 700 1624 est
729 1589 768 1624 et
789 1583 882 1623 sinu
913 1583 1039 1624 veluti
1070 1596 1144 1623 suo
1175 1592 1323 1636 gentes
1345 1597 1491 1623 omnes
1522 1584 1798 1636 amplectitur.

218 1651 330 1703 Ergo
361 1656 639 1704 opportunum
668 1650 756 1698 erit,
785 1651 920 1689 instar
949 1649 1161 1690 coronidis
1191 1649 1317 1690 huius
1344 1649 1450 1699 libri,
1482 1649 1637 1702 aliquid
1677 1663 1795 1689 sum-

216 1718 298 1757 mis
328 1718 449 1758 labiis
479 1718 686 1771 attingere
717 1717 765 1757 de
795 1716 997 1757 relatione
1029 1722 1069 1757 et
1088 1731 1221 1765 nexu,
1253 1730 1333 1770 quo
1364 1717 1512 1757 ambae
1544 1717 1625 1757 hae
1656 1717 1796 1757 socie-

218 1787 326 1822 tates
357 1795 402 1822 se
432 1781 611 1822 invicem
644 1787 895 1834 spectarent,
928 1788 971 1821 ut
1004 1781 1259 1835 intelligatur
1289 1781 1386 1834 quid
1416 1782 1683 1823 emolumenti
1714 1795 1798 1822 una

218 1860 271 1887 ex
301 1848 433 1887 altera
462 1855 637 1898 captura
667 1851 790 1886 esset.

269 1912 331 1951 39.
363 1911 576 1952 Ecclesiae
605 1911 899 1963 praerogativa
927 1914 1126 1963 respectu
1155 1911 1376 1953 societatis
1395 1912 1716 1953 Ethnarchicae.
1748 1913 1795 1951 In

215 1976 504 2028 comparanda
534 1976 728 2023 Ecclesia
767 1989 861 2015 cum
892 1976 1092 2015 societate
1123 1975 1410 2025 ethnarchica‚
1438 1988 1542 2028 opus
1572 1989 1657 2016 non
1698 1989 1793 2016 esse

215 2041 395 2081 arbitror
417 2040 467 2080 de
489 2041 699 2093 utriusque
721 2040 988 2081 distinctione
1018 2040 1156 2093 quoad
1177 2053 1361 2093 scopum,
1394 2040 1698 2089 auctoritatem,
1717 2039 1792 2080 ori-

215 2107 367 2159 ginem,
399 2107 688 2159 organismum
709 2114 832 2159 atque
854 2107 939 2147 alia
959 2106 1163 2147 eiusmodi
1185 2106 1471 2156 sermocinari,
1502 2120 1596 2146 cum
1618 2107 1792 2160 quisque

213 2185 286 2224 per
316 2186 361 2212 se
391 2172 512 2213 facile
540 2172 695 2212 iudicet
724 2185 774 2212 ea
795 2172 936 2212 omnia
965 2172 1047 2211 huc
1068 2171 1193 2211 etiam
1223 2173 1441 2225 quadrare,
1473 2184 1579 2224 quae
1608 2170 1650 2210 in
1671 2171 1792 2211 tertio

215 2239 350 2293 capite
381 2239 606 2292 superioris
637 2239 728 2279 libri
769 2240 818 2279 de
849 2239 1042 2279 Ecclesia
1073 2238 1347 2279 disseruimus
1367 2272 1378 2287 ,
1418 2243 1613 2291 respectu
1653 2237 1789 2277 civilis

214 2306 438 2347 societatis.
470 2308 591 2353 Nam,
621 2305 882 2354 ethnarchia,
915 2305 964 2345 de
994 2319 1075 2358 qua
1104 2304 1330 2357 loquimur,
1360 2310 1474 2345 certe
1504 2304 1689 2345 confinia
1721 2317 1792 2343 na-

213 2378 329 2412 turae
350 2378 390 2412 et
406 2371 641 2425 praesentis
653 2372 762 2412 vitae
779 2371 1014 2411 felicitatem
1034 2384 1117 2410 non
1135 2370 1406 2419 transcendit,
1420 2383 1498 2410 nec
1515 2370 1626 2409 aliud
1643 2383 1791 2411 revera

214 2437 385 2478 exhibet
414 2438 492 2477 nisi
514 2443 746 2477 extremum
767 2436 865 2476 illud
897 2442 936 2476 et
966 2436 1092 2477 veluti
1113 2437 1279 2476 culmen
1300 2435 1579 2488 perfectionis,
1610 2449 1692 2489 quo
1723 2449 1787 2476 so-

214 2502 378 2541 cialitas
398 2502 585 2541 humana
605 2501 790 2541 nativam
812 2500 1090 2541 evolutionem
1112 2500 1154 2540 in
1175 2500 1333 2540 familia
1353 2500 1594 2541 inchoatam
1617 2506 1656 2540 et
1677 2500 1788 2540 civili

214 2566 425 2606 consortio
456 2573 521 2607 sat
543 2568 750 2619 expletam
771 2599 780 2615 ,
814 2579 886 2618 per
914 2565 1100 2618 gentium
1129 2565 1382 2605 junctionem
1419 2565 1645 2616 compleret
1675 2565 1789 2604 etad

212 2633 379 2685 plenum
410 2632 535 2672 veluti
566 2639 706 2672 actum
727 2632 963 2672 adduceret.
985 2632 1139 2671 Verum
1161 2644 1256 2670 cum
1287 2636 1478 2670 terrenae
1508 2629 1715 2669 felicitatis
1748 2635 1788 2670 et

212 2714 326 2741 mere
344 2701 622 2739 humanarum
641 2699 890 2740 relationum
908 2697 1093 2738 terminis
1110 2698 1385 2747 contineatur,
1404 2710 1488 2736 non
1504 2695 1629 2737 altius
1644 2696 1789 2748 pandit

212 2768 303 2808 alas
333 2780 457 2820 quam
493 2766 627 2805 civilis
648 2765 857 2814 societas,
893 2766 1013 2806 cuius
1048 2754 1367 2805 destinationem
1401 2763 1524 2804 veluti
1556 2768 1712 2803 tutatur
1747 2768 1788 2802 et

211 2835 383 2887 perficit.
421 2834 683 2886 Quapropter
713 2833 1032 2886 praerogativae
1057 2845 1228 2882 omnes,
1260 2845 1376 2885 quas,
1400 2831 1451 2872 ob
1481 2830 1783 2884 praestantiam

254 2954 306 2995 (1)
334 2954 453 2996 Opere
477 2963 587 2996 saepe
611 2953 731 2991 citato,
753 2952 905 2985 Dissert.
930 2953 990 2992 VI,
1013 2963 1042 2986 c.
1066 2952 1094 2991 3,
1117 2961 1144 2984 a.
1172 2953 1196 2983 1.
