1970 3203
499 209 636 237 CAPUT
665 210 690 236 1.
720 209 773 236 DE
803 210 896 237 FINE
926 210 1200 238 OPERAronis
1230 210 1436 238 HUMANAE
1703 199 1753 238 21

191 287 270 326 iste
289 284 461 324 ultimus
494 284 590 324 finis
609 283 789 324 hominis
810 283 959 324 dicitur
982 285 1212 324 humanum
1241 284 1409 331 bonum,
1441 284 1549 336 quod
1570 291 1633 325 est
1662 283 1752 324 feli-

193 351 298 392 citas
320 351 393 403 (1).
412 365 432 389 ))

246 417 310 456 12.
338 415 534 456 Felicitas
565 416 767 456 dividitur
796 416 840 456 in
867 416 1119 456 obiectivam
1148 420 1190 457 et
1227 416 1455 457 formalem.
1486 416 1535 454 In
1563 414 1760 454 felicitate

196 479 275 518 duo
297 477 478 531 spectari
491 486 682 531 possunt:
695 479 900 520 obiectum
916 481 1066 532 ipsum,
1082 492 1156 518 seu
1169 494 1235 520 res
1253 482 1415 533 explete
1430 492 1507 520 nos
1522 478 1758 531 perficiens;

193 549 233 582 et
262 543 474 595 possessio
495 544 617 584 huius
639 544 800 593 obiecti,
822 558 897 585 seu
916 545 975 585 rei
995 558 1101 598 quae
1131 545 1250 584 nobis
1270 546 1380 585 hanc
1408 545 1656 597 completam
1675 556 1765 596 per-

193 605 414 647 fectionem
444 609 574 648 affert.
606 608 791 648 Primum
821 609 1051 661 appellatur
1068 609 1264 660 felicitas
1295 608 1507 657 obiectiva;
1532 608 1760 647 secundum

182 674 379 725 felicitas
399 675 627 715 sabieetiva
648 676 715 715 vel
733 677 959 728 formalis,
982 688 1087 727 quae
1124 675 1293 715 definita
1323 680 1385 714 est
1405 688 1431 714 a
1458 673 1646 714 Boethio:
1668 673 1761 713 Sta-

197 743 264 781 tas
293 732 492 781 omnium·
513 742 723 782 bonoram
752 743 1060 795 agyreyatione
1088 742 1302 794 perfectas
1332 742 1404 792 (2).
1437 742 1568 780 Porro
1598 753 1650 780 ex
1677 740 1760 779 hac

196 808 392 849 felicitate
422 809 583 848 formali
613 809 811 860 gaudium
843 815 882 849 et
902 822 985 861 pax
1016 807 1295 860 consequitur,
1316 807 1568 859 perturbatio
1590 806 1700 846 enim
1721 811 1761 845 et

195 879 334 913 motus
362 872 458 912 inde
490 872 618 912 oritur
647 872 690 911 in
719 873 852 922 nobis,
882 873 990 925 quod
1019 886 1063 912 re
1084 872 1222 924 aliqua
1242 877 1500 924 congruente
1529 882 1762 910 careamus.

197 939 290 977 Hoc
308 945 449 979 autem
466 938 506 976 in
524 938 835 990 possessionem
856 939 953 979 boni
974 939 1246 990 undequaque
1264 938 1434 990 perfecti
1450 937 1619 977 minime
1640 935 1762 977 cadit.

249 1006 311 1044 13.
341 1006 538 1045 Felicitas
569 1006 693 1046 debet
722 1018 815 1047 esse
844 1006 1066 1058 possibilis,
1099 1005 1298 1045 Naturale
1326 1004 1574 1044 desiderium
1595 1004 1764 1044 frustra-

197 1081 323 1107 neum
353 1081 447 1108 esse
477 1082 560 1108 non
591 1075 752 1121 potest;
782 1070 863 1110 nisi
892 1070 1078 1109 ordinem
1108 1082 1247 1109 rerum
1277 1074 1464 1109 evertere
1499 1068 1694 1115 velimus,
1724 1072 1764 1107 et

196 1132 408 1172 hominem
434 1138 646 1186 tamquam
678 1146 781 1185 opus
811 1139 1124 1185 praeposterum
1146 1132 1343 1184 cogitare.
1364 1131 1488 1184 Atqui
1516 1130 1764 1171 desiderium

197 1196 409 1236 felicitatis
440 1202 503 1237 est
532 1198 735 1246 naturale;
767 1197 968 1250 siquidem
998 1210 1049 1236 ex
1081 1196 1280 1235 instinctu
1308 1203 1483 1235 naturae
1514 1195 1635 1235 nobis
1654 1194 1769 1233 inna-

175 1258 341 1301 scitur.
375 1262 485 1311 Ergo
516 1262 693 1301 felicitas
720 1262 763 1300 in
794 1261 1052 1313 possibilium
1082 1273 1254 1300 numero
1300 1259 1561 1299 recensenda
1598 1264 1684 1306 est;
1715 1270 1765 1297 ac

200 1328 369 1380 proinde
399 1328 608 1367 obiectum
638 1328 805 1381 aliquod
833 1336 970 1368 exstet
999 1334 1170 1379 oportet,
1193 1340 1246 1366 ex
1268 1326 1386 1366 cuius
1405 1325 1625 1378 adeptione
1652 1337 1702 1364 ea
1722 1322 1764 1361 in

201 1392 321 1431 nobis
351 1392 615 1443 producatur.
648 1393 741 1432 Hoc
771 1393 876 1432 adeo
907 1392 1078 1433 evidens
1095 1396 1168 1439 est,
1192 1399 1236 1430 ut
1268 1391 1356 1442 ipse
1376 1391 1504 1439 Kant,
1526 1388 1655 1442 quiin
1680 1387 1768 1426 Cri-

205 1460 286 1497 tica
317 1458 500 1497 rationis
521 1471 665 1510 purae
694 1458 1077 1509 praestantissimas
1110 1457 1306 1497 veritates
1344 1456 1543 1496 subruere
1572 1469 1656 1495 non
1685 1454 1765 1492 du-

202 1523 420 1572 bitaverat,
449 1524 491 1562 in
527 1525 687 1563 Critica
719 1524 903 1564 rationis
924 1525 1160 1576 practicae,
1191 1523 1230 1561 vi
1260 1523 1462 1562 naturalis
1492 1521 1683 1562 desiderii
1717 1520 1769 1560 fe-

201 1586 371 1626 licitatis
392 1600 464 1626 eas
486 1587 704 1626 restituere
725 1593 898 1627 coactus
918 1588 983 1635 sit;
1004 1588 1173 1627 minime
1193 1587 1349 1627 veritus
1383 1584 1768 1632 contradictionem,

202 1667 327 1705 quam
357 1653 419 1692 sic
447 1653 671 1693 inducebat
699 1653 807 1693 inter
837 1654 1174 1705 Metaphysicam
1205 1659 1244 1692 et
1275 1653 1494 1692 Moralem.

255 1718 318 1755 14.
347 1716 610 1757 Desiderium
627 1716 843 1757 felicitatis
863 1728 988 1768 saepe
1009 1722 1075 1758 est
1089 1717 1349 1768 implicitum.
1371 1716 1460 1757 Etsi
1476 1715 1671 1769 quidquid
1687 1728 1767 1766 ap-

203 1783 396 1835 petimus,
426 1789 594 1835 propter
623 1782 864 1823 felicitatem
891 1792 1148 1836 appetamus,
1170 1783 1282 1822 haud
1302 1789 1441 1822 tamen
1457 1781 1684 1835 putandum
1704 1784 1768 1820 est

201 1848 242 1887 id
271 1860 436 1899 semper
466 1846 660 1896 explicite
680 1847 939 1887 manifestari
959 1847 1002 1885 in
1023 1846 1197 1899 singulis
1218 1846 1391 1886 obiectis
1410 1844 1665 1897 appetendis.
1683 1845 1747 1883 Re

202 1927 305 1954 vera
335 1914 444 1953 enim
474 1914 714 1966 plerumque
743 1927 820 1953 nos
849 1919 989 1953 movet
1016 1913 1225 1965 implicite.
1256 1914 1340 1961 Ita,
1371 1912 1438 1964 qui
1467 1925 1531 1952 ex.
1548 1924 1608 1961 gr.
1639 1910 1772 1951 scien-

203 1981 302 2021 tiam
333 1980 485 2032 diligit,
517 1993 620 2032 opus
651 1993 734 2019 non
763 1980 890 2020 habet
918 1986 962 2018 ut
990 1979 1071 2019 hoc
1101 1979 1222 2019 modo
1253 1978 1362 2031 apud
1392 1990 1437 2017 se
1474 1976 1769 2016 ratiocinetur:

203 2045 296 2097 Ego
312 2044 573 2097 felicitatem
601 2044 750 2096 capim
779 2043 853 2083 sed
879 2043 1057 2083 scientia
1088 2056 1137 2082 eae
1158 2047 1287 2095 parte
1316 2043 1467 2082 saltem
1497 2040 1554 2080 ad
1568 2039 1769 2091 felicita-

207 2117 285 2152 tem
315 2112 491 2151 adducit
503 2126 517 2156 ,·
548 2123 649 2162 erqo
679 2110 913 2163 appetenda
944 2110 1052 2148 milii
1078 2113 1148 2149 est.
1179 2109 1262 2148 Sed
1296 2107 1449 2148 sufficit
1476 2112 1520 2147 ut
1548 2105 1768 2147 scientiam

205 2189 299 2216 esse
327 2175 482 2214 bonum
498 2180 772 2227 agnoscat‚ut
791 2174 880 2214 eius
901 2173 1104 2213 desiderio
1127 2172 1326 2224 capiatur,
1348 2171 1443 2211 licet
1462 2171 1597 2210 latens
1618 2167 1768 2220 princi-

204 2240 330 2291 pium,
348 2251 427 2290 quo
444 2238 497 2277 ad
522 2238 634 2277 illam
665 2237 916 2289 diligendam
933 2237 1188 2283 sollicitatur,
1205 2237 1247 2275 in
1263 2234 1540 2288 propensione
1558 2232 1685 2272 animi
1713 2231 1768 2271 ad

206 2302 445 2342 felicitatem
461 2302 584 2347 situm
602 2301 664 2341 sit.
683 2302 821 2348 Quare
837 2301 1013 2348 animus,
1030 2313 1125 2339 cum
1141 2299 1361 2339 scientiam
1379 2297 1520 2348 diligit,
1534 2296 1577 2335 in
1593 2295 1768 2336 scientia

206 2368 370 2421 quidem
400 2367 519 2414 sistit,
552 2380 681 2406 verun
697 2380 781 2407 non
794 2366 974 2419 positive
1001 2367 1074 2406 sed
1096 2365 1299 2417 negativa
1320 2369 1524 2416 quatenus
1552 2361 1666 2401 illam
1687 2373 1770 2400 non

205 2440 304 2474 actu
332 2434 386 2472 ad
414 2433 525 2472 aliud
557 2432 693 2481 refert,
724 2446 972 2485 quamquam
988 2431 1142 2471 referre
1162 2431 1304 2483 possit,
1320 2430 1514 2468 nimirum
1544 2428 1597 2467 ad
1617 2427 1771 2466 bonum

205 2501 326 2552 plene
355 2498 591 2551 perficiens,
623 2511 678 2538 ex
706 2498 824 2538 cuius
854 2511 995 2537 amore
1023 2498 1198 2537 latenter
1228 2496 1447 2536 excitatur.
1478 2495 1526 2532 In
1557 2494 1771 2533 voluntate

206 2564 344 2616 quoad
373 2562 671 2615 appetitionem
699 2562 794 2602 boni
824 2561 932 2601 idem
964 2561 1091 2601 ferme
1121 2559 1335 2612 contingit,
1367 2558 1476 2611 quod
1503 2556 1546 2596 in
1561 2556 1771 2595 intellectu

251 2732 302 2773 (1)
327 2732 377 2763 In.
402 2732 426 2763 Ι.
450 2731 677 2769 Etlzieormn,
703 2731 782 2764 lect.
806 2732 863 2763 IX.

253 2784 304 2823 (2)
328 2783 490 2815 Adverte
506 2784 573 2815 hac
597 2783 795 2816 definitione
811 2783 964 2815 describi
978 2783 1182 2815 felicitatem
1199 2791 1268 2815 non
1286 2782 1405 2822 quoad
1420 2789 1548 2822 puram
1572 2778 1774 2813 essentiam,

216 2843 309 2875 quae
333 2835 538 2877 simpliciter
565 2834 730 2867 consistit
753 2835 786 2867 in
809 2835 998 2876 adeptione
1023 2834 1180 2875 supremi
1201 2834 1300 2872 Boni,
1323 2834 1388 2865 sed
1412 2832 1533 2873 quoad
1555 2830 1720 2863 adiuncta
1743 2837 1778 2860 e-

217 2892 301 2924 tiam
327 2901 417 2932 quae
441 2901 487 2923 ex
511 2889 700 2930 adeptione
722 2889 782 2921 illa
805 2889 1014 2921 derivantur.
