1970 3203
494 267 630 293 CAPUT
659 269 682 294 ι.
712 268 764 295 DE
794 268 1022 295 socieTATE
1053 268 1286 296 DoMsssme
1634 257 1713 296 213

145 343 255 384 curis
285 341 465 381 assiduis
486 341 528 381 in
558 342 795 394 integritate
811 350 850 383 et
866 343 1045 383 sanitate
1063 344 1250 396 corporis
1269 356 1534 392 conservare;
1558 343 1618 383 sic
1637 346 1721 384 eos‘

145 410 291 448 docere
322 407 471 446 debent
499 408 639 448 officia
659 418 832 449 naturae
853 408 1067 448 rationalis
1090 409 1266 461 propria,
1289 409 1377 449 sive
1401 422 1503 461 erga
1532 409 1709 461 seips0s,

141 474 228 513 sive
258 486 358 525 erga
374 473 491 521 alios,
508 473 597 513 sive
614 474 874 525 potissimum
896 487 998 526 erga
1018 475 1150 514 Deum
1169 477 1243 526 (1).
1260 475 1379 521 Quod
1399 488 1502 515 sane
1523 482 1708 527 praesta-

138 537 238 576 bunt
252 549 335 575 non
347 536 469 576 modo
485 537 674 577 doctrina
685 536 1255 584 etcohortationibus‚verum
1273 538 1396 577 etiam
1407 539 1612 590 exemplo;
1625 551 1706 590 quo

135 602 309 642 iuvenes
324 603 366 640 in
384 603 517 654 prima
532 604 602 642 illa
621 610 772 652 aetate,
790 604 972 644 maxime
988 603 1041 642 ad
1061 603 1306 643 imitandum
1324 617 1466 655 prona,
1484 605 1706 644 vehemen-

136 666 217 705 tius
237 672 564 706 commoventur.
586 667 642 705 Iis
664 680 763 706 vero
789 668 871 706 iam
896 666 1218 719 grandiusculis,
1241 680 1391 706 munus
1421 668 1580 707 altioris
1613 668 1707 707 edu-

137 730 314 770 cationis
336 732 489 782 optime
505 738 700 783 poterunt
716 739 910 784 parentes
928 732 1122 784 delegare
1139 731 1242 779 aliis;
1260 732 1326 784 qui
1342 732 1479 772 idonei
1496 733 1589 780 sint,
1608 733 1643 772 si
1663 733 1703 772 id

136 796 331 849 expedire
360 797 645 846 iudicaverint,
666 811 750 837 non
770 798 892 837 modo
914 804 1080 850 propter
1101 798 1405 845 necessitatem,
1423 798 1457 836 si
1480 803 1563 836 tam
1585 798 1706 850 gravi

136 863 272 902 debito
302 862 545 903 satisfacere
575 877 648 916 per
678 877 723 903 se
752 873 973 916 nequeant,
996 877 1140 903 verum
1172 863 1295 903 etiam
1316 869 1483 915 propter
1505 864 1703 902 maiorem

137 929 367 968 utilitatem.
381 929 723 981 Quandoquidem
741 936 948 981 parentes,
970 929 1021 969 ob
1042 930 1383 981 intemperantem
1401 930 1610 976 affectum,
1627 942 1707 981 quo

137 996 247 1036 filios
268 1000 586 1048 prosequuntur,
608 1009 910 1047 saepenumero
928 997 1017 1046 plus
1034 1009 1166 1048 aequo
1182 996 1232 1035 iis
1248 996 1474 1048 indulgent,
1496 1009 1546 1035 ac
1564 995 1706 1048 proin-

137 1062 186 1102 de
217 1063 267 1101 ad
298 1062 413 1113 ipsos
443 1062 606 1100 efficaci
639 1061 857 1114 disciplina
877 1062 1084 1114 regendos
1105 1062 1241 1101 minus
1270 1061 1353 1113 apti
1383 1061 1704 1113 comperiuntur.

188 1128 242 1166 At
273 1127 360 1165 sive
391 1126 471 1164 hoc
507 1139 580 1177 per
608 1138 653 1165 se
682 1132 896 1177 praestare
926 1132 1121 1177 parentes
1153 1125 1307 1173 velint,
1339 1125 1428 1164 sive
1459 1125 1551 1164 aliis
1583 1138 1703 1164 com—

135 1193 322 1242 mittant;
354 1193 394 1232 id
422 1193 720 1231 inconcussum
750 1192 1007 1232 censendum
1038 1197 1112 1231 est:
1143 1190 1356 1230 Eiusmodi
1377 1191 1441 1230 ius
1462 1190 1704 1242 parentibus

135 1263 174 1295 et
204 1257 307 1308 patri
337 1256 596 1308 potissimum
627 1262 776 1294 natura
805 1269 883 1295 sua
912 1260 1160 1307 competere,
1190 1268 1268 1293 nec
1298 1267 1422 1306 posse
1451 1267 1476 1292 a
1502 1254 1704 1293 societate

135 1322 340 1374 usurpari,
370 1322 465 1373 quin
496 1321 673 1373 patriam
694 1327 940 1373 potestatem
965 1321 1087 1360 violet
1107 1330 1147 1360 et
1168 1321 1347 1360 familiae
1368 1326 1614 1372 conceptum
1637 1320 1701 1358 di-

136 1391 240 1423 ruat.
272 1386 403 1425 Debet
432 1386 570 1437 utique
600 1385 780 1424 societas
810 1385 977 1424 efficere
1007 1391 1049 1424 ut
1085 1384 1249 1435 publica
1278 1383 1414 1423 media
1443 1396 1526 1422 non
1556 1383 1704 1429 desint,

136 1447 285 1499 quibus
314 1456 508 1500 parentes
538 1449 590 1487 ad
619 1448 694 1487 rite
724 1448 966 1487 educandos
987 1455 1026 1487 et
1046 1447 1282 1487 edocendos
1303 1454 1425 1486 natos
1447 1447 1503 1485 uti
1524 1446 1697 1498 possint.

137 1514 269 1553 Debet
299 1514 424 1554 etiam
455 1514 589 1553 modis
619 1513 924 1560 consentaneis,
956 1513 1031 1553 sed
1060 1526 1143 1552 non
1174 1513 1376 1560 violentis,
1400 1525 1547 1552 curare
1574 1519 1616 1552 ut
1639 1525 1706 1563 pa-

134 1585 272 1617 rentes
303 1585 462 1619 tantum
493 1579 675 1619 officium
704 1578 872 1618 minime
903 1578 1130 1630 negligant.
1160 1579 1214 1617 At
1243 1578 1283 1617 in
1314 1591 1400 1617 rem
1430 1578 1541 1617 hanc
1571 1591 1617 1617 se
1639 1577 1704 1615 di-

134 1650 247 1682 recte
276 1643 512 1683 immiscere
543 1657 717 1696 eamque
738 1649 986 1695 potestatem
1011 1643 1087 1683 sibi
1107 1643 1319 1683 vindicare
1342 1657 1602 1696 nequaquam
1626 1655 1702 1693 po-

136 1714 227 1757 test,
261 1709 349 1749 sive
380 1709 560 1749 evidenti
589 1709 778 1749 laesione
808 1708 909 1748 iuris
938 1709 1128 1760 paterni;
1160 1722 1253 1748 cum
1284 1715 1501 1761 parentum
1533 1708 1700 1748 omnino

137 1773 189 1812 sit
225 1774 460 1813 educationi
502 1781 540 1814 et
581 1773 826 1825 disciplinae
856 1773 1032 1812 filiorum
1064 1773 1304 1825 prospicere
1326 1805 1335 1820 ‚
1365 1786 1590 1825 eorumque
1620 1786 1703 1812 non

136 1837 259 1876 modo
289 1850 440 1888 corpus
469 1838 594 1884 alere,
624 1838 697 1877 sed
727 1836 911 1875 animum
942 1837 1067 1877 etiam
1099 1837 1298 1888 effingere
1328 1843 1367 1876 et
1397 1837 1675 1876 conformare.

189 1904 276 1942 Nec
299 1902 426 1950 dicas,
447 1902 555 1942 filios
578 1903 764 1943 membra
785 1915 877 1941 esse
899 1902 1123 1950 societatis,
1142 1914 1248 1953 quae
1265 1902 1366 1953 ipsis
1387 1901 1608 1954 invigilare
1630 1902 1706 1941 de—

177 2009 226 2047 (1)
252 2009 374 2050 Inepta
398 2010 505 2051 igitur
532 2013 567 2042 et
589 2010 695 2051 impia
718 2010 955 2043 existimanda
978 2011 1034 2041 est
1051 2009 1244 2040 methodus
1260 2008 1487 2040 institutionis
1506 2008 1706 2049 negatione

137 2062 172 2092 et
195 2060 442 2099 atlzeisticae‚
466 2061 658 2103 proposita
681 2072 702 2093 a
724 2063 917 2094 Rousseau
940 2060 972 2092 in
995 2060 1095 2095 libro,
1120 2069 1224 2099 quem
1249 2059 1293 2091 de
1318 2059 1527 2091 educatione
1551 2059 1707 2091 conscri-

135 2114 216 2155 psit:
238 2114 269 2146 in
294 2124 364 2155 quo
388 2115 523 2147 nullum
548 2125 627 2147 cum
657 2115 777 2156 pueris
802 2124 1004 2147 sermonem
1029 2114 1072 2145 de
1095 2114 1182 2150 Deo,
1200 2113 1243 2144 de
1260 2113 1384 2151 anima,
1400 2114 1443 2145 de
1459 2113 1630 2154 religione
1647 2113 1707 2145 mi-

136 2167 306 2198 sce-ndum
330 2177 413 2199 esse
438 2168 554 2205 docet,
577 2168 691 2200 donec
713 2168 759 2199 ad
782 2168 937 2199 aetatem
961 2164 1161 2197 octodecim
1185 2166 1246 2196 aut
1269 2164 1422 2206 amplius
1439 2173 1610 2196 annorum
1627 2174 1708 2205 per-

136 2218 300 2251 venerint,
322 2220 358 2251 Si
380 2220 430 2252 ita
450 2220 561 2258 fieret,
585 2222 773 2261 oporteret
795 2220 827 2251 in
850 2219 972 2260 primis
989 2217 1241 2250 adolescentes
1258 2226 1374 2257 usque
1386 2217 1431 2249 ad
1444 2217 1534 2248 hanc
1550 2220 1705 2249 aetatem

136 2271 291 2303 maximo
316 2272 513 2304 officiorum
537 2272 689 2305 hominis
713 2273 855 2309 deesse,
879 2271 988 2304 cultui
1010 2270 1170 2303 nimirum
1194 2270 1271 2302 Deo
1296 2269 1425 2301 debito.
1450 2269 1594 2306 Deinde,
1619 2278 1706 2309 quo-

136 2323 244 2355 modo
268 2323 457 2355 virtutibus
481 2324 546 2356 rite
570 2324 750 2356 informari
772 2326 925 2365 possent
949 2323 1064 2363 <quod
1087 2324 1205 2353 tamen
1227 2320 1306 2362 ipse
1329 2322 1523 2353 Rousseau
1540 2319 1642 2352 valde
1660 2320 1707 2353 in-

134 2376 252 2408 culcat
275 2377 300 2415 )‚
324 2376 398 2408 sine
413 2376 537 2409 notitia
552 2377 795 2417 praestantiae
811 2376 914 2409 animi
929 2377 1099 2417 respectu
1117 2374 1281 2415 corporis
1300 2376 1334 2405 et
1351 2373 1550 2413 cognitione
1566 2374 1706 2407 futurae

134 2426 256 2459 vitae?
279 2427 422 2465 Tertio,
445 2431 483 2460 ut
506 2429 583 2469 ipse
606 2429 738 2461 fatetur
760 2430 954 2461 Rousseau
979 2427 1062 2468 (loc.
1088 2427 1142 2459 cit.
1167 2437 1195 2458 c.
1220 2426 1251 2461 I.
1274 2435 1354 2467 pag.
1380 2426 1464 2463 138).
1490 2425 1623 2457 nullum
1650 2428 1706 2458 est

134 2479 372 2520 periculosius
397 2480 488 2512 vitae
511 2482 684 2513 humanae
706 2482 939 2519 intervallum,
963 2490 1069 2521 quam
1091 2480 1177 2511 illud
1192 2480 1300 2519 quod,
1314 2478 1500 2511 intercedit
1517 2490 1537 2511 a
1551 2479 1706 2512 nativate

135 2540 250 2571 usque
273 2533 318 2564 ad
343 2534 497 2564 aetatem
521 2533 708 2565 duodecim
727 2543 908 2569 annorum,
926 2542 1006 2564 cum
1022 2533 1185 2568 affectus,
1202 2531 1260 2571 qui
1273 2533 1356 2563 tunc
1370 2531 1484 2563 animo
1504 2531 1706 2572 imprimun-

131 2587 190 2616 tur
209 2588 282 2617 tam
306 2587 504 2627 profundas
538 2586 678 2618 radices
703 2590 832 2627 agant,
855 2589 894 2618 ut
918 2587 991 2617 fere
1016 2585 1236 2626 impossibile
1261 2585 1308 2616 sit
1331 2594 1393 2616 eas
1418 2585 1585 2627 deinceps
1610 2587 1704 2618 evel-

133 2637 215 2670 lere.
228 2639 417 2675 Quomodo
434 2640 543 2680 igitur
558 2640 676 2672 futuro
694 2639 935 2672 adolescentis
953 2639 1046 2671 bono
1065 2637 1267 2670 consultum
1284 2637 1360 2675 erit,
1377 2637 1407 2669 si
1422 2638 1452 2670 is
1470 2639 1513 2671 de
1530 2640 1643 2671 anima
1661 2650 1703 2672 ac

132 2690 176 2721 de
193 2690 280 2727 Deo,
296 2691 497 2732 ceterisque
513 2691 734 2729 veritatibus,
751 2701 842 2731 quae
858 2691 923 2722 has
941 2689 1169 2727 subaudiunt,
1181 2689 1261 2720 nihil
1275 2688 1437 2729 cogitare
1453 2699 1521 2722 non
1537 2691 1644 2722 modo
1663 2701 1705 2722 ea

133 2745 251 2775 aetate
274 2746 338 2777 sed
362 2745 466 2777 etiam
489 2745 716 2786 provectiore
739 2744 937 2776 assuefiat?
959 2744 1228 2785 Sperandumne
1253 2743 1329 2780 erit,
1352 2745 1426 2774 tam
1450 2743 1595 2784 longam
1622 2753 1705 2776 con-

133 2795 365 2833 suetudinem,
389 2806 481 2837 quae
503 2798 699 2838 virgineum
714 2796 853 2838 pueruli
866 2795 1019 2827 animum
1036 2795 1234 2836 occupavit,
1258 2794 1437 2828 contraria
1454 2794 1579 2826 deinde
1598 2804 1705 2836 supe-

133 2857 203 2879 rari
222 2851 360 2889 posse?
383 2852 594 2891 praesertim
618 2861 697 2883 cum
720 2851 780 2883 illa
803 2850 992 2882 sensilibus
1017 2849 1270 2890 cupiditatibus
1294 2849 1424 2887 faveat,
1444 2860 1534 2890 quae
1551 2850 1583 2882 in
1600 2850 1704 2882 nobis

136 2899 342 2931 maturrime
365 2901 588 2941 explicantur
606 2914 614 2940 ;
638 2903 752 2935 altera
775 2902 933 2943 graviter
957 2902 1197 2933 adversetur?
1219 2902 1292 2933 Sed
1309 2902 1398 2933 haec
1420 2901 1531 2933 insani
1554 2901 1705 2934 hominis

138 2950 264 2982 deliria
287 2953 378 2988 sunt,
403 2960 494 2991 quae
517 2956 743 2986 contemnere
767 2954 880 2986 satius
905 2953 981 2996 erit,
1005 2962 1112 2993 quam
1135 2953 1307 2985 refellere.
