1970 3203
172 215 225 256 20
855 226 1076 254 ETHICA

172 305 412 346 felicitatem
432 304 639 358 quadrare
658 316 782 344 nemo
802 316 886 343 non
908 304 1031 344 videt.
1054 304 1217 344 Etenim
1239 317 1334 344 cum
1356 317 1433 343 nos
1455 317 1542 344 rem
1562 304 1754 356 peculia-

169 383 257 411 rem
275 369 519 422 appetimus‚
534 369 577 408 in
597 367 826 408 eaminime
846 367 1045 417 sistimus,
1068 368 1141 408 sed
1153 367 1349 408 continuo
1371 368 1424 407 ad
1445 367 1570 407 aliam
1590 380 1752 420 promo-

168 447 326 483 vemur;
343 446 518 486 eamque
539 446 632 472 cum
655 435 869 485 assequuti
885 432 1026 481 simus,
1049 431 1213 472 tertium
1235 431 1347 471 aliud
1372 431 1671 471 desideramus:
1687 436 1753 470 at—

172 513 252 553 que
281 500 339 539 ita
359 512 495 552 porro,
512 498 609 551 quin
644 511 828 551 unquam
858 498 1124 551 propensioni
1146 497 1310 550 penitus
1341 497 1529 538 satisfiat.
1560 499 1670 551 Ergo
1701 498 1751 538 si-

173 579 302 619 gnum
324 573 386 606 est
407 578 484 605 nos
504 564 775 605 inclinatione
795 571 971 605 naturae
991 564 1034 603 in
1054 564 1095 603 id
1116 564 1211 604 ferri
1232 597 1241 613 ‚
1263 565 1372 618 quod
1392 564 1434 603 in
1466 564 1747 616 peculiaribus

170 633 293 673 bonis
313 632 373 672 sic
390 632 558 681 relucet,
580 636 625 671 ut
640 632 760 683 plene
778 644 861 671 non
878 630 1151 671 contineatur.
1171 631 1264 670 Hoc
1280 637 1419 672 autem
1441 630 1553 670 aliud
1569 643 1663 671 esse
1682 644 1753 671 ne-

167 699 264 752 quit,
287 698 367 739 nisi
395 698 563 746 bonum,
594 697 828 750 generatim
859 704 1094 751 acceptum,
1125 710 1274 750 nempe
1303 702 1347 738 ut
1367 698 1449 737 tale
1470 704 1545 745 est,
1576 704 1617 737 et
1642 698 1754 751 quod

166 765 349 805 naturali
369 765 575 805 desiderio
606 764 812 817 explendo
844 765 964 816 plene
994 765 1188 805 sufficiat.
1219 766 1312 805 Hoc
1341 765 1498 805 bonum
1518 765 1752 817 appellatur

166 829 362 871 felicitas.
384 829 556 877 Deinde,
578 829 614 869 si
633 829 725 881 quis
747 842 793 869 se
814 828 1032 881 diligenter
1051 830 1294 882 interrogat,
1316 829 1542 882 comperiet
1562 829 1748 882 profecto

174 908 221 935 se
240 894 284 934 in
312 894 489 947 singulis
517 892 839 946 appetitionibus
869 893 1025 933 idcirco
1055 893 1262 933 obiectum
1294 907 1457 947 cupere,
1488 893 1584 946 quia
1613 893 1752 946 aliquo

174 968 299 1015 pacto
321 960 560 1001 beatitatem
580 959 659 1000 sibi
683 960 816 1000 affert.
834 959 915 1009 Sic,
942 960 977 999 si
1007 959 1097 1012 quis
1118 973 1171 1000 ex
1193 966 1231 1001 te
1251 973 1424 1000 causam
1441 968 1662 1013 quaereret
1681 973 1756 999 cur

173 1025 395 1066 scientiam
425 1029 497 1063 aut
512 1024 735 1064 sanitatem
764 1031 836 1064 aut
857 1023 1024 1064 divitias
1044 1029 1114 1064 aut
1135 1024 1231 1077 quid
1251 1025 1362 1064 aliud
1383 1031 1514 1077 optas;
1538 1038 1623 1064 non
1643 1024 1755 1064 aliud

172 1091 466 1144 responderes,
488 1090 568 1130 nisi
603 1090 699 1144 quia
728 1090 893 1131 obiecta
925 1090 997 1130 illa
1030 1090 1258 1131 bonitatem
1285 1091 1513 1140 includunt,
1542 1091 1594 1131 ab
1625 1090 1756 1143 iisque

173 1169 321 1210 speras
343 1156 482 1208 aliqua
502 1156 650 1196 saltem
672 1168 724 1195 ex
741 1162 859 1208 parte
879 1155 1005 1195 beari.
1029 1155 1102 1194 Sin
1117 1155 1404 1208 interrogaris,
1423 1169 1496 1195 cur
1517 1155 1757 1195 beatitatem

173 1222 312 1274 ipsam
340 1221 457 1269 velis;
488 1233 735 1273 responsum
766 1220 878 1260 aliud
899 1220 998 1260 dare
1032 1233 1117 1259 non
1146 1220 1314 1272 poteris,
1335 1219 1428 1260 nisi:
1459 1219 1554 1272 quia
1579 1218 1758 1259 beatitas

176 1287 412 1341 appetibilis
432 1300 505 1339 per
534 1300 581 1327 se
602 1293 680 1335 est,
702 1295 825 1340 atque
846 1287 907 1326 sic
930 1300 956 1326 a
977 1292 1129 1326 natura
1150 1286 1402 1327 constitutus
1425 1299 1482 1335 es,
1503 1292 1546 1326 ut
1567 1299 1661 1325 eam
1682 1297 1759 1324 ne-

177 1354 364 1395 cessario
381 1359 568 1406 appetas.
586 1354 638 1393 Et
654 1366 757 1394 sane
776 1367 857 1406 qua
876 1353 1037 1394 ratione
1057 1352 1235 1393 felicitas
1253 1353 1306 1392 ad
1326 1353 1481 1393 bonum
1502 1353 1614 1392 aliud
1629 1351 1760 1392 refer-

176 1426 303 1470 retur;
315 1420 350 1460 si
368 1420 490 1461 nobis
506 1420 697 1461 obiicitur
712 1426 926 1473 tamquam
941 1419 995 1468 id,
1012 1419 1121 1473 quod
1137 1419 1327 1461 absolute
1345 1420 1633 1472 complectitur
1649 1419 1760 1472 quid-

179 1484 275 1538 quid
291 1484 490 1524 voluntati
513 1490 730 1532 consonat,
748 1490 788 1524 et
808 1484 928 1525 nobis
951 1497 1005 1524 ex
1026 1484 1139 1524 omni
1159 1490 1276 1537 parte
1293 1484 1558 1536 perficiendis
1579 1496 1757 1536 respon-

180 1547 269 1588 det?
299 1549 438 1595 Quare
458 1561 553 1587 cum
583 1548 737 1596 omnia,
759 1561 863 1601 quae
889 1549 1027 1601 appeti
1060 1554 1248 1600 possunt,
1268 1549 1310 1589 in
1335 1555 1494 1588 tantum
1523 1549 1696 1601 possint,
1717 1548 1759 1588 in

182 1620 381 1666 quantum
404 1612 643 1653 felicitatem
663 1612 925 1665 participant;
947 1613 988 1652 in
1018 1612 1215 1653 felicitate
1235 1612 1468 1664 generatim
1488 1613 1679 1665 inspecta
1698 1625 1766 1652 ra-

178 1677 236 1717 tio
256 1677 458 1730 cuiusque
483 1676 747 1728 appetitionis
767 1689 916 1716 revera
937 1676 1123 1717 cernitur
1143 1682 1183 1716 et
1203 1676 1369 1725 bonum,
1388 1677 1497 1729 quod
1520 1675 1762 1729 simpliciter

180 1748 348 1795 propter
368 1754 413 1782 se
447 1741 664 1793 appetitur,
687 1747 726 1780 et
756 1753 888 1780 causa
908 1747 973 1780 est
1001 1753 1076 1779 cur
1105 1746 1246 1780 cetera
1274 1740 1416 1780 omnia
1445 1746 1707 1792 appetantur.

235 1807 297 1846 11.
317 1806 516 1846 Felicitas
533 1809 600 1845 est
619 1805 793 1845 ultimus
808 1804 903 1844 finis
923 1805 1114 1845 hominis.
1137 1803 1347 1852 Felicitas,
1369 1813 1413 1844 ut
1433 1817 1564 1856 nuper
1587 1805 1764 1844 demon-

181 1869 420 1918 stravimus,
452 1873 516 1909 est
544 1868 732 1908 ultimum
762 1868 917 1908 bonum
946 1868 1140 1908 hominis.
1169 1868 1306 1921 Atqui,
1329 1876 1372 1907 ut
1402 1868 1556 1920 pariter
1586 1868 1762 1922 demon-

181 1932 421 1981 stravimus,
442 1932 600 1972 bonum
634 1932 890 1972 convertitur
910 1945 1005 1972 cum
1035 1933 1130 1972 fine.
1154 1933 1266 1985 Ergo
1292 1932 1472 1973 felicitas
1503 1941 1566 1973 est
1594 1932 1762 1972 ultimus

179 1999 280 2039 finis
299 1998 740 2047 hominis.Praeterea,
756 1999 852 2038 finis
869 1999 1037 2039 ultimus
1054 2005 1117 2040 est
1132 1999 1287 2039 bonum
1302 1999 1402 2039 illud
1420 2000 1530 2052 quod
1547 2013 1620 2052 per
1636 2013 1682 2040 se
1698 2013 1770 2053 ap-

182 2066 333 2118 petitur
353 2065 564 2105 etratione
576 2065 694 2105 cuius
706 2072 954 2118 appetuntur
965 2066 1058 2106 alia.
1069 2065 1114 2104 Id
1130 2078 1229 2106 vero
1241 2065 1284 2105 in
1298 2065 1536 2106 felicitatem
1554 2067 1766 2119 quadrare

185 2129 400 2170 evidenter
420 2129 560 2168 eluxit.
583 2131 722 2177 Quare
752 2129 929 2170 felicitas
959 2143 1043 2169 non
1065 2129 1119 2169 ad
1148 2129 1260 2169 aliud
1281 2130 1509 2179 ordinatur,
1526 2130 1602 2170 sed
1623 2139 1765 2170 cetera

186 2194 329 2236 omnia
345 2194 589 2235 ordinantur
604 2196 657 2235 acl
671 2196 819 2250 ipsam.
836 2197 1039 2249 Apposite
1057 2197 1096 2235 S.
1117 2197 1317 2236 Thomas:
1337 2211 1356 2235 <c
1373 2197 1537 2236 Bonum
1558 2196 1761 2237 intentum

185 2262 230 2301 in
246 2275 494 2315 unaquaque
511 2262 751 2314 operatione
769 2263 833 2303 vel
850 2262 1054 2303 electione
1067 2262 1215 2302 dicitur
1230 2262 1338 2302 finis.
1352 2262 1459 2309 Quia
1475 2261 1571 2302 finis
1582 2262 1683 2302 nihil
1700 2266 1766 2302 est

184 2325 309 2374 aliud,
330 2339 453 2378 quam
473 2326 570 2366 illud
590 2326 710 2367 cuius
729 2327 865 2380 gratia
884 2327 967 2367 alia
987 2328 1101 2366 fiunt.
1121 2326 1164 2366 Si
1180 2339 1282 2379 ergo
1300 2326 1442 2367 statim
1465 2331 1660 2365 occurrat
1681 2326 1762 2366 ali-

184 2392 277 2444 quis
294 2393 402 2441 finis,
424 2393 477 2432 ad
493 2406 616 2446 quem
633 2393 876 2433 ordinentur
892 2392 1034 2432 omnia
1049 2406 1154 2445 quae
1171 2398 1398 2445 operantur
1421 2405 1566 2431 omnes
1586 2398 1702 2433 artes
1726 2397 1768 2431 et

184 2459 446 2511 operationes
467 2459 692 2508 humanae,
715 2460 810 2499 talis
830 2459 926 2499 finis
947 2459 1023 2499 erit
1042 2464 1308 2511 operatorum
1330 2459 1484 2498 bonum
1505 2457 1764 2511 simpliciter,

182 2523 288 2565 idest
309 2526 416 2578 quod
436 2526 661 2566 intenditur
678 2539 731 2566 ex
748 2526 941 2566 omnibus
958 2525 1152 2578 operibus
1173 2524 1368 2565 hominis.
1387 2525 1429 2564 Si
1448 2530 1587 2564 autem
1608 2524 1661 2564 ad
1682 2524 1767 2564 hoc

186 2599 388 2632 occurant
408 2593 528 2644 plura
555 2593 678 2641 bona,
700 2593 753 2632 ad
773 2606 879 2645 quae
903 2592 1145 2633 ordinentur
1175 2591 1329 2632 diversi
1365 2592 1471 2632 fines
1501 2591 1762 2631 diversarum

187 2658 348 2707 artium,
378 2659 582 2712 oportebit
613 2660 722 2712 quod
755 2659 966 2712 inquisitio
986 2659 1162 2700 rationis
1182 2664 1352 2698 nostrae
1378 2657 1651 2699 transcendat
1680 2657 1762 2696 ista

187 2723 317 2775 plura,
333 2736 546 2777 quousque
564 2724 781 2776 perveniat
792 2724 934 2763 adhoc
946 2723 1092 2775 ipsum,
1110 2721 1282 2762 idestad
1294 2721 1405 2760 aliud
1422 2734 1560 2760 unum.
1578 2720 1764 2760 Necesse

185 2795 249 2831 est
265 2789 375 2829 enim
397 2804 522 2829 unum
544 2804 639 2831 esse
659 2791 847 2831 ultimum
867 2791 994 2830 finem
1023 2788 1204 2829 hominis
1232 2788 1275 2826 in
1302 2792 1501 2840 quantum
1532 2792 1594 2825 est
1623 2786 1768 2834 homo,

186 2862 353 2910 propter
391 2857 589 2896 unitatem
614 2857 825 2898 humanae
853 2863 1059 2912 naturae;
1090 2855 1199 2896 sicut
1233 2866 1341 2894 unus
1388 2858 1450 2892 est
1480 2851 1574 2891 finis
1614 2851 1765 2891 medici

187 2921 231 2960 in
261 2924 461 2973 quantum
501 2926 564 2959 est
602 2921 789 2962 medicus
805 2954 814 2970 ‚
854 2928 1020 2974 propter
1049 2919 1248 2960 unitatem
1273 2916 1534 2959 medicinalis
1575 2914 1687 2956 artis.
1719 2916 1771 2956 Et
