1970 3203
289 206 426 233 CAPUT
455 205 493 231 11.
523 184 575 230 m:
605 202 908 230 RELATonlssus
938 202 1159 229 NATIONUM
1188 202 1228 228 IN
1259 200 1395 228 sTATU
1425 201 1543 228 BELm
1624 187 1699 227 351

190 282 251 320 23.
279 278 470 319 Definitio
499 277 601 319 iusti
629 277 738 318 belli.
769 278 838 317 Sic
868 283 1085 329 acceptum
1118 278 1283 326 bellum,
1313 283 1433 330 prout
1461 276 1654 316 nimirum
1675 290 1700 316 a

136 347 297 386 ratione
326 344 514 390 dictatur,
545 343 704 382 definiri
734 350 887 395 posset.
918 343 1064 382 Status
1095 343 1282 383 nationis
1311 358 1406 382 cam
1433 344 1604 383 natione
1617 355 1703 395 per

136 413 216 450 vim
246 408 462 453 certantis,
481 408 630 459 ῃναίία
661 407 806 446 tuendi
828 407 950 446 iaris.
972 407 1132 446 Dicitur
1152 410 1301 455 status,
1319 407 1415 459 quia
1438 407 1699 446 durationem

135 473 356 526 quamdam
386 471 569 518 includit,
602 483 678 510 nec
709 471 761 510 ad
791 471 998 510 actualem
1026 477 1186 509 tantum
1218 471 1458 511 conflictum
1487 483 1699 510 armorum

134 538 320 584 refertur,
351 537 423 576 sed
444 537 496 575 ad
519 543 678 588 tempus
699 536 824 576 etiam
845 535 952 588 quod
972 548 1154 586 pugnarn
1171 536 1383 587 praecedit
1403 542 1474 575 aut
1494 537 1693 588 sequitur,

143 603 276 641 donec
305 600 468 640 hostilis
496 599 660 639 animus
681 599 920 651 deponatur,
943 611 1046 650 pace
1068 604 1298 638 contracta.
1322 600 1428 638 Nam
1449 599 1490 637 in
1512 599 1592 638 hoc
1614 599 1704 638 bel-

141 669 228 706 lam
259 666 395 706 differt
423 679 448 705 a
474 665 654 718 praelio,
684 665 805 717 quod,
827 672 869 704 ut
890 664 1066 704 advertit
1088 664 1270 712 Servius,
1298 665 1447 704 bellum
1470 665 1523 704 sit
1543 671 1706 717 ternpus

89 737 92 740 “
139 743 273 777 omne,
296 742 376 783 quo
397 735 670 780 praeparatur
690 727 844 779 aliquid
862 740 1027 779 pugnae
1048 728 1352 775 necessarium,
1378 730 1443 768 vel
1465 742 1544 780 quo
1565 742 1706 781 pugna

140 792 309 845 geritur;
338 791 538 844 praelium
568 797 705 830 autem
735 790 895 831 dicatur
926 790 1145 830 conflictus
1174 790 1263 842 ipse
1294 791 1496 830 bellorum
1519 793 1593 843 (1).
1626 793 1706 832 Ad·

139 858 246 898 ditur
277 857 464 897 nationis
494 869 588 895 cam
620 857 802 903 natione,
833 862 876 895 ut
904 855 1100 895 innuatur
1129 856 1372 904 subiectum,
1403 858 1455 895 ad
1477 859 1582 907 quod
1604 871 1702 910 per-

136 923 251 970 tinet,
282 928 322 961 et
350 920 551 960 terminus
572 953 582 967 ‚
613 934 734 972 quem
763 919 943 971 respicit.
975 920 1194 959 Contentio
1225 920 1334 959 enim
1365 920 1471 959 inter
1500 920 1699 972 privatos,

137 986 300 1028 etiamsi
329 999 402 1038 per
431 986 514 1024 vim
544 986 644 1032 fiat,
675 985 830 1025 bellum
862 999 946 1025 non
976 984 1143 1032 dicitur;
1167 985 1316 1036 privati
1338 992 1475 1024 autem
1493 1018 1501 1033 ‚
1523 986 1589 1037 qui
1612 999 1706 1024 cum

138 1053 320 1100 natione,
350 1050 532 1103 legitime
562 1040 1007 1102 constitutaspropria
1036 1058 1196 1090 tanturn
1220 1052 1468 1090 auctoritate
1490 1052 1702 1099 dimicant,

143 1115 306 1156 etiarnsi
335 1113 594 1154 multitudine
623 1115 876 1161 coalescant,
905 1128 988 1154 non
1009 1115 1259 1155 bellantibus
1282 1115 1355 1155 sed
1377 1122 1447 1155 aut
1478 1116 1703 1156 rebellibus

138 1188 210 1221 aut
239 1180 469 1220 latronibus
498 1179 795 1218 assimilantur.
829 1181 970 1220 Verba
999 1180 1069 1218 illa
1102 1181 1209 1219 iuris
1248 1181 1392 1220 tuendi
1409 1182 1558 1233 qratia
1580 1183 1707 1221 finem

139 1246 325 1293 innuunt,
357 1244 410 1283 ad
439 1257 558 1296 quem
582 1245 731 1284 bellum
753 1258 824 1296 per
846 1258 892 1284 se
914 1251 1102 1296 spectare
1128 1245 1258 1293 debet,
1280 1254 1323 1286 ut
1343 1246 1572 1296 legitimum
1593 1246 1646 1286 sit
1667 1252 1707 1285 et

139 1317 312 1350 naturae
333 1316 674 1349 consentaneum.
688 1310 874 1362 Denique
896 1310 1042 1348 dicitur
1054 1323 1138 1362 per·
1161 1310 1241 1348 vim
1263 1312 1485 1358 certantis,
1508 1317 1550 1350 ut
1572 1311 1711 1350 distin-

142 1381 290 1426 guatur
318 1373 470 1413 bellum
500 1386 526 1411 a
555 1373 817 1412 contentione
848 1386 930 1412 non
957 1373 1151 1421 violenta,
1183 1386 1289 1425 quae
1320 1374 1592 1425 disceptando
1620 1374 1704 1413 fiat.

142 1438 244 1477 Cum
262 1435 372 1475 enim
389 1436 538 1487 duplex
554 1436 606 1475 sit
622 1436 889 1476 concertandi
905 1449 1053 1488 genus,
1066 1437 1241 1476 alterum
1260 1450 1331 1488 per
1353 1437 1711 1488 disceptationem,

141 1503 315 1542 alterum
349 1515 422 1554 per
450 1501 545 1550 vim;
566 1515 650 1541 non
671 1502 882 1554 superiore
904 1503 976 1542 sed
997 1502 1223 1554 posteriore
1245 1503 1397 1542 bellurn
1436 1503 1709 1543 constituitur.

192 1569 255 1608 24,
284 1568 492 1607 Bellorum
521 1568 714 1608 diversae
745 1568 919 1619 species.
951 1568 1110 1607 Bellum
1143 1568 1320 1620 dispesci
1346 1576 1479 1620 potest
1508 1569 1637 1621 primo
1655 1569 1709 1608 <in

142 1633 390 1686 offensivnm
422 1638 462 1671 et
476 1632 752 1684 defensivum.
774 1634 879 1672 Nam
899 1634 1008 1681 licet,
1029 1634 1080 1673 ad
1103 1648 1190 1674 rem
1211 1634 1318 1686 quod
1341 1635 1529 1685 pertinet,
1557 1635 1710 1674 bellum

147 1696 301 1736 iustum
332 1708 496 1748 semper
516 1696 775 1736 desensivum
797 1696 876 1736 dici
895 1703 1048 1749 posset,
1071 1704 1277 1750 quatenus
1298 1698 1574 1738 adhibeantur
1593 1711 1711 1737 arma

144 1768 188 1801 ut
216 1761 427 1814 proprium
457 1761 521 1802 ius
549 1761 810 1812 defendatur3
832 1763 1100 1803 nihilominus
1121 1777 1215 1802 cuin
1239 1763 1302 1802 vis
1324 1763 1476 1815 opponi
1497 1763 1625 1814 possit
1648 1763 1712 1803 vel

143 1829 197 1868 ad
236 1827 497 1867 invasionem
527 1828 707 1867 hostium
737 1829 1030 1880 repellendam,
1062 1830 1123 1868 vel
1155 1830 1207 1868 ad
1227 1830 1383 1868 illatam
1406 1829 1596 1868 iniuriam
1619 1829 1714 1868 ulci-

141 1893 374 1940 scendam;
405 1892 439 1931 si
470 1892 646 1944 primum
676 1894 913 1946 contingat,
944 1894 1094 1934 bellum
1124 1894 1204 1933 dici
1234 1895 1339 1933 solet
1370 1893 1644 1942 defensivum,
1679 1898 1715 1937 si

142 1959 331 2007 alterum,
362 1957 621 2005 offensivum,
651 1968 770 2010 prout
799 1960 896 1999 hinc
926 1966 997 1998 aut
1019 1959 1114 1998 inde
1135 1973 1253 1998 arma
1273 1959 1452 2011 primum
1474 1966 1706 1999 moventur.

141 2022 302 2063 Deinde
333 2021 525 2060 dividitur
555 2022 706 2061 bellum
744 2022 784 2060 in
823 2024 1007 2062 solemne
1036 2036 1086 2062 ac
1118 2023 1259 2061 minas
1288 2023 1483 2061 solemne.
1527 2023 1711 2061 Primum

144 2092 219 2135 est,
249 2086 357 2138 quod
387 2086 531 2125 ritibus
562 2087 836 2127 solemnitatis
857 2088 1036 2140 gaudet3
1058 2087 1249 2126 nimirum
1270 2094 1314 2125 ut
1333 2096 1502 2139 geratur
1519 2087 1710 2140 utrinque

143 2151 311 2192 nomine
343 2165 561 2204 supremae
590 2152 807 2204 potestatis
826 2186 834 2201 ,
864 2159 908 2192 ut
937 2160 1033 2192 ante
1062 2154 1138 2192 rite
1170 2153 1444 2200 denuntietur,
1476 2159 1515 2192 et
1544 2159 1706 2205 tempus

143 2224 419 2270 opportunum
448 2218 690 2266 intercedat,
722 2233 800 2271 quo
831 2219 963 2259 altera
985 2233 1080 2271 pars
1101 2219 1153 2258 ad
1175 2219 1325 2258 bellum
1349 2219 1561 2257 vitandum
1595 2219 1714 2258 satis-

145 2283 368 2323 factionem
385 2283 562 2324 iniuriae
578 2284 776 2324 exhibere
797 2285 940 2337 possit.
960 2285 1096 2333 Brevi,
1113 2285 1211 2324 illud
1233 2285 1310 2324 erit
1331 2285 1481 2324 bellum
1514 2285 1713 2332 solemne,

144 2347 251 2399 quod
282 2347 384 2387 ritus
414 2360 558 2387 omnes
587 2348 810 2396 observat,
841 2362 945 2400 quos
975 2362 1060 2387 non
1090 2348 1211 2387 modo
1242 2353 1391 2387 natura
1421 2348 1606 2400 requirit,
1637 2349 1712 2388 sed

144 2410 269 2450 etiam
300 2411 505 2450 cultarum
534 2411 715 2462 gentium
746 2412 1003 2451 consuetudo
1033 2411 1273 2451 introduxit.
1300 2412 1457 2450 Contra
1489 2412 1631 2451 minus
1651 2425 1715 2451 so-

142 2473 279 2513 lemne
300 2473 458 2521 dicitur,
476 2474 586 2524 quod
605 2475 742 2526 aliquo
764 2475 911 2514 horum
931 2475 1084 2514 rituum
1106 2474 1364 2523 destituitur;
1398 2482 1496 2526 puta
1516 2475 1550 2514 si
1571 2482 1717 2515 contra

139 2536 333 2587 populum
362 2548 446 2574 non
489 2536 834 2588 independentem
864 2545 1064 2590 geratur;
1107 2547 1178 2576 aut
1214 2537 1303 2577 sine
1350 2539 1521 2589 praevia
1552 2539 1715 2578 denun-

141 2598 325 2647 tiatione,
361 2605 406 2638 ut
436 2600 684 2652 quandoque
714 2601 867 2641 accidit
895 2601 938 2640 in
969 2602 1073 2641 bello
1096 2602 1324 2651 defensivo3
1346 2609 1417 2641 aut
1437 2616 1520 2643 non
1542 2610 1716 2654 accepta

141 2659 337 2701 facultate
366 2675 393 2701 a
421 2675 615 2714 supremo
645 2664 874 2716 imperante
895 2697 905 2714 ‚
935 2665 986 2705 ob
1017 2673 1235 2718 urgentem
1266 2666 1576 2715 necessitatem,
1608 2680 1713 2719 qnae

146 2735 308 2763 moram
337 2738 421 2764 non
451 2726 645 2778 patiatur.

191 2864 241 2904 (1)
265 2865 324 2898 Ad
347 2866 436 2899 VIII.
459 2869 654 2904 Aeneidos
