1970 3203
502 198 637 225 CAPUT
663 197 703 224 11.
733 198 786 224 DE
816 198 984 227 orneris
1013 199 1182 227 HOMINIS
1210 199 1322 226 ERGA
1350 200 1467 227 DEUM
1696 188 1771 225 135

257 273 384 313 Obz'ie.
417 273 465 311 V.
497 274 543 312 In
574 273 746 313 colendo
774 275 862 314 Deo
882 275 984 315 nihil
1004 281 1138 327 potest
1158 289 1252 316 esse
1273 278 1540 328 superfluum,
1563 281 1647 315 tum
1669 275 1765 327 quia

211 351 421 390 nunquam
456 338 560 379 satis
585 338 757 379 honoris
787 341 874 380 Deo
905 347 1151 392 praestatur,
1183 348 1268 382 tum
1297 342 1394 395 quia
1423 341 1615 394 quidquid
1644 341 1769 380 homo

208 403 346 451 habet,
362 402 523 455 accepit
543 416 568 441 a
589 404 689 443 Deo.

257 468 308 506 R.
337 467 583 519 Distinyuo:
611 467 659 507 In
690 468 863 508 colendo
894 469 981 509 Deo
1011 469 1113 508 nihil
1142 476 1277 522 potest
1306 484 1399 512 esse
1429 473 1683 523 superfluum
1705 483 1764 510 se-

205 531 384 572 cundum
414 530 684 583 quantitatem
715 531 970 579 absolutam,
1002 534 1206 582 concedo;
1237 536 1464 574 secundum
1494 534 1763 587 quantitatem

202 596 420 637 relativam
450 609 525 636 seu
553 597 843 649 proportionis,
874 611 992 650 neyo.

258 661 433 714 Duplici,
462 661 597 710 modo,
628 667 672 702 ut
691 662 887 702 observat
908 663 947 702 S.
972 663 1170 712 Thomas,
1191 664 1343 716 aliquid
1360 672 1495 716 potest
1514 665 1592 705 dici
1615 678 1764 717 super-

200 727 338 765 fluum.
361 727 481 766 Unus
500 731 562 765 est
581 726 741 766 ratione
762 726 1001 778 quantitatis
1024 739 1094 778 per
1115 740 1160 766 se
1181 735 1407 779 spectatae;
1439 734 1477 768 et
1496 729 1614 768 sicin
1645 728 1762 768 Reli-

202 793 326 846 gione
356 792 445 831 dari
473 792 615 845 nequit
643 794 894 845 superfluum
918 826 926 841 ,
962 793 1057 845 quia
1096 793 1289 846 quidquid
1318 794 1442 834 homo
1474 794 1571 835 facit
1598 800 1760 847 propter

202 860 348 906 Deum,
369 871 533 910 semper
557 858 694 898 minus
714 865 777 898 est
796 872 918 911 quam
940 859 1070 898 debet.
1087 859 1204 898 Alius
1219 859 1367 899 modus
1383 865 1446 899 est
1461 859 1620 899 ratione
1637 873 1761 912 quan-

204 921 332 963 titatis
353 921 564 969 relativae,
587 934 660 961 seu
680 921 894 974 inspectae
913 922 1028 961 iuxta
1049 923 1354 974 proportionem
1385 936 1478 962 cum
1509 924 1604 971 fine;
1638 930 1678 963 et
1697 923 1756 963 sic

202 985 244 1025 in
273 984 472 1036 religione
502 990 638 1036 potest
658 985 745 1023 dari
767 986 1032 1037 superfluum,
1054 991 1258 1037 quatenus
1279 986 1395 1026 detur
1415 986 1569 1039 aliquid
1590 986 1661 1025 fini
1682 986 1759 1025 dis-

201 1051 399 1091 sentiens.
422 1051 468 1090 In
485 1051 566 1090 hoc
588 1063 714 1090 sensu
736 1064 812 1090 nos
833 1051 1074 1090 admisimus
1096 1051 1182 1090 dari
1203 1065 1326 1103 posse
1346 1054 1599 1105 superfluum
1619 1051 1660 1090 in
1681 1053 1760 1091 Re-

200 1115 366 1168 ligione3
390 1120 593 1167 quatenus
614 1114 857 1154 obtrudatur
877 1123 1008 1163 actus,
1029 1129 1111 1154 non
1134 1117 1387 1167 respondens
1418 1129 1545 1169 scopo
1570 1115 1758 1168 Religio-

197 1181 273 1230 nis,
305 1181 372 1233 qui
403 1186 465 1220 est
493 1186 536 1219 ut
565 1181 687 1219 homo
717 1180 807 1219 Deo
838 1180 907 1219 det
929 1181 1119 1233 gloriam
1151 1182 1270 1234 eique
1286 1195 1328 1222 se
1349 1182 1549 1222 subiiciat
1566 1185 1702 1221 mente
1721 1186 1760 1220 et

199 1260 377 1300 corpore
410 1247 483 1297 (1).

253 1312 383 1352 Obz'ic.
414 1313 483 1350 VI.
516 1311 687 1351 Videtur
716 1324 817 1351 vera
847 1312 982 1364 opinio
1012 1312 1169 1361 Kantii,
1199 1313 1390 1352 nimirum
1422 1314 1530 1366 quod
1549 1327 1667 1353 amor
1688 1312 1763 1352 Dei

198 1375 250 1416 sit
279 1375 436 1415 homini
466 1375 732 1427 impossibilis
763 1381 802 1414 et
822 1375 928 1415 inter
949 1376 1048 1415 vitia
1069 1377 1313 1428 mysticismi
1335 1377 1636 1417 amandandus.
1656 1378 1761 1416 Nam

194 1442 309 1481 Deus
330 1447 393 1481 est
413 1441 642 1489 invisibilis;
664 1440 870 1480 invisibile
891 1447 1028 1480 autem
1050 1441 1162 1493 diligi
1183 1443 1332 1494 nequit.

243 1507 295 1546 R.
312 1506 421 1545 Dist.
434 1505 745 1558 probationem:
763 1506 874 1544 Deus
892 1511 955 1545 est
971 1505 1190 1545 invisibilis
1207 1506 1360 1554 sensui,
1376 1519 1502 1554 cone.;
1521 1506 1759 1554 intellectui,

192 1584 310 1623 neyo.
331 1571 397 1610 Ad
418 1571 542 1610 aliam
563 1570 885 1622 propositionem
907 1570 1060 1622 pariter
1081 1570 1304 1623 distinguo:
1325 1572 1529 1612 invisibile
1557 1572 1670 1624 diligi
1692 1586 1762 1613 ne-

193 1634 279 1687 quit
307 1647 449 1674 amore
479 1633 677 1681 sensibili,
707 1647 824 1680 conc,·
854 1648 997 1674 amore
1026 1635 1231 1684 rationali,
1256 1636 1371 1676 subd:
1402 1636 1436 1676 si
1466 1636 1518 1676 sit
1548 1636 1755 1675 invisibile

192 1700 315 1739 etiam
336 1699 574 1746 intellectui,
599 1700 752 1739 iterum
774 1713 894 1746 eonc;
920 1700 954 1739 si
977 1706 1133 1739 tanturn
1165 1701 1369 1750 sensibus,
1396 1715 1511 1754 nego.

246 1765 442 1817 Sophista
470 1766 718 1805 alemannus
739 1764 829 1805 ideo
850 1765 891 1804 in
911 1767 993 1804 hoc
1015 1765 1213 1813 deliravit,
1245 1766 1339 1818 quia
1361 1767 1642 1819 cognitionem
1674 1768 1755 1807 hu-

189 1844 355 1870 manam
375 1830 435 1870 sic
453 1831 676 1878 contraxit,
694 1837 737 1870 ut
752 1832 844 1869 sola
860 1830 1139 1883 experientiae
1161 1832 1325 1871 sensilis
1343 1833 1514 1884 regione
1532 1833 1758 1873 conclude-

191 1903 265 1944 ret;
291 1907 369 1934 nec
399 1895 510 1934 aliud
538 1908 688 1934 munus
709 1894 833 1934 menti
861 1895 1080 1942 concessit,
1100 1894 1178 1934 nisi
1200 1901 1243 1934 ut
1264 1896 1302 1934 vi
1325 1909 1493 1935 suarum
1523 1896 1749 1936 formarum

191 1960 383 2001 idealium
405 1961 458 1999 acl
478 1961 676 2000 unitatem
696 1966 916 2000 revocaret
937 1960 1109 2001 disiecta
1135 1961 1436 2012 phaenomena.
1470 1961 1512 2001 Si
1541 1961 1599 2001 ita
1630 1969 1751 2012 esset;

191 2031 306 2064 certe
324 2026 449 2073 Deus,
471 2031 515 2063 ut
531 2023 720 2064 sensibus
740 2024 919 2076 ignotus,
950 2024 1060 2076 diligi
1091 2038 1173 2064 non
1203 2031 1356 2076 posset.
1388 2027 1470 2066 Sed
1500 2027 1754 2066 contrarium

191 2088 358 2128 omnino
379 2089 576 2141 sequitur,
598 2089 646 2136 si,
664 2088 831 2128 insania
850 2090 921 2128 illa
940 2090 1106 2137 reiecta,
1129 2103 1219 2130 cum
1242 2104 1340 2130 vera
1369 2091 1632 2145 philosophia
1664 2098 1753 2132 sta-

188 2156 326 2191 tuatur
346 2153 477 2191 Deum
496 2166 520 2191 a
540 2152 659 2192 nobis
679 2166 825 2205 reapse
847 2153 1044 2205 cognosci
1075 2153 1390 2194 ratiocinatione
1422 2157 1574 2196 mentis
1602 2163 1641 2196 et
1670 2169 1755 2196 me-

188 2215 399 2263 ditatione,
429 2229 510 2268 qua
539 2229 621 2255 non
651 2217 774 2256 modo
805 2217 893 2257 eius
923 2217 1221 2266 exsistentiam,
1252 2220 1326 2259 sed
1361 2233 1568 2260 summam
1589 2234 1750 2274 quoque

187 2279 412 2320 bonitatem
443 2286 482 2320 et
510 2281 826 2333 pulcritudinem
858 2284 1197 2335 contemplamur.

807 2413 1051 2453 ARTieULus
1083 2415 1134 2453 ΙΙ.

622 2527 688 2566 De
717 2529 834 2567 cultu
866 2529 1032 2568 inter-no
1064 2534 1103 2570 et
1131 2535 1318 2572 externo.

235 2655 296 2693 33.
327 2654 469 2695 Cultus
497 2655 653 2696 interni
681 2657 730 2696 ab
762 2661 936 2698 externo
967 2658 1202 2700 diversitas.
1235 2662 1368 2703 Mirus
1399 2670 1462 2704 est
1496 2670 1751 2717 quantopere

186 2716 424 2756 eclectimus
445 2718 605 2758 Galliae
619 2720 661 2758 in
678 2721 813 2759 cultus
823 2720 990 2761 notione
1002 2722 1238 2763 exhibenda
1248 2728 1494 2777 peccaverit,
1512 2727 1752 2767 Germanioi

189 2778 461 2820 rationalismi
481 2781 688 2822 insomnia
708 2790 919 2835 sequutus.
944 2786 1170 2837 Postquam
1202 2789 1309 2828 enim
1338 2791 1537 2843 religione
1567 2791 1608 2830 in
1637 2803 1751 2830 mera

232 2883 281 2924 (1)
306 2885 397 2917 Vide
419 2887 453 2919 S.
477 2887 652 2927 ΤΗΟΜΑΜ,
677 2889 831 2923 Summa
855 2890 914 2928 tlt,
936 2891 982 2923 2³
1004 2891 1063 2923 2⁸2
1086 2901 1116 2932 q.
1141 2894 1250 2933 XCV,
1273 2906 1302 2927 a.
1326 2897 1352 2928 3.
