1970 3203
208 170 235 210 6
884 190 1122 218 PRAEFA'no

208 263 338 317 ratio;
374 269 415 308 et-
446 263 508 309 ad
541 278 696 323 quem,
715 271 956 324 tamquam
991 268 1050 313 ad
1074 269 1281 315 ultimum
1304 273 1458 330 finem,
1483 277 1652 330 omnia,
1675 292 1796 336 quae

210 345 411 402 agimus,
449 348 724 393 referuntur.

266 431 368 482 Qua
398 432 443 475 in
475 447 525 476 re
557 433 820 479 incredibile
853 434 973 480 dictu
1008 442 1089 490 est,
1124 443 1347 494 quantam
1380 442 1631 498 perniciem
1653 445 1788 489 nobi-

205 511 410 558 lissimae
428 513 533 557 huic
550 513 870 572 philosophiae
887 517 1000 573 parti
1014 517 1343 565 Rationalistae
1360 525 1788 572 transcendentales

205 597 444 651 attulerint:
480 598 569 656 qui,
586 600 945 645 Protestantium
977 602 1072 645 nixi
1102 604 1325 663 principio
1363 607 1423 653 de
1457 609 1671 655 absoluta
1701 613 1792 657 ho-

206 679 343 723 minis
378 679 767 739 independentia,
800 683 1089 729 honestatem
1123 691 1165 729 et
1196 687 1429 745 iustitiam,
1459 692 1561 737 sine
1593 694 1710 749 Deo,
1745 696 1792 740 in

206 764 479 807 azctonomia
511 764 702 809 rationis
735 765 1024 812 fundandam
1048 771 1384 818 existimarunt.
1409 775 1481 818 Ex
1503 789 1597 833 quo
1616 777 1790 823 factum

207 848 275 887 est
293 850 341 888 ut
353 844 496 901 labes,
511 861 631 904 quae
649 861 814 892 eorum
832 863 975 907 opera
992 850 1086 895 iam
1104 854 1538 912 contemplationem
1558 857 1794 915 infecerat,

203 927 249 970 in
273 929 495 974 ambitum
518 930 710 974 actionis
732 932 905 985 flueret,
927 938 967 978 et
991 936 1323 981 conscientiam
1346 953 1442 983 non
1463 941 1608 985 modo
1634 943 1790 1000 priva-

202 1016 312 1066 tam,
345 1011 432 1058 sed
465 1012 599 1056 etiam
631 1013 861 1071 publicam
895 1018 1237 1064 contaminaret.
1275 1020 1470 1066 Semoto
1505 1025 1628 1067 enim
1661 1026 1791 1080 Deo,

207 1094 358 1138 omnis
406 1094 619 1139 bonitatis
654 1101 695 1140 et
741 1097 938 1143 iustitiae
971 1099 1125 1153 fonte,
1160 1109 1412 1162 conceptus
1447 1106 1557 1150 boni
1591 1113 1632 1152 et
1684 1108 1792 1153 iusti

206 1179 396 1223 omnino
421 1181 601 1232 corruit3
628 1186 681 1234 et,
705 1181 833 1239 quod
856 1197 1153 1242 consequens
1178 1193 1261 1243 est,
1289 1189 1394 1234 nihil
1416 1198 1631 1237 sanctum
1656 1200 1696 1238 et
1719 1209 1792 1239 re-

205 1263 463 1308 verendum
480 1263 525 1306 in
542 1264 753 1309 moribus
772 1274 998 1325 superest.
1022 1269 1226 1328 Itemque
1243 1272 1283 1315 si
1300 1272 1458 1328 homO,
1478 1277 1792 1332 quemadmo-

207 1345 320 1390 dum
352 1345 398 1389 fit
431 1360 458 1389 a
490 1347 799 1402 rationalistis‚
834 1363 893 1395 ex
926 1357 1026 1396 ente
1058 1352 1268 1398 relativo
1302 1355 1347 1399 in
1379 1356 1652 1404 absolutam
1676 1375 1789 1405 con—

207 1427 407 1480 vertitur3
432 1433 526 1472 tota
547 1429 646 1473 eius
669 1435 834 1475 natura
857 1432 1147 1479 deformatur
1166 1442 1207 1480 et
1229 1437 1274 1480 in
1301 1445 1605 1497 praepostero
1629 1443 1790 1488 ordine

208 1511 508 1556 constituitur.
543 1512 656 1563 Quis
690 1528 802 1559 vero
836 1530 929 1560 non
962 1519 1083 1564 videt
1115 1534 1174 1564 ex
1208 1535 1430 1579 perversa
1462 1527 1527 1570 rei
1560 1528 1787 1586 cuiusque

206 1601 373 1640 natura
404 1611 499 1641 non
521 1612 679 1654 posse,
703 1599 791 1643 nisi
812 1614 1088 1658 perversam
1112 1607 1428 1662 operationem
1451 1609 1670 1656 derivari?
1694 1614 1786 1657 De-

210 1668 350 1735 nique
382 1678 420 1721 si
438 1679 579 1730 Deus,
603 1684 651 1722 ut
673 1693 946 1738 supremum
978 1683 1167 1739 bonum,
1192 1699 1441 1743 supremus
1471 1695 1540 1734 est
1561 1692 1786 1737 terminus

207 1758 399 1802 actionis
432 1759 678 1815 humanae,
712 1776 740 1806 a
773 1777 865 1820 quo
899 1764 1111 1810 voluntas
1151 1767 1449 1815 directionem
1483 1777 1523 1816 et
1555 1772 1707 1831 legem
1741 1775 1784 1819 in

206 1841 411 1885 motibus
435 1842 534 1886 suis
555 1848 806 1888 mutuatur:
828 1847 1131 1904 perspicuum
1154 1855 1223 1893 est
1246 1849 1495 1907 hominem,
1515 1854 1784 1900 distractum

204 1936 233 1966 a
264 1923 378 1977 Deo,
411 1923 620 1981 planetae
651 1926 913 1981 assimilari,
932 1928 1024 1984 qui,
1058 1929 1180 1974 Solis
1215 1931 1483 1979 efficientiae
1500 1935 1782 1989 subtractus,

205 2003 421 2060 propriae
444 2006 652 2061 gravitati
673 2007 952 2066 relinquitur.
977 2010 1063 2054 Hic
1086 2015 1215 2054 extra
1238 2013 1402 2058 orbem
1426 2027 1698 2071 excurrens,
1721 2017 1781 2061 ad

207 2096 323 2128 suas
346 2084 662 2130 conficiendas
683 2088 992 2135 revolutiones
1016 2090 1308 2148 destinatum,
1333 2109 1427 2139 non
1457 2097 1601 2141 modo
1624 2111 1653 2141 a
1674 2111 1786 2156 pro-

206 2170 307 2227 prio
341 2170 432 2215 fine
465 2171 718 2227 desciscet‚
753 2174 839 2218 sed
871 2180 1021 2220 cetera
1067 2178 1202 2222 etiam
1236 2194 1434 2238 corpora
1458 2218 1468 2236 ,
1504 2184 1784 2240 quibuscum

211 2257 506 2311 connectitur,
539 2259 836 2315 perturbabit.

269 2337 419 2385 Quare
440 2342 608 2387 mirum
619 2345 943 2390 neminivideri
961 2347 1107 2403 debet,
1123 2350 1163 2393 si
1175 2351 1563 2398 rationalistarum
1582 2355 1788 2400 doctrina

207 2438 303 2469 non
319 2427 462 2471 modo
481 2434 694 2485 respectu
711 2430 995 2487 privatorum
1012 2433 1240 2490 pestifera,
1252 2450 1414 2482 verum
1427 2438 1565 2483 etiam
1575 2445 1786 2498 respectu

209 2508 439 2552 societatis
449 2511 627 2554 auctrix
637 2511 938 2568 confusionis,
949 2516 1238 2571 tumultuum,
1251 2519 1616 2575 perduellionum
1630 2523 1789 2567 evasit.

208 2589 257 2633 Id
275 2593 543 2637 necessario
557 2596 931 2653 consequebatur
944 2613 1001 2643 ex
1014 2600 1236 2659 principio
1249 2607 1385 2648 antea
1402 2611 1783 2661 commemorato,

204 2675 333 2732 quod
351 2676 618 2722 dissolventi
635 2680 805 2735 virtute,
825 2695 918 2739 qua
935 2683 1080 2740 pollet,
1100 2686 1284 2729 nonnisi
1301 2686 1363 2731 ad
1379 2688 1722 2746 corruptionem
1742 2695 1783 2734 et

205 2756 432 2801 interitum
465 2758 664 2804 adducit.
698 2761 945 2820 Comperta
967 2763 1011 2806 in
1034 2767 1265 2822 praesenti
1287 2772 1328 2811 et
1350 2767 1572 2812 consessa
1593 2781 1673 2812 res
1696 2776 1781 2826 est,

213 2840 432 2886 socialem
468 2843 771 2899 eversionem,
806 2859 947 2903 quam
968 2853 1175 2893 recentes
1198 2847 1385 2893 libertini
1407 2854 1646 2909 tantopere
1668 2852 1781 2897 affe-
