1970 3203
491 200 627 227 CAPUT
655 199 706 226 111.
735 198 787 226 DE
817 198 972 227 SOCIALI
1001 197 1186 226 UNlTATE
1215 198 1404 226 GENTIUM·
1649 185 1726 226 359

168 278 312 318 tudine
328 282 368 318 et
384 279 650 327 auctorz‘tat63
671 278 751 317 hoc
771 283 909 318 tamen
931 277 1178 319 discrimine:
1200 277 1307 330 quod
1327 277 1367 316 in
1390 276 1590 318 societate
1612 276 1724 316 civili

164 343 378 383 multitudo
395 343 613 383 exhibetur
633 357 659 382 a
678 343 855 391 familiis,
877 356 982 396 quae
998 343 1160 395 proprie
1181 343 1269 383 eius
1290 348 1384 382 sunt
1405 348 1554 394 partes,
1577 347 1724 381 contra

161 407 204 446 in
225 407 531 448 internationali
552 408 863 448 consociatione
882 406 1094 446 multitudo
1125 406 1455 459 suppeditaretur
1475 419 1527 445 ex
1546 404 1720 458 integris

158 473 363 525 gentibus,
394 485 500 524 quae
529 478 725 525 tanquam
756 472 842 512 eius
872 471 1057 511 membra
1085 470 1444 510 constituerentur.
1466 469 1574 508 Hinc
1596 482 1722 508 emer-

158 543 259 590 gunt
276 550 420 577 omnes
437 537 704 587 differentiae,
727 551 832 590 quae
854 538 995 589 vigent
1015 536 1103 576 sive
1123 541 1313 588 respectu
1333 535 1606 583 auctoritatis,
1630 535 1721 574 sive

160 608 348 653 respectu
379 610 606 643 ceterarum
636 617 795 652 rerum,
827 603 879 642 ad
908 601 1107 659 eiusmodi
1128 602 1371 642 societatem
1401 599 1689 653 pertinentium
1713 613 1722 648 ;

163 682 265 720 quae
295 683 440 710 omnes
469 684 521 710 ex
550 670 788 710 diversitate
808 668 980 710 subiecti
1003 668 1167 707 tandem
1197 668 1394 708 oriuntur.
1418 668 1525 707 Nam
1546 665 1721 705 subiecti

162 732 379 774 diversitas
410 734 689 774 diversitatem
710 733 867 774 inducit
895 734 936 772 in
957 735 1107 782 finem;
1152 732 1371 772 diversitas
1402 744 1500 771 vero
1534 731 1629 770 finis
1658 729 1726 769 di-

162 798 397 839 versitatem
426 801 547 839 affert
578 798 728 839 ceteris
758 798 949 838 omnibus
969 831 978 847 ‚
1009 811 1115 851 quae
1143 797 1308 837 nonnisi
1337 810 1391 837 ex
1420 797 1502 836 fine
1532 808 1722 835 normam

160 868 199 901 et
228 876 466 917 mensuram
496 863 716 916 accipiunt.

213 929 331 975 Quod
360 935 497 969 autem
527 942 578 969 ex
608 929 845 969 diversitate
875 928 1049 969 subiecti
1080 928 1172 968 finis
1201 928 1270 967 hic
1301 927 1502 975 varietur,
1534 927 1722 979 explora·

160 998 243 1033 tum
265 1001 599 1047 compertumque
628 1002 702 1036 est.
734 994 894 1036 Iunctio
924 995 1033 1035 enim
1062 999 1101 1035 et
1129 994 1309 1034 societas
1339 1007 1433 1033 cum
1462 993 1502 1032 id
1523 999 1719 1046 praestet,

158 1064 202 1097 ut
235 1058 459 1099 subiectum
489 1060 714 1111 amplificet
743 1061 878 1112 quoad
909 1061 1019 1100 vires
1053 1064 1092 1100 et
1126 1059 1258 1099 media
1294 1058 1442 1111 quibus
1475 1057 1693 1098 instruitur
1713 1089 1722 1106 ,

158 1122 267 1162 hunc
296 1124 421 1163 finem
449 1124 592 1172 habet,
623 1130 666 1163 ut
694 1124 903 1175 praesidia
931 1124 1134 1175 ampliora
1164 1130 1203 1162 et
1231 1122 1381 1162 tutiora
1410 1122 1639 1174 suppeditet
1671 1122 1725 1161 ad

156 1202 376 1229 commune
404 1190 558 1230 bonum
586 1189 806 1238 sociorum,
837 1190 945 1229 unde
979 1195 1157 1238 constat,
1192 1189 1339 1229 melius
1371 1188 1721 1241 consequendum.

156 1255 266 1295 Hinc
296 1258 643 1309 quemadmodum
674 1256 771 1296 finis
802 1256 935 1296 civilis
967 1255 1182 1296 societatis
1211 1261 1274 1295 est
1303 1262 1347 1294 ut
1376 1255 1554 1295 familias
1580 1260 1718 1295 exter-

155 1321 220 1361 nis
240 1321 435 1361 subsidiis
454 1328 608 1374 augeat
627 1321 762 1373 quoad
781 1321 1076 1361 individualem
1098 1321 1223 1360 finem
1249 1319 1410 1372 plenius
1440 1319 1722 1368 obtinendum,

155 1386 231 1425 sub
253 1398 382 1438 eaque
400 1385 731 1425 consideratione
749 1385 936 1437 publicas
953 1385 1192 1424 earumdem
1209 1384 1435 1424 relationes
1456 1383 1638 1433 ordinat;
1661 1383 1722 1423 sic

155 1450 251 1490 finis
280 1450 492 1491 societatis
512 1450 843 1491 internationalis
863 1451 905 1489 in
928 1452 1007 1490 hoc
1029 1450 1224 1498 cernitur,
1246 1455 1288 1488 ut
1311 1449 1504 1489 diversae
1529 1449 1722 1489 nationes

154 1516 347 1556 inventur
364 1517 499 1569 quoad
516 1530 687 1569 scopum
703 1516 903 1556 socialem
923 1516 1049 1555 tutius
1067 1521 1105 1555 et
1121 1515 1371 1555 cumulatius
1391 1514 1720 1565 adipiscendumi

154 1596 309 1635 easque
338 1584 415 1623 sub
444 1582 515 1623 tali
545 1583 878 1623 consideratione
908 1582 1014 1622 inter
1045 1595 1090 1621 se
1120 1581 1329 1621 devinciat
1358 1587 1398 1621 et
1428 1586 1639 1634 temperet.

206 1649 316 1688 Hinc
345 1649 492 1689 iterum
522 1656 693 1702 apparet
722 1663 796 1688 cur
825 1648 1004 1688 familiae
1039 1647 1278 1688 maturrime
1308 1647 1349 1686 in
1380 1647 1622 1687 societatem
1655 1647 1719 1686 ci-

153 1715 274 1755 vilem
304 1715 518 1763 coiverint,
548 1728 631 1754 non
659 1715 756 1755 item
783 1715 974 1755 nationes
996 1715 1035 1754 in
1065 1714 1307 1760 societatem
1340 1713 1718 1755 internationalem.

155 1781 261 1820 Nam
291 1793 418 1819 causa
445 1779 672 1819 subiective
700 1779 916 1831 impellens
952 1785 993 1819 et
1023 1778 1147 1819 veluti
1178 1779 1370 1818 stimulus
1405 1779 1540 1830 quoad
1578 1778 1720 1817 socie-

153 1848 279 1884 tatem
307 1844 529 1884 ineundam
559 1850 621 1884 est
649 1843 879 1895 indigentia
908 1843 1067 1882 externi
1097 1842 1254 1891 auxilii;
1277 1855 1358 1894 qua
1387 1848 1499 1881 certe
1525 1847 1719 1894 respectu

153 1913 247 1952 finis
276 1912 428 1964 proprii
457 1913 549 1964 plus
577 1911 758 1951 familiae
787 1912 1025 1963 pulsantur,
1063 1923 1182 1962 quam
1213 1909 1415 1948 nationes.
1449 1910 1560 1949 Istae
1590 1908 1718 1955 enim,

152 1978 275 2017 etiam
305 1990 494 2017 seorsum
515 1983 726 2029 acceptae,
757 1976 902 2016 maiori
923 1975 1043 2027 copia
1062 1975 1288 2014 mediorum
1314 1974 1505 2014 fruuntur
1524 1980 1720 2026 respectu

151 2044 246 2083 finis
284 2043 466 2096 politici,
497 2057 619 2096 quam
651 2042 830 2082 familiae
860 2048 1051 2094 respectu
1088 2041 1183 2080 finis
1220 2040 1497 2080 individualis.
1536 2041 1601 2080 Ex
1640 2054 1719 2093 quo

152 2109 304 2149 factum
335 2116 398 2150 est
426 2117 471 2150 ut
500 2109 692 2158 familiae,
724 2114 862 2161 utpote
892 2109 1139 2162 egentiores,
1168 2107 1333 2159 impulsi
1367 2112 1541 2147 naturae
1582 2106 1718 2159 magis

151 2173 298 2213 festine
326 2173 674 2226 obtemperarint;
706 2179 851 2213 contra
874 2174 1077 2222 nationes,
1108 2178 1248 2224 utpote
1276 2173 1414 2212 minus
1446 2177 1628 2225 egentes,
1657 2172 1719 2211 ei-

153 2240 245 2279 dem
273 2240 541 2280 incitamento
572 2240 704 2280 serius
734 2246 773 2280 et
803 2241 1056 2292 pedetentim
1086 2240 1293 2280 obediant.

205 2306 363 2346 Deinde
400 2307 447 2347 fit
483 2306 607 2346 etiam
645 2306 910 2346 manifestum
942 2306 1254 2346 consociatione
1291 2306 1374 2345 hac
1408 2305 1717 2346 internationah

151 2370 362 2422 politicam
402 2370 760 2421 independentiam
801 2370 1059 2423 singularum
1089 2370 1272 2423 gentium
1310 2384 1394 2410 non
1431 2370 1613 2419 auferri,
1644 2370 1718 2410 sed

150 2433 284 2486 potius
314 2433 551 2473 confirmari
582 2440 621 2474 et
650 2435 703 2473 ad
731 2435 919 2487 proprios
949 2435 1099 2475 limites
1128 2435 1281 2476 reduci.
1315 2436 1357 2475 Si
1383 2435 1492 2475 enim
1513 2435 1555 2473 in
1576 2434 1717 2474 socie-

150 2505 233 2539 tate
263 2499 373 2538 civili
402 2499 595 2547 familiae,
626 2512 731 2552 quae
762 2508 1088 2552 congregantur,
1121 2500 1394 2540 domesticam
1430 2499 1716 2551 independen-

150 2567 250 2607 tiam
280 2566 471 2614 retinent,
502 2566 667 2605 tametsi
698 2566 887 2618 publicae
918 2566 1155 2606 auctoritati
1184 2567 1319 2619 quoad
1349 2565 1548 2606 relatione
1573 2565 1717 2605 civiles

150 2632 450 2680 subiiciantur;
483 2631 523 2670 id
552 2633 678 2671 multo
708 2632 843 2684 magis
872 2632 921 2671 de
951 2632 1189 2672 nationibus
1219 2632 1356 2685 quoad
1391 2645 1534 2671 earum
1566 2643 1712 2670 conso-

151 2695 371 2735 ciationem
402 2696 621 2736 dicendum
651 2702 725 2737 est.
757 2697 979 2736 Vinculum
1009 2696 1118 2736 enim
1138 2730 1149 2744 ,
1181 2710 1262 2749 quo
1291 2697 1545 2750 iunguntur,
1577 2693 1715 2733 minus

150 2767 213 2801 est
242 2768 403 2801 arctum
421 2776 431 2811 ;
460 2762 556 2802 finis
578 2776 677 2802 vero
699 2776 724 2802 a
743 2775 822 2814 quo
843 2775 991 2802 norma
1011 2762 1225 2814 regiminis
1250 2762 1487 2809 desumitur,
1509 2761 1714 2799 internam

153 2823 351 2877 cuiusque
371 2825 621 2877 reipublicae
644 2825 1046 2867 administrationem
1070 2825 1239 2866 minime
1261 2826 1490 2879 ingreditur
1509 2857 1518 2873 ,
1548 2824 1622 2864 sed
1648 2837 1716 2863 ex-

152 2891 329 2932 teriores
359 2891 574 2933 dumtaxat
606 2899 824 2947 respectus
859 2893 1107 2942 moderatur,
1129 2892 1276 2945 quibus
1310 2893 1501 2933 nationes
1533 2890 1712 2931 invicem
