1970 3203
207 225 258 263 74
901 235 1121 262 ETHicA

263 309 392 349 Obz'ic.
424 310 498 349 III.
517 308 787 349 Verecundia
803 321 876 360 per
892 321 936 348 se
954 314 1144 360 spectata
1161 307 1272 348 bona
1293 314 1356 348 est
1374 308 1415 347 in
1436 321 1593 361 genere
1616 320 1793 357 morum;

209 380 357 413 contra
376 373 533 413 invidia
563 380 626 413 est
656 373 779 411 mala.
802 372 884 412 Sed
906 378 1105 424 utraeque
1130 380 1228 413 sunt
1248 372 1479 424 passiones.
1503 374 1614 426 Ergo
1639 373 1790 411 dantur

214 437 436 490 passiones
468 450 540 489 per
569 450 616 476 se
645 436 782 476 bonae
812 444 852 477 et
880 449 954 488 per
983 449 1027 476 se
1058 436 1195 477 malae
1224 436 1452 477 moraliter.

261 503 310 541 R.
342 501 451 541 Dc'st.
485 501 594 540 min:
617 501 830 553 Utraeque
851 507 947 541 sunt
967 501 1165 552 passione
1187 501 1412 553 simplices,
1436 515 1540 554 neyo
1569 508 1665 542 sunt
1694 515 1796 554 pas-

209 567 351 607 siones
380 567 548 616 mixtae,
571 580 677 619 quae
698 567 949 619 participant
973 567 1170 606 iudicium
1191 567 1367 607 rationis
1389 574 1430 607 et
1460 575 1618 609 motum
1640 568 1796 607 liberae

211 633 452 683 voluntatis,
480 634 672 673 concedo.
702 634 907 673 Audiatur
929 635 968 672 S.
997 634 1197 681 Thomas,
1221 649 1240 672 «
1265 633 1438 686 Species
1467 641 1587 674 actus
1609 636 1674 674 vel
1696 648 1796 687 pas-

209 700 341 741 sionis
371 700 589 752 dupliciter
610 700 866 740 considerari
889 706 1036 752 potest.
1060 700 1156 739 Uno
1178 700 1314 748 modo,
1337 701 1567 741 secundum
1595 703 1703 754 quod
1733 707 1797 742 est

211 768 253 807 in
284 781 439 820 genere
469 773 676 816 naturae;
707 774 748 807 et
778 766 839 806 sic
870 767 1023 806 bonum
1054 767 1120 805 vel
1141 767 1295 805 malum
1322 768 1482 807 morale
1512 781 1597 808 non
1618 767 1798 820 pertinet

213 833 266 872 ad
297 832 480 885 speciem
511 838 631 872 actus
662 831 726 870 vel
757 830 978 883 passionis.
1009 831 1103 870 Alio
1135 831 1271 878 modo,
1306 832 1536 871 secundum
1567 831 1676 884 quod
1698 845 1797 883 per-

213 897 315 937 tinet
345 897 398 936 ad
413 909 549 949 genus
570 895 710 944 moris,
732 901 854 948 prout
874 895 1036 935 scilicet
1053 895 1272 947 participat
1298 895 1452 948 aliquid
1482 896 1533 935 de
1559 895 1798 935 voluntario

214 968 254 1001 et
283 960 436 999 iudicio
467 959 666 1008 rationis;
699 967 741 1000 et
756 960 835 999 hoc
858 959 981 999 modo
1002 960 1156 999 bonum
1179 966 1219 999 et
1248 961 1402 1000 malum
1433 961 1590 1000 morale
1620 968 1798 1012 possunt

215 1027 425 1079 pertinere
455 1026 507 1064 ad
538 1025 719 1077 speciem
749 1024 971 1077 passionis,
1003 1026 1234 1065 secundum
1252 1027 1361 1078 quod
1392 1026 1595 1078 accipitur
1625 1031 1668 1065 ut
1692 1025 1801 1065 obie-

216 1097 328 1130 ctum
359 1090 571 1142 passionis
603 1089 757 1142 aliquid
787 1089 837 1129 de
867 1102 912 1129 se
942 1090 1199 1129 conveniens
1237 1090 1389 1131 rationi
1410 1108 1414 1111 “
1433 1091 1498 1129 vel
1529 1089 1744 1129 dissonum
1776 1102 1802 1128 a

213 1157 405 1205 ratione;
436 1156 544 1196 sicut
575 1162 690 1208 patet
721 1156 772 1195 de
802 1155 1056 1195 verecundia
1088 1188 1096 1204 ‚
1129 1169 1236 1208 quae
1268 1164 1330 1196 est
1360 1156 1481 1196 timor
1509 1155 1653 1208 turpis,
1683 1160 1723 1194 et
1752 1154 1802 1193 de

218 1223 387 1270 invidia,
417 1235 523 1275 quae
555 1229 618 1263 est
648 1220 815 1261 tristitia
848 1222 897 1261 de
927 1222 1036 1261 bono
1066 1222 1239 1262 alterius
1275 1224 1349 1275 (1).
1382 1237 1402 1261 >)

274 1290 404 1329 Obz'z'c.
437 1291 509 1328 IV.
540 1287 831 1336 Passionibus,
862 1295 905 1327 ut
925 1289 1009 1327 vult
1025 1288 1175 1328 Fourie
1185 1303 1217 1337 r,
1240 1302 1313 1341 per
1329 1302 1374 1329 se
1391 1289 1591 1342 spectatis
1611 1288 1804 1328 obedien-

218 1356 314 1394 dum
346 1359 420 1394 est.
452 1354 559 1392 Nam
591 1359 767 1392 naturae
797 1352 1145 1404 propensionibus
1181 1366 1265 1392 vox
1285 1352 1361 1393 Dei
1383 1353 1686 1393 manifestatur.
1708 1352 1807 1391 Pas-

219 1420 361 1460 siones
392 1423 531 1457 autem
563 1416 688 1457 etiam
720 1417 761 1454 in
792 1416 961 1456 homine
993 1424 1090 1456 sunt
1121 1416 1427 1468 propensiones
1455 1423 1641 1456 naturae.

273 1487 321 1525 R.
353 1485 475 1536 Neyo
493 1483 671 1535 primum
693 1488 915 1522 assertum.
937 1482 1004 1522 Ad
1033 1483 1323 1535 probationem
1344 1483 1440 1522 dist.
1473 1472 1585 1523 rimi:
1617 1484 1804 1523 Naturae

217 1550 567 1605 propensionibus
607 1562 691 1589 vox
736 1548 812 1588 Dei
841 1548 1146 1597 manifestatur,
1179 1549 1214 1589 si
1243 1549 1549 1601 propensiones
1586 1556 1805 1589 sumuntur

217 1619 337 1658 iuxta
356 1616 543 1656 ordinem
568 1628 593 1653 a
609 1615 698 1654 Deo
715 1613 1046 1662 intentum,conc
1065 1628 1074 1662 3
1095 1614 1130 1654 si
1151 1622 1316 1665 praeter
1332 1615 1444 1653 hunc
1461 1614 1661 1668 ordinem,
1685 1627 1804 1665 neyo.

219 1680 441 1721 Minorem
463 1692 562 1718 vero
578 1677 734 1730 pariter
750 1678 837 1717 dist
852 1691 860 1717 :
878 1678 1109 1718 Passiones
1132 1678 1173 1717 in
1195 1678 1367 1718 homine
1388 1685 1484 1718 sunt
1503 1679 1805 1731 propensiones

219 1753 395 1785 naturae
426 1755 539 1782 mere
568 1740 775 1789 animalis,
798 1754 900 1780 conc
916 1757 930 1788 ‚·
952 1742 1148 1781 animalis
1169 1743 1399 1791 rationaliS,
1421 1743 1528 1783 subd
1551 1757 1564 1782 .·
1596 1749 1804 1796 quatenus

221 1826 246 1851 a
274 1810 438 1850 ratione
469 1807 728 1847 ordinandae
749 1806 844 1854 sint,
867 1820 991 1855 conc,·
1011 1817 1176 1860 praeter
1197 1809 1308 1848 hanc
1338 1808 1657 1857 ordinationem,
1681 1822 1806 1861 neyo.

276 1876 438 1915 Natura
458 1872 642 1911 hominis
662 1885 747 1910 una
767 1877 843 1918 est,
862 1871 1055 1911 videlicet
1071 1872 1312 1912 animalitas
1329 1872 1556 1912 rationalis.
1577 1873 1700 1912 Unde
1722 1873 1804 1911 hae

223 1940 536 1996 propensiones‚
568 1951 676 1990 quae
696 1937 749 1977 ab
771 1937 1030 1977 animalitate
1052 1938 1255 1987 oriuntur,
1277 1938 1319 1977 in
1340 1944 1501 1978 tantum
1523 1938 1733 1990 pertinent
1754 1938 1807 1976 ad

225 2015 418 2049 naturam
434 2004 630 2052 hominis,
650 2003 692 2042 in
713 2009 913 2055 quantum
935 2004 1216 2044 rationalitate
1241 2004 1529 2053 informantur,
1551 2004 1746 2043 nimirum
1765 2003 1808 2042 in

224 2078 426 2126 quantum
442 2068 616 2108 rationis
637 2067 811 2120 imperio
833 2067 1075 2108 subduntur.
1097 2069 1138 2108 Si
1157 2082 1282 2109 secus
1306 2070 1391 2118 fiat,
1409 2069 1648 2108 animalitas
1667 2082 1742 2120 per
1760 2081 1807 2107 se

224 2135 490 2192 spectabitur;
523 2147 629 2186 quae
660 2133 833 2185 proinde
862 2147 946 2173 non
975 2136 1154 2186 amplius
1184 2136 1370 2174 humana
1395 2135 1470 2175 sed
1496 2135 1680 2175 belluina
1701 2148 1808 2174 cen-

226 2204 359 2246 senda
383 2205 459 2242 est.
491 2201 628 2251 Atque
657 2199 711 2238 ad
738 2198 779 2238 id
809 2199 992 2239 blanduli
1022 2201 1078 2239 illi
1110 2200 1357 2253 philosophi,
1379 2201 1447 2253 qui
1470 2200 1616 2240 carnis
1639 2201 1809 2240 redem-

219 2273 412 2325 ptionem
442 2265 708 2319 praedicant,
739 2277 887 2304 revera
916 2273 1133 2318 spectant,
1165 2274 1208 2306 ut
1236 2267 1448 2307 hominem
1479 2272 1737 2307 commutent
1766 2267 1810 2305 in

230 2335 423 2376 belluam.

833 2441 1083 2480 ART1CULUS
1112 2438 1227 2476 VIII.

280 2549 348 2588 De
378 2549 586 2588 habitibus
602 2552 741 2601 prout
762 2547 819 2588 acl
841 2560 980 2586 mores
1003 2547 1220 2598 spectant,
1244 2557 1318 2584 seu
1342 2544 1391 2584 cle
1414 2543 1569 2583 virtute
1590 2546 1631 2583 et
1649 2542 1761 2582 υίίίο.

286 2655 347 2694 75.
380 2655 480 2703 Quid
507 2655 690 2695 habitus.
720 2655 785 2694 Ad
816 2652 1031 2706 principia,
1054 2664 1161 2704 quae
1181 2651 1319 2692 active
1340 2650 1380 2689 in
1414 2655 1534 2689 actus
1556 2649 1739 2689 morales
1761 2648 1817 2687 in-

233 2723 378 2769 fluunt,
392 2727 642 2761 revocantur
658 2720 839 2768 habitus,
857 2719 1006 2772 quibus
1025 2717 1260 2769 expeditior
1277 2722 1316 2756 et
1332 2715 1534 2755 intensior
1550 2716 1597 2755 fit
1613 2714 1815 2766 operatio.

237 2789 429 2827 Iamvero
460 2786 508 2826 de
530 2786 759 2834 habitibus,
791 2785 1004 2825 entitative
1033 2782 1246 2834 spectatis,
1263 2781 1418 2834 loquuti
1448 2794 1594 2820 sumus
1627 2781 1668 2819 in
1701 2781 1814 2832 Psy-

237 2852 531 2905 chologia3hic
563 2852 612 2891 de
643 2852 745 2903 ipsis
775 2863 1012 2891 sermonem
1035 2850 1251 2896 habemus,
1273 2854 1394 2900 prout
1424 2847 1742 2887 considerantur
1773 2847 1820 2892 in

282 2960 332 3000 (1)
358 2959 513 2991 Summa
538 2958 594 2990 zlz..
625 2959 666 2989 lst’
700 2959 744 2990 2“Β
757 2967 788 2998 q.
815 2958 946 2994 XXIV,
970 2967 997 2988 a.
1024 2957 1050 2988 1.
