1970 3203
465 218 600 245 CAPUT
630 218 654 243 1.
684 218 736 244 DE
767 217 858 244 ΗΒΕ
889 216 1167 244 OPERATIONIS
1199 216 1406 243 HUMANAE
1675 203 1725 242 25

158 278 201 333 si⁴
220 295 311 346 quis
343 292 570 333 amicitiam
601 293 660 333 tui
687 292 842 331 idcirco
873 305 918 331 se
948 304 1147 344 quaerere
1178 291 1343 339 diceret,
1373 290 1469 343 quia
1499 303 1551 330 ex
1582 302 1633 329 ea
1654 290 1723 330 ali-

156 370 281 410 quam
312 358 566 410 voluptatem
597 372 643 398 se
673 364 1021 409 consequuturum
1055 355 1222 408 sperat?

205 424 266 464 18.
297 424 553 465 Pnoposmo
583 424 643 464 25²
672 423 878 463 Felicitas
895 436 981 462 non
995 423 1188 462 consistit
1208 422 1250 461 in
1269 421 1482 474 sapientia
1504 423 1544 459 et
1573 420 1726 460 vir-tate

145 488 366 540 prasentis
399 489 519 529 vitae.

205 552 328 591 Prob.
349 553 565 594 Obiectum
583 553 790 594 felicitatis
806 553 887 592 tale
905 565 999 592 esse
1019 550 1150 598 debet,
1167 557 1212 590 ut
1227 550 1318 590 eius
1339 549 1558 602 adeptione
1568 548 1727 588 homini

151 628 205 655 ex
227 617 337 656 omni
359 625 477 670 parte
492 618 598 658 bene
618 632 669 658 ac
686 618 806 657 beate
827 617 891 664 sit,
909 615 1118 668 animique
1140 615 1247 654 votis
1277 614 1508 667 suppeditet
1535 614 1726 654 ultimum

154 683 514 734 complementum.
531 684 675 730 Secus,
692 684 727 723 si
758 682 910 735 aliquid
932 681 1105 721 ulterius
1127 679 1444 720 desiderandum
1466 680 1731 732 relinqueret,

154 747 251 787 finis
281 749 453 788 ultimus
483 748 563 788 dici
594 762 677 789 non
706 755 867 800 posset3
890 746 1038 799 quippe
1055 759 1149 786 curn
1166 745 1461 798 appetitionem
1483 744 1623 783 ultimo
1645 757 1732 783 non

159 812 308 853 finiret.
329 814 383 852 At
403 826 499 853 vero
522 814 653 854 virtus
670 819 709 854 et
740 812 945 864 sapientia
971 812 1010 850 in
1028 812 1109 851 hac
1130 811 1226 858 vita,
1257 811 1335 851 etsi
1364 823 1521 862 magna
1549 809 1732 849 hominis

161 875 245 915 sint
257 875 377 924 bona,
395 875 472 916 sibi
488 883 628 917 tamen
645 884 805 917 tanturn
821 890 905 917 non
923 876 1148 922 vindicant,
1166 883 1208 914 ut
1223 887 1317 914 eum
1339 875 1629 926 undecumque
1644 887 1732 925 per-

159 941 315 990 ficiant,
346 943 514 994 eiusque
536 943 788 983 desiderium
806 943 867 982 sic
885 942 1092 994 expleant,
1114 947 1157 980 ut
1172 940 1273 979 nihil
1294 940 1405 979 aliud
1426 939 1731 991 concupiscen-

160 1005 256 1045 dum
286 1006 531 1059 relinquant.
555 1008 663 1047 Nam
679 1014 722 1046 ut
739 1007 926 1047 omittam
943 1019 993 1046 ea
1008 1018 1220 1058 nunquam
1241 1005 1345 1044 talia
1358 1004 1479 1052 effici,
1497 1009 1541 1042 ut
1558 1003 1730 1042 ulterius

159 1069 306 1122 augeri
322 1076 535 1122 nequeant
551 1084 560 1119 ;
577 1076 688 1110 certe
706 1084 731 1109 a
752 1069 980 1117 sanitate‚a
996 1068 1162 1114 divitiis,
1175 1068 1226 1107 ab
1243 1066 1474 1107 honoribus
1495 1079 1520 1104 a
1540 1065 1731 1118 pulcritu-

158 1135 267 1184 dine,
285 1148 311 1174 a
331 1136 477 1175 virium
496 1136 658 1184 robore,
672 1135 972 1175 adiuturnitate
988 1134 1099 1173 vitae
1121 1133 1323 1172 differunt.
1342 1131 1460 1170 Haec
1482 1138 1619 1170 autem
1637 1143 1732 1171 esse

159 1201 281 1248 bona,
299 1200 457 1240 homini
473 1201 515 1240 in
531 1201 741 1253 praesenti
754 1206 865 1241 statu
881 1198 1187 1246 convenientia,
1205 1210 1326 1238 nemo
1345 1196 1525 1248 negabit.
1540 1197 1669 1236 Certe
1685 1196 1738 1235 ad

162 1279 212 1306 ea
227 1268 460 1319 appetenda
476 1268 537 1308 sic
553 1269 675 1307 homo
694 1276 877 1319 urgetur,
900 1272 942 1304 ut
958 1277 1084 1317 saepe
1101 1263 1154 1302 ad
1174 1276 1318 1303 eorum
1337 1262 1539 1301 iacturam
1557 1261 1732 1301 subeun-

161 1333 269 1381 dam,
286 1347 358 1386 pro
376 1333 527 1372 virtute
540 1333 762 1380 servanda,
775 1344 973 1384 magnam
986 1330 1063 1369 sibi
1080 1329 1161 1368 vim
1179 1328 1329 1368 inferre
1342 1328 1499 1368 debeat.
1520 1325 1735 1380 Sapientia

161 1396 287 1450 igitur
304 1398 429 1438 etiam
446 1397 585 1437 virtuti
602 1398 827 1438 coniuncta
841 1409 1079 1448 supremam
1092 1393 1272 1433 hominis
1285 1392 1526 1433 beatitatem
1542 1405 1625 1432 non
1643 1405 1739 1444 sup-

164 1462 328 1513 peditat.
346 1464 398 1502 Et
417 1476 532 1510 sane,
549 1462 584 1501 si
600 1462 666 1501 cui
683 1469 981 1514 proponeretur
999 1459 1152 1499 velitne
1168 1457 1373 1510 sapientia
1395 1463 1554 1496 tantum
1578 1470 1628 1496 ac
1645 1456 1731 1495 vir-

165 1531 251 1566 tute
266 1527 418 1574 ornari,
437 1540 502 1574 an,
524 1526 615 1567 sine
632 1527 782 1566 harum
817 1527 1075 1573 detrimento,
1092 1524 1313 1564 sanitatem
1337 1523 1472 1570 etiam,
1496 1523 1730 1575 pulcritudi-

165 1604 272 1638 nem,
293 1591 476 1632 honores
497 1598 620 1643 atque
650 1591 801 1631 similia
817 1591 1043 1642 possidere3
1065 1589 1176 1629 haud
1197 1588 1335 1628 dubito
1357 1587 1454 1639 quin
1474 1588 1555 1626 hoc
1577 1600 1733 1627 secun-

165 1657 260 1695 dum
277 1661 449 1708 optaret.
468 1656 587 1702 Quod
604 1654 639 1695 si
656 1655 747 1708 quis
765 1654 1017 1694 contrarium
1036 1653 1169 1704 eligit;
1192 1652 1244 1691 ad
1260 1652 1370 1690 hanc
1388 1651 1633 1691 electionem
1649 1664 1732 1690 non

164 1729 365 1769 movetur,
388 1721 467 1762 nisi
498 1734 641 1761 amore
671 1721 830 1761 altioris
863 1721 968 1768 boni,
1001 1721 1109 1772 quod
1139 1716 1336 1770 quidquid
1366 1721 1553 1756 creatum
1574 1723 1636 1757 est
1667 1729 1735 1756 ex-

163 1786 282 1826 cedit.

216 1853 403 1892 Tandem
423 1852 599 1892 felicitas
617 1852 714 1893 talis
731 1865 824 1892 esse
843 1852 974 1899 debet,
988 1858 1029 1891 ut
1042 1851 1132 1892 eius
1147 1853 1310 1906 adeptio
1322 1853 1364 1892 in
1380 1855 1588 1905 potestate
1601 1847 1735 1888 cuius-

165 1931 245 1970 que
260 1918 442 1957 hominis
463 1917 527 1958 sit.
558 1918 604 1957 Id
625 1930 723 1958 vero
739 1917 815 1958 etsi
833 1917 881 1957 de
900 1917 1047 1957 virtute
1064 1917 1143 1957 dici
1160 1919 1301 1970 possit,
1333 1926 1476 1959 tamen
1497 1915 1576 1955 dici
1594 1913 1735 1966 nequit

164 1981 214 2021 de
235 1981 452 2033 sapientia;
467 1981 502 2020 si
518 1994 590 2033 pro
604 1981 810 2033 sapientia
826 1981 1083 2033 intelligatur
1104 1982 1309 2023 altissima
1325 1981 1534 2034 quaedam
1555 1977 1736 2030 cognitio

165 2059 316 2087 rerum.

220 2112 282 2152 19.
313 2112 562 2152 PRoPosmo
592 2114 649 2152 3³.
673 2113 876 2152 Felicitas
907 2125 991 2151 non
1017 2111 1208 2152 consistit
1233 2111 1276 2150 in
1296 2112 1517 2163 complexa
1538 2109 1733 2160 colapia-

170 2177 222 2216 tis
252 2190 346 2215 cam
378 2178 532 2217 virtute
561 2181 601 2217 et
627 2179 851 2231 sapientia.

221 2241 346 2281 Prob.
376 2242 630 2293 Complexus
647 2241 872 2294 voluptatis
901 2255 995 2281 cum
1026 2240 1176 2279 virtute
1193 2247 1234 2280 et
1254 2237 1459 2291 sapientia
1487 2237 1595 2276 idern
1625 2240 1738 2275 esset

165 2312 289 2358 atque
311 2306 546 2346 coniunctio
564 2307 746 2346 omnium
763 2307 963 2346 bonorum
982 2306 1204 2353 finitorum,
1222 2318 1328 2358 quae
1345 2305 1397 2344 ad
1412 2302 1622 2342 hominem
1639 2313 1736 2352 per-

164 2372 295 2412 tinere
313 2379 500 2424 possunt.
518 2374 611 2413 Hoc
622 2373 770 2425 posito,
784 2386 938 2425 quaero
951 2372 992 2411 in
1003 2371 1144 2424 primis
1157 2377 1292 2410 utrum
1310 2369 1512 2410 eiusmodi
1533 2368 1738 2407 bonorum

165 2436 400 2476 coniunctio
422 2437 463 2476 in
479 2438 685 2489 praesenti
706 2437 792 2476 vita
808 2437 861 2478 sit
879 2435 1108 2489 possibilis?
1125 2436 1181 2476 Ut
1196 2434 1386 2475 omittam
1403 2434 1533 2472 multa
1551 2445 1604 2472 ex
1622 2431 1741 2470 hisce

166 2500 298 2547 bonis,
327 2500 466 2551 qualia
486 2506 582 2539 sunt
611 2513 662 2539 ea
690 2513 795 2552 quae
825 2500 1012 2539 fortunae
1043 2498 1245 2546 dicuntur,
1267 2511 1350 2537 non
1381 2509 1476 2537 esse
1496 2496 1538 2535 in
1555 2494 1738 2534 hominis

164 2569 385 2615 potestate;
408 2565 498 2617 quis
517 2570 580 2604 est
601 2565 669 2617 qui
689 2578 773 2604 non
789 2565 928 2604 videat
944 2564 1054 2603 bona
1076 2563 1263 2615 corporis
1284 2576 1378 2602 cum
1399 2561 1519 2601 bonis
1541 2559 1681 2605 animi,
1700 2564 1740 2598 et

165 2630 420 2681 voluptatem
442 2644 536 2669 cum
557 2630 706 2669 virtute
735 2629 796 2669 sic
812 2641 1011 2682 pugnare,
1030 2635 1073 2667 ut
1093 2628 1176 2667 alia
1192 2627 1357 2667 nonnisi
1380 2626 1554 2665 aliorum
1570 2625 1732 2663 iactura

168 2701 206 2733 et
227 2708 360 2746 paene
382 2695 556 2735 dixerim
576 2695 744 2735 interitu
771 2692 1025 2734 habeantur?
1056 2693 1306 2732 Luculenter
1328 2692 1368 2731 id
1388 2696 1500 2743 patet
1520 2690 1561 2729 in
1582 2687 1736 2727 virtuti-

169 2759 258 2807 bus,
275 2773 379 2811 quas
400 2760 592 2800 heroicas
621 2760 843 2812 appellant,
866 2772 971 2812 quae
988 2758 1251 2810 potissimum
1271 2762 1521 2796 exercentur
1538 2753 1735 2793 maximis

174 2825 305 2874 malis,
327 2839 432 2878 quae
456 2826 678 2877 perituram
701 2825 810 2863 hanc
827 2824 954 2863 vitam
971 2823 1170 2870 afficiunt,
1187 2822 1346 2862 fortiter
1368 2820 1606 2861 tolerandis.
1624 2820 1734 2867 Ergo

170 2889 249 2929 nisi
275 2890 451 2931 felicitas
480 2891 612 2930 instar
639 2891 877 2930 chimaerae
906 2889 1050 2929 haberi
1072 2889 1186 2935 velit,
1209 2887 1251 2926 in
1280 2887 1499 2938 complexu
1529 2885 1730 2923 bonorum
