1970 3203
488 419 1430 521 1NTRODUOT1O

224 1008 314 1046 Duo
332 1005 637 1045 declarabimus
653 1004 693 1044 in
711 1005 878 1044 modum
896 1004 1193 1056 disquisitionis
1210 1002 1517 1056 praeambulae:
1537 1000 1738 1046 Primum,

170 1085 376 1124 quaenam
397 1070 447 1110 sit
469 1069 625 1110 utilitas
646 1076 686 1110 et
705 1070 963 1122 praestantia
984 1069 1183 1109 scientiae
1216 1068 1399 1116 moralis,
1422 1065 1652 1120 generatim
1673 1078 1739 1104 ac-

169 1142 338 1188 ceptae;
371 1138 559 1183 alterum,
582 1148 788 1187 quaenam
820 1134 871 1174 sit
894 1134 1116 1182 distinctio,
1140 1147 1245 1187 quae
1265 1133 1355 1173 fieri
1385 1133 1489 1172 solet
1511 1139 1551 1172 et
1580 1144 1686 1184 quae
1717 1144 1742 1169 a

167 1200 287 1240 nobis
316 1200 474 1240 admitti
503 1205 650 1252 potest,
673 1199 860 1240 eiusdem
883 1199 1083 1240 scientiae
1107 1199 1149 1238 in
1171 1199 1363 1239 Ethicam
1386 1205 1425 1238 et
1456 1199 1526 1237 Ius
1556 1203 1746 1236 naturae.

804 1399 1047 1436 ARTicULus
1073 1397 1102 1434 Ι.

402 1526 468 1565 De
488 1525 764 1578 praestantia
795 1529 834 1566 et
865 1526 1051 1566 utilitate
1081 1526 1284 1565 scientiae
1315 1524 1509 1564 moralis.

224 1655 372 1701 Homo,
390 1654 496 1693 inter
514 1660 682 1694 creatas
697 1668 766 1694 res
784 1655 968 1694 visibiles
989 1653 1388 1706 praestantissimus,
1409 1652 1521 1692 velut
1550 1664 1659 1703 apex
1681 1651 1736 1690 di-

168 1718 292 1757 vinae
309 1719 533 1759 creationis
548 1725 621 1759 est.
643 1720 748 1766 Quia
764 1733 862 1759 vero
879 1718 1097 1758 moralium
1116 1718 1363 1758 relationum
1380 1722 1443 1756 est
1464 1729 1613 1767 capax,
1639 1728 1736 1754 vere

168 1782 335 1833 praebet
351 1783 450 1822 illud
469 1796 556 1832 ens,
580 1784 691 1836 quod
708 1785 907 1823 mundum
929 1797 1024 1823 cum
1046 1795 1238 1834 supremo
1260 1794 1395 1821 rerum
1417 1780 1618 1833 principio
1642 1793 1735 1819 con-

165 1847 309 1899 iungit,
343 1861 552 1901 operaque
583 1862 660 1888 sua
689 1849 852 1901 perficit
872 1856 915 1888 ut
945 1849 1118 1888 effectus
1141 1847 1181 1886 in
1203 1860 1375 1886 causam
1406 1850 1679 1893 revertantur,
1710 1859 1735 1884 a

166 1925 248 1964 qua
277 1912 454 1964 primum
482 1921 787 1965 processerunt.
806 1917 861 1954 At
891 1929 985 1954 cum
1008 1913 1158 1965 duplici
1187 1911 1422 1951 substantia
1442 1915 1616 1958 constet,
1634 1923 1732 1950 cor-

166 1989 266 2028 pore
281 1977 474 2016 nimirum
494 1991 545 2017 ac
566 1977 724 2030 spiritu,
748 1979 802 2017 ad
824 1978 1027 2030 duplicem
1046 1976 1243 2023 ordinem,
1262 1974 1448 2026 pertinet.
1469 1974 1730 2025 Quamquam

169 2043 290 2091 enim,
308 2044 347 2082 vi
370 2044 570 2096 corporis,
587 2044 720 2083 ordini
742 2044 922 2084 nectitur
940 2057 1081 2084 rerum
1103 2042 1457 2095 adspectabilium‚
1478 2054 1583 2093 quae
1599 2040 1734 2093 spatio

168 2112 206 2146 et
226 2113 411 2159 tempore
433 2108 721 2158 continentur;
742 2114 898 2156 tamen,
919 2108 959 2147 vi
980 2108 1121 2156 animi,
1143 2108 1342 2147 mundum
1363 2107 1555 2146 efformat
1588 2105 1629 2143 in
1650 2118 1730 2157 quo

168 2172 279 2211 Deus
309 2185 393 2212 non
422 2173 544 2213 modo
574 2179 636 2213 est
665 2173 802 2226 opifex
824 2178 864 2213 et
884 2179 1029 2221 motor,
1062 2186 1204 2212 verum
1234 2172 1359 2212 etiam
1381 2171 1586 2223 princeps,
1610 2169 1729 2222 legis-

166 2234 273 2273 lator
300 2241 340 2275 et
368 2249 533 2287 parens.

219 2301 267 2338 In
296 2301 376 2340 hac
399 2301 523 2340 veluti
543 2301 620 2341 Dei
641 2301 807 2341 civitate
828 2301 1087 2349 constitutus,
1117 2301 1242 2340 homo
1272 2300 1431 2340 duabus
1458 2298 1727 2339 facultatibus

166 2371 359 2416 operatur
376 2378 383 2406 :
401 2366 674 2419 intelligentia
689 2372 729 2406 et
745 2368 974 2415 voluntate,
991 2381 1096 2419 quae
1113 2367 1153 2406 in
1169 2367 1260 2419 ipso
1279 2379 1498 2418 supremae
1513 2372 1610 2405 sunt
1639 2371 1679 2404 et
1695 2365 1737 2404 in

165 2436 327 2471 ceteras
349 2432 627 2472 dominantur.
645 2433 730 2473 Eas
746 2432 852 2473 inter
867 2433 902 2472 si
920 2433 1176 2485 comparatio
1193 2432 1431 2479 instituitur,
1450 2431 1634 2483 profecto
1656 2431 1736 2470 elu-

165 2501 231 2535 cet
251 2496 476 2548 primatum
497 2498 570 2548 (ad
585 2503 850 2549 praesentem
867 2498 993 2537 vitam
1011 2499 1120 2550 quod
1135 2498 1328 2550 pertinet)
1351 2497 1551 2537 voluntati
1572 2509 1734 2548 compe-

162 2566 260 2599 tere.
291 2560 552 2612 Quamquam
583 2561 691 2601 enim
712 2561 948 2601 intellectus
982 2574 1055 2613 per
1076 2575 1122 2601 se
1143 2562 1195 2601 sit
1216 2561 1507 2613 praestantior,
1529 2566 1669 2599 tamen
1692 2559 1733 2598 in

163 2625 373 2676 praesenti
403 2625 487 2665 vita
519 2626 575 2665 ad
607 2626 864 2666 voluntatem
896 2626 1120 2674 ordinatur,
1142 2631 1355 2678 tamquam
1381 2626 1433 2665 ad
1461 2626 1502 2665 id
1530 2639 1603 2677 per
1631 2623 1738 2677 quod

162 2701 354 2740 supremo
372 2697 515 2730 nostro
533 2690 737 2743 principio
764 2690 1032 2743 propinquius
1049 2690 1594 2743 adhaeremus.Cog11itione
1611 2688 1735 2734 enim,

165 2767 246 2806 qua
266 2755 398 2794 Deum
420 2756 459 2794 vi
479 2769 617 2795 rerum
656 2762 890 2796 creatarum
911 2755 1166 2808 attingimus,
1189 2755 1357 2808 eiusque
1378 2756 1635 2808 sapientiam,
1658 2754 1742 2807 pul-

166 2819 429 2869 critudinem,
459 2820 694 2862 bonitatem
725 2822 1067 2874 contemplamur,
1088 2821 1296 2861 obiectum
1316 2821 1538 2873 arripimus
1558 2826 1678 2873 prout
1697 2819 1736 2858 in

176 2891 380 2937 conceptu
411 2886 545 2935 inest,
577 2892 699 2939 atque
729 2887 782 2926 ad
809 2901 886 2928 nos
922 2887 1225 2939 quodammodo
1266 2887 1480 2926 trahimus.
1511 2888 1564 2926 At
1595 2890 1740 2925 contra
