1970 3203
347 252 484 279 CAPUT
503 251 525 276 1.
548 251 600 277 DE
621 250 812 278 GENTIUM
832 249 1136 276 RELATmNJBus
1158 250 1198 275 IN
1220 248 1353 275 sTArU
1375 246 1491 273 PAcis
1628 234 1704 272 343

137 330 262 370 litatis
283 328 511 380 capiendae
530 328 796 366 occasionem
814 327 1080 367 etmateriam
1098 326 1306 378 praebent;
1321 331 1558 377 acuuntque
1575 325 1704 364 vehe-

136 401 296 435 menter
324 393 536 445 ingenium
556 393 759 432 desiderio
786 399 825 432 et
850 406 951 432 cura
971 392 1315 431 inveniendorum
1337 391 1706 430 instrumentorum

136 468 175 502 et
205 460 513 506 machinarum,
550 473 600 498 ac
630 459 801 511 proinde
832 459 1077 498 relationum
1107 458 1490 510 perspiciendarum
1512 457 1619 497 inter
1639 455 1704 496 ef-

136 524 269 564 fectus
298 529 338 563 et
368 536 534 562 causas.

189 588 250 627 10.
278 587 545 638 Respondent
566 586 648 626 iuri
667 587 923 638 imperfecto.
955 585 1129 624 Ineundi
1160 585 1414 624 commercia
1434 584 1645 636 obligatio,
1668 582 1704 621 si

102 670 105 673 ·
137 655 325 690 extrema
346 651 409 690 vel
424 650 542 703 quasi
564 656 752 689 extrema
769 648 1003 688 necessitas
1025 647 1269 699 excipiatar,
1287 647 1533 699 imperfecta
1547 655 1610 686 est
1628 659 1704 685 seu

137 714 317 761 moralis,
339 727 422 754 non
438 713 622 752 iuridica.
644 714 762 753 Unde
778 713 867 752 eius
887 712 1136 759 observatio,
1150 718 1325 762 excepto
1343 724 1444 750 casu
1462 723 1583 763 quem
1602 710 1702 758 dixi,

138 778 177 817 vi
197 778 326 830 repeti
349 791 610 830 nequaquam
631 784 775 829 potest.
800 778 903 816 Cum
927 777 1035 816 enim
1057 776 1249 815 nationes
1270 776 1329 816 ita
1348 776 1401 814 ad
1417 775 1593 814 aliarum
1612 774 1705 813 seli-

138 841 305 881 citatem
328 854 581 896 concurrere
605 847 835 888 teneantur,
858 847 901 879 ut
922 840 999 879 sibi
1020 853 1102 879 non
1124 845 1318 887 noceant;
1351 852 1496 878 earum
1520 837 1707 890 profecto

137 908 346 959 proprium
367 914 430 948 est
450 907 658 956 iudicium,
689 920 769 959 quo
790 906 1008 946 definiatur
1030 912 1164 944 utrum
1185 911 1244 946 tot
1264 919 1314 944 ac
1338 905 1479 944 talium
1503 903 1704 943 mercium

135 972 314 1011 invectio
337 973 400 1010 vel
423 971 655 1022 exportatio
680 971 781 1023 ipsis
803 970 1027 1010 conveniat
1048 982 1193 1009 necne.
1226 969 1427 1008 Iudicium
1450 967 1558 1006 enim
1589 966 1704 1007 circa

136 1034 287 1082 officia,
309 1035 416 1073 unde
437 1035 529 1086 quis
551 1034 824 1085 adstringitur
846 1033 942 1084 (nisi
966 1033 1015 1072 (le
1037 1033 1191 1072 iustitia
1212 1032 1425 1072 evidenter
1447 1032 1628 1082 agatur),
1652 1029 1706 1068 ad

137 1113 359 1152 personam
381 1100 568 1152 pertinet,
601 1113 707 1152 quae
738 1100 818 1139 illis
840 1106 1020 1151 urgetur,
1050 1112 1127 1138 nec
1149 1099 1200 1138 ab
1222 1098 1303 1137 alio
1334 1099 1526 1149 usurpari
1556 1102 1704 1148 potest,

136 1164 203 1216 qui
224 1165 337 1203 nulla
356 1164 398 1203 in
418 1164 550 1216 ipsam
572 1163 818 1203 auctoritate
840 1164 1002 1214 polleat.
1025 1165 1128 1202 Cum
1150 1162 1270 1212 igitur
1290 1162 1482 1201 nationes
1503 1159 1705 1212 aequales

135 1229 243 1269 inter
263 1243 308 1269 se
338 1230 422 1269 sint
451 1237 490 1270 et
510 1236 651 1268 mutuo
681 1229 1021 1280 independentes,
1052 1229 1151 1267 nulli
1175 1228 1239 1267 ius
1271 1227 1466 1279 competit
1495 1224 1710 1265 iudicandi

136 1297 218 1336 hac
243 1296 285 1335 in
315 1309 358 1335 re
391 1295 688 1347 obligationem
719 1295 903 1334 alterius.
935 1295 1091 1341 Quare,
1121 1293 1219 1333 licet
1252 1293 1480 1332 inhumana
1513 1290 1707 1330 habenda

138 1360 202 1409 sit,
233 1366 272 1399 et
300 1373 324 1399 a
344 1373 504 1398 morum
533 1360 752 1398 honestate
781 1358 999 1398 discedens
1029 1371 1079 1397 ea
1111 1357 1236 1405 natio,
1268 1369 1372 1409 quae
1403 1355 1492 1395 sine
1522 1353 1706 1404 legitima

141 1426 271 1463 causa
290 1436 357 1462 res
377 1455 385 1471 ‚
414 1436 520 1475 quae
549 1423 657 1474 apud
687 1422 819 1474 ipsam
841 1422 1077 1468 abundant,
1108 1420 1201 1461 aliis
1230 1421 1337 1460 iusto
1368 1419 1497 1471 pretio
1527 1417 1705 1456 vendere

140 1488 356 1536 detrectet;
392 1494 529 1527 tamen
559 1500 650 1527 eam
680 1488 734 1526 ad
764 1487 804 1525 id
833 1486 872 1525 vi
903 1499 1054 1539 cogere
1083 1486 1280 1524 iniustum
1316 1492 1389 1524 est.
1425 1481 1707 1522 Nihilominus

138 1554 245 1593 haec
266 1554 463 1606 obligatio
492 1567 542 1593 ex
565 1553 808 1605 imperfecta
835 1552 877 1591 in
898 1552 1124 1604 perfectam
1155 1552 1334 1603 migrare
1364 1549 1524 1602 poterit,
1557 1548 1632 1594 vel,
1664 1553 1707 1586 ut

139 1617 236 1665 dixi,
267 1625 432 1669 propter
452 1625 681 1656 extremam
714 1617 777 1656 vel
798 1616 914 1668 quasi
936 1623 1167 1656 extremam
1195 1613 1489 1654 necessitatem
1520 1611 1703 1659 alterius,

138 1683 204 1721 vel
234 1690 399 1734 propter
420 1686 680 1721 contractum
711 1688 781 1720 aut
811 1681 1051 1733 pactiones,
1082 1693 1208 1732 quae,
1239 1686 1282 1718 ut
1310 1679 1545 1730 singulares
1564 1677 1703 1716 homi-

138 1758 225 1793 nes,
256 1746 317 1785 sic
348 1746 472 1785 etiam
502 1745 708 1794 nationes,
739 1745 1003 1797 adstringunt
1034 1757 1184 1783 severa
1213 1744 1373 1783 ratione
1402 1742 1594 1782 iustitiae.

192 1812 256 1850 Ex
278 1811 358 1857 his,
375 1824 480 1863 quae
497 1811 607 1850 dicta
628 1818 735 1858 sunt,
752 1811 972 1851 manifeste
990 1810 1258 1862 consequitur
1274 1810 1337 1849 ius
1355 1822 1449 1849 esse
1465 1806 1703 1847 nationibus

138 1877 267 1916 libere
284 1876 505 1916 exercendi
528 1877 824 1916 commercium
842 1886 958 1928 prout
979 1877 1087 1922 libet,
1111 1884 1150 1915 et
1170 1876 1277 1928 apud
1295 1887 1576 1927 quascumque
1597 1873 1702 1912 alias

139 1950 297 1995 gentes,
319 1955 425 1994 quae
447 1955 547 1981 suas
568 1955 728 1981 merces
749 1956 842 1981 cum
864 1942 956 1994 ipsa
976 1948 1233 1981 commutare
1255 1941 1530 1980 consentiant.
1561 1940 1699 1985 Quare

139 2005 289 2045 rationi
313 2005 620 2044 contradiceret
640 2005 758 2044 etius
778 2006 958 2045 laederet
980 2019 1030 2044 ea
1050 2005 1176 2052 natio,
1202 2018 1306 2056 quae
1329 2003 1565 2043 cemmercii
1587 2016 1705 2042 exer-

141 2070 260 2109 cendi
280 2069 521 2108 facultatem
540 2069 649 2120 apud
670 2069 850 2121 aliquam
868 2076 1035 2121 gentem
1052 2069 1129 2108 sibi
1147 2069 1362 2107 dumtaxat
1374 2067 1615 2114 vindicaret,
1635 2080 1701 2106 ex-

142 2134 268 2173 clusis
284 2134 387 2181 aliis,
401 2133 479 2171 nisi
496 2133 536 2172 id
553 2147 606 2173 ex
619 2133 816 2184 peculiari
832 2140 1047 2173 contractu
1063 2134 1139 2185 ipsi
1157 2134 1284 2172 libere
1302 2145 1551 2172 concessum
1564 2131 1696 2171 fuerit.

193 2201 255 2238 11.
286 2199 549 2239 Cautelarum
568 2200 761 2239 facultas.
793 2200 1004 2251 Integrum
1022 2207 1084 2239 est
1113 2199 1260 2251 cuique
1281 2198 1393 2250 genti
1414 2198 1612 2237 mercium
1629 2198 1698 2236 im-

139 2264 427 2316 portationem,
443 2270 513 2303 aut
529 2265 856 2316 exportationem
877 2265 1107 2317 prohibere,
1125 2272 1208 2304 tum
1231 2277 1302 2317 pro
1322 2271 1495 2316 utraque
1511 2277 1639 2304 onera
1661 2270 1701 2304 et

142 2329 364 2381 vectigalia
380 2330 682 2369 mercatoribus
697 2329 921 2382 imponere,
936 2337 1054 2382 prout
1071 2331 1261 2383 propriae
1275 2332 1441 2371 utilitati
1458 2331 1593 2383 magis
1609 2344 1702 2370 con-

142 2393 292 2432 ducere
311 2392 519 2432 iudicabit.
543 2394 590 2432 In
607 2394 688 2433 hoc
704 2400 845 2433 tamen
866 2394 985 2434 iustis
1001 2395 1230 2435 rationibus
1253 2401 1292 2434 et
1307 2394 1701 2447 aequitatislegibus

141 2456 234 2496 duci
255 2457 396 2505 debet,
419 2470 470 2495 ne
492 2457 543 2495 ad
565 2457 780 2496 arbitrium
802 2465 841 2497 et
862 2464 1016 2497 temere
1038 2458 1287 2497 commercio
1311 2457 1481 2509 pedicas
1510 2466 1549 2496 et
1569 2457 1702 2509 impe-

141 2521 322 2574 dimenta
340 2519 510 2559 iniiciat.
543 2522 715 2560 Mutuae
737 2521 845 2560 enim
878 2522 1191 2562 benevolentiae
1212 2521 1394 2561 officium
1410 2554 1418 2569 ,
1450 2533 1528 2573 quo
1549 2527 1699 2572 gentes

140 2585 469 2638 adstringuntur,
497 2585 680 2637 profecto
702 2586 835 2637 poscit
864 2593 907 2626 ut
928 2600 1126 2639 quaeque,
1157 2593 1354 2639 quantum
1385 2600 1479 2625 curn
1509 2586 1701 2638 propriae

140 2651 347 2692 felicitatis
364 2665 465 2691 cura
485 2652 698 2691 conciliari
714 2658 861 2704 potest,
883 2653 935 2691 ad
956 2652 1252 2692 commercium
1274 2652 1496 2692 fovendum
1518 2657 1557 2691 et
1574 2650 1705 2701 sospi-

140 2718 310 2757 tandum
335 2718 504 2764 nitatur,
525 2723 648 2769 atque
668 2717 824 2757 idcirco
847 2719 900 2757 ad
916 2717 1005 2757 eius
1025 2718 1254 2766 libertatem
1275 2718 1598 2770 promovendam
1629 2728 1702 2767 pro

141 2781 247 2821 virili
268 2796 344 2822 sua
360 2790 474 2834 parte
497 2782 695 2822 conferat.
709 2783 1011 2823 Commercium
1033 2783 1141 2823 enim
1162 2784 1306 2835 procul
1325 2783 1445 2823 dubio
1463 2784 1597 2834 magis
1613 2794 1703 2833 pro-

143 2853 346 2898 speratur,
366 2845 566 2886 libertatis
588 2859 703 2894 aura,
724 2860 848 2899 quam
869 2847 904 2886 si
926 2846 1210 2898 multiplicatis
1230 2847 1426 2886 oneribus
1449 2850 1700 2884 coarctetur.

144 2912 247 2951 Cum
268 2918 403 2951 autem
425 2912 638 2952 nationum
656 2913 919 2961 commercia,
932 2920 1099 2965 propter
1115 2913 1304 2953 eamdem
1321 2912 1538 2965 physicam
1551 2911 1702 2963 legem,
