1970 3203
409 186 546 213 CAPUT
574 185 626 211 111.
653 184 707 211 DE
736 184 908 211 OFqus
937 184 1109 211 H0M1N1s
1137 182 1249 211 ERGA
1279 183 1456 211 SEIPSUM
1630 172 1706 210 153

197 264 365 310 Verum,
397 266 442 300 ut
471 261 566 310 dixi,
597 261 633 300 si
660 261 901 300 Kantianae
932 259 1113 312 opinioni
1142 260 1259 300 fucus
1287 260 1422 300 omnis
1452 259 1705 307 detrahatur,

141 328 310 368 abiecta
337 326 474 379 potius
502 331 542 365 et
571 325 663 364 vilis
692 325 916 377 apparebit.
947 326 1053 363 Nam
1087 324 1203 363 Kant
1232 324 1487 363 voluntatem
1524 328 1709 362 autono-

145 403 270 437 mam‚
292 403 367 429 seu
396 388 678 439 suimetipsius
706 387 1014 440 legislatricem,
1036 388 1188 427 statuit.
1218 388 1340 428 Unde
1359 388 1495 439 legem
1527 387 1591 426 vel
1614 400 1708 426 cum

143 453 237 505 ipsa
266 451 476 491 voluntate
505 451 646 500 libera,
677 457 721 490 ut
750 465 876 503 saepe
906 451 1071 503 repetit,
1103 452 1169 491 vel
1199 465 1293 491 cum
1324 451 1483 490 ratione
1512 449 1707 497 hominis,

146 531 218 570 per
247 530 292 557 se
313 523 352 557 et
380 517 569 558 absolute
589 523 791 570 spectata,
823 517 1048 557 confundit.
1080 518 1217 563 Quare
1245 518 1333 558 eius
1354 517 1561 557 sententia
1589 517 1704 556 obse-

144 581 282 634 quium
312 581 395 633 legi
423 584 682 633 praestitum,
714 581 825 620 aliud
854 594 937 621 non
967 581 1054 629 erit,
1084 580 1163 619 nisi
1193 580 1433 633 obsequium
1463 580 1706 632 praestitum

140 647 331 700 propriae
353 647 530 687 libertati
551 653 621 688 aut
639 647 803 687 rationi.
821 648 914 686 Hoc
934 652 1071 686 autem
1093 646 1376 698 turpissimum
1398 646 1554 685 inducit
1575 646 1705 698 eyois-

144 725 271 759 mum,
303 711 338 750 si
366 725 451 751 non
481 712 689 760 sensilem,
720 712 868 750 saltem
899 709 1256 750 rationalisticum.
1295 710 1429 761 Atque
1458 709 1498 748 id
1527 721 1710 748 consen-

144 784 314 818 taneum
344 778 468 829 plane
498 784 587 817 erat
618 777 832 817 doctrinae
860 776 1019 824 Kantii,
1049 782 1094 816 ut
1122 774 1469 827 quemadmodum
1493 774 1533 812 in
1564 774 1707 813 ordine

144 843 398 896 cognitionis
426 843 639 883 hominem
669 843 833 883 sibimet
861 842 1004 882 mundi
1034 841 1292 882 conditorem
1331 841 1540 887 effecerat,
1570 840 1630 879 sic
1660 839 1702 878 in

144 909 287 949 ordine
321 907 574 960 operationis
612 908 894 961 legislatorem
930 914 968 948 et
997 908 1123 947 finem
1157 907 1440 947 constitueret.
1472 905 1594 946 Unde
1623 918 1708 944 non

140 973 262 1013 modo
284 973 563 1025 plzz'laatz'am,
587 972 660 1012 sed
681 986 822 1012 veram
854 973 1138 1011 autelatrz'am
1158 971 1375 1011 adstruxit.
1398 969 1517 1016 Quod
1537 967 1710 1008 eviden-

142 1039 223 1078 tius
251 1039 383 1091 patuit
408 1039 449 1077 in
479 1039 638 1088 Fiehte;
669 1038 736 1090 qui
766 1037 1096 1078 rationalismum
1125 1036 1271 1076 Kantii
1306 1035 1547 1089 perficiens,
1577 1046 1705 1086 regu-

142 1105 226 1143 lam
244 1103 426 1143 omnium
448 1103 680 1143 officiorum
702 1102 755 1142 ad
775 1103 856 1141 hoc
878 1101 1053 1149 reduxit,
1070 1108 1114 1141 ut
1129 1101 1255 1140 homo
1272 1106 1464 1152 operetur
1485 1112 1538 1138 ex
1558 1111 1615 1147 se,
1632 1111 1707 1138 seu

141 1169 257 1208 iuxta
277 1168 486 1221 propriam
508 1168 821 1220 persuasionem
844 1174 885 1208 et
901 1166 978 1207 sibi
996 1173 1154 1206 tantum
1178 1166 1387 1214 obediens;
1409 1171 1453 1204 ut
1474 1164 1534 1204 sic
1555 1165 1606 1203 ad
1627 1177 1709 1204 om-

139 1234 350 1273 nimodam
369 1233 731 1286 independentiam
754 1233 956 1281 deveniat,
978 1232 1019 1271 in
1040 1244 1122 1284 qua
1148 1233 1272 1272 finem
1294 1231 1381 1271 eius
1410 1231 1596 1270 ultimum
1618 1230 1707 1269 col-

138 1297 304 1336 locavit.
335 1297 444 1336 Hinc
475 1298 551 1338 Dei
580 1297 793 1337 notionem
822 1297 874 1337 ab
906 1297 1055 1336 Ethica
1083 1303 1268 1336 removet
1289 1310 1297 1344 3
1334 1309 1427 1335 cum
1456 1295 1509 1333 ad
1539 1293 1705 1333 modum

138 1361 254 1399 illum
285 1361 485 1412 operandi
514 1366 555 1400 et
583 1361 636 1400 ad
666 1362 791 1401 finem
819 1362 932 1401 hunc
963 1361 1300 1413 consequendum
1330 1362 1456 1400 homo
1486 1372 1569 1399 non
1598 1358 1706 1397 indi-

140 1430 250 1476 geat,
280 1424 362 1463 nisi
391 1424 558 1477 propria
587 1425 798 1465 activitate
830 1426 900 1477 (1).

198 1490 290 1528 Non
321 1502 385 1528 me
416 1489 518 1541 fugit
547 1490 653 1529 alios
682 1491 984 1539 rationalistas,
1014 1490 1257 1543 praesertim
1293 1489 1518 1540 Schelling,
1550 1493 1592 1526 ut
1628 1486 1704 1526 ab-

144 1554 314 1593 surdum
344 1555 426 1593 hoc
456 1555 722 1603 declinarent,
752 1556 959 1596 rationem
990 1568 1071 1595 non
1102 1561 1222 1606 prout
1254 1554 1533 1594 individualis
1562 1558 1601 1591 et
1617 1551 1706 1591 sab-

146 1617 295 1656 iectiva
324 1622 399 1665 est,
430 1617 504 1656 sed
526 1619 762 1670 ontoloyz'ce
789 1623 1003 1671 sumptam
1024 1626 1063 1658 et
1084 1619 1289 1667 obz'ectice,
1312 1631 1386 1657 seu
1404 1626 1525 1669 prout
1547 1617 1706 1668 imper-

145 1683 309 1722 sonalis
325 1685 396 1731 est,
408 1682 792 1723 induxisse.Verum
809 1685 863 1732 hi,
880 1684 1179 1724 absurditatem
1202 1697 1324 1723 unam
1344 1683 1473 1722 vitare
1490 1682 1706 1734 cupientes

141 1747 182 1786 in
203 1747 327 1786 aliam
348 1760 432 1786 non
460 1747 662 1787 minorem
691 1748 936 1788 inciderunt.
966 1748 1097 1788 Ratio
1127 1748 1236 1787 enim
1265 1749 1371 1787 haec
1401 1746 1706 1798 impersonalis,

138 1827 244 1866 quae
264 1827 290 1852 a
310 1812 588 1864 singularibus
619 1813 856 1853 hominibus
877 1813 1168 1865 distinguatur,
1188 1819 1228 1853 et
1249 1812 1517 1851 nihilominus
1537 1811 1577 1849 in
1599 1809 1704 1861 ipsis

140 1885 354 1932 appareat,
384 1879 629 1930 figmentum
659 1885 867 1919 restaurat
896 1878 1094 1918 Averrois
1125 1879 1174 1916 de
1203 1877 1414 1917 intellectu
1451 1875 1698 1923 universali;

138 1949 304 1994 atquem
326 1956 419 1981 cum
441 1955 520 1981 nec
541 1942 645 1982 ratio
667 1942 807 1981 divina
827 1942 880 1982 sit
901 1955 978 1982 nec
998 1942 1184 1981 humana
1205 1940 1426 1993 (siquidem
1447 1946 1620 1990 utraque
1641 1944 1704 1977 est

137 2009 414 2061 personalis),
444 2014 515 2048 aut
543 2008 645 2048 nihil
676 2015 739 2048 est
768 2016 839 2048 aut
868 2008 1095 2048 abstractio
1125 2006 1289 2047 mentis.
1315 2007 1408 2045 Huc
1438 2019 1585 2045 revera
1618 2011 1704 2043 tan-

139 2077 229 2116 dem
251 2076 394 2116 recidit
413 2075 666 2123 stoicismm,
687 2089 767 2127 quo
790 2081 959 2114 nostrae
980 2073 1129 2113 aetatis
1156 2072 1466 2126 epicureismus,
1489 2072 1542 2111 ad
1563 2071 1701 2110 fucum

136 2139 273 2180 stultis
301 2139 550 2188 faciendum,
581 2139 665 2191 tegi
696 2140 812 2179 solet.

758 2270 1002 2308 ARTICULUS
1030 2269 1082 2307 ΙΙ.

611 2387 675 2425 De
705 2387 860 2439 officiis
887 2387 1032 2440 quoad
1059 2400 1225 2439 corpas.

186 2503 247 2541 51.
264 2503 379 2542 Unde
395 2503 600 2543 oriuntur.
619 2504 754 2542 Homo
771 2516 854 2542 non
871 2504 959 2543 solo
976 2502 1114 2542 animo
1135 2508 1309 2549 constat,
1326 2502 1400 2541 sed
1421 2500 1544 2541 etiam
1562 2513 1702 2552 corpo-

134 2577 190 2613 re;
211 2578 236 2604 a
256 2578 336 2616 quo
358 2578 520 2617 organa
539 2567 864 2618 suppeditantur,
886 2566 1090 2606 sentiendi
1116 2566 1271 2605 viribus
1293 2572 1533 2617 opportuna.
1556 2566 1624 2604 Sic
1647 2577 1700 2603 ex

134 2628 348 2679 utriusque
366 2628 577 2668 iunctione
607 2629 869 2668 substantiali
890 2630 1028 2669 unitas
1058 2629 1290 2680 praesentis
1319 2629 1408 2669 eius
1429 2628 1698 2669 exsistentiae

134 2693 378 2733 resultat.Ut
395 2694 505 2733 enim
521 2694 676 2734 animal
692 2695 903 2747 significat
918 2696 1073 2748 idquod
1090 2696 1217 2735 habet
1228 2702 1419 2734 naturam
1436 2696 1693 2742 sensitivam,

136 2755 338 2796 rationale
351 2770 448 2797 vero
465 2759 572 2810 quod
589 2759 714 2798 habet
730 2767 921 2799 naturam
936 2759 1243 2808 intellectivam,
1263 2760 1323 2800 sic
1340 2760 1464 2800 homo
1482 2760 1694 2812 significat

179 2860 227 2902 (1)
253 2861 426 2903 Systema
448 2863 602 2898 Echicae
626 2865 738 2897 iuoeta
756 2865 950 2908 principia
974 2866 1141 2899 theoriae
1164 2866 1356 2898 scientiae.
