1970 3203
204 196 283 238 228
581 207 648 234 ms
678 204 881 233 NATURAE
898 214 919 221 -
940 205 1048 232 PARS
1076 204 1116 231 ιι.
1145 204 1211 232 ms
1240 202 1412 231 SOCIALE

830 411 1078 451 ARTICULUS
1109 409 1160 449 II.

432 544 550 591 Quid
578 542 863 584 socialitatem
895 542 1081 582 hominis
1110 541 1168 582 ad
1196 544 1340 582 aetam
1373 541 1561 582 reducat.

258 678 321 720 38.
350 676 600 728 Exquiritur
628 676 788 716 factum
818 675 996 726 aliquod.
1030 673 1073 713 Si
1093 673 1231 722 homo,
1254 678 1298 713 ut
1322 673 1520 722 vidimus,
1542 672 1711 714 socialis
1728 680 1794 714 est

207 751 359 787 natura
379 757 467 793 sua;
484 743 568 782 iam
595 741 778 782 societas
794 754 878 781 non
895 754 1000 793 opus
1017 740 1218 780 factitium
1235 746 1275 780 et
1293 740 1418 792 plane
1442 739 1632 790 liberum,
1655 753 1793 793 quem-

208 812 431 853 admodum
453 809 625 850 Hobbes
655 813 694 848 et
722 809 947 848 Rousseau
977 807 1251 856 somniarunt,
1283 807 1357 846 sed
1386 811 1430 846 ut
1459 819 1607 859 opusa
1636 812 1787 847 natura

211 877 418 917 intentum
449 880 488 915 et
517 873 760 926 requisitum
791 871 988 912 habenda
1019 876 1093 911 est.
1125 871 1220 910 Iure
1250 870 1375 923 igitur
1405 870 1633 923 meritoque
1663 876 1788 911 nat-u-

210 940 311 980 ralis
341 951 437 979 esse
468 938 629 977 dicitur.
651 937 698 975 Id
729 935 838 976 enim
868 935 1062 975 naturale
1093 940 1168 984 est,
1199 935 1310 988 quod
1339 940 1515 975 naturae
1537 935 1786 975 ordinationi

206 1003 432 1056 respondet
462 1008 501 1042 et
530 1015 555 1041 a
583 1006 734 1041 natura
763 1004 1045 1052 promovetur.

258 1070 315 1108 At
336 1067 532 1120 quoniam
554 1071 731 1105 naturae
752 1064 958 1104 ordinatio
989 1064 1146 1105 factum
1177 1076 1343 1115 semper
1372 1063 1539 1116 aliquod
1568 1063 1710 1115 exigit,
1745 1064 1785 1103 vi

214 1131 332 1172 cuius
355 1132 409 1170 ad
428 1137 569 1170 actum
590 1130 822 1170 adducatur
844 1129 973 1181 (sicut
992 1129 1085 1182 ipsa
1105 1128 1290 1169 essentia
1312 1128 1494 1168 hominis
1515 1128 1681 1168 nonnisi
1711 1141 1785 1182 per

211 1195 368 1236 sactum
382 1194 606 1235 creationis
624 1193 915 1234 exsistentiam
932 1193 1096 1245 induit);
1114 1192 1293 1233 efficitur
1309 1193 1407 1233 hinc
1420 1199 1464 1233 ut
1480 1194 1623 1246 quaeri
1641 1193 1790 1234 debeat

215 1262 425 1313 quodnam
457 1260 511 1301 sit
538 1259 777 1299 huiusmodi
807 1259 976 1307 factum,
1006 1263 1203 1310 respectu
1231 1258 1523 1299 sociabilitatis
1555 1260 1777 1299 humanae.

770 1387 1243 1427 PROPOSITIONES.

261 1527 323 1566 39.
356 1525 613 1564 Pssoposmo
644 1523 702 1563 La
731 1522 873 1561 Homo
892 1522 1156 1575 perfactam
1184 1522 1326 1576 ipsum
1348 1523 1630 1572 exsistentiae,
1662 1537 1792 1576 qaam

210 1593 373 1646 recipit,
406 1592 450 1630 in
479 1591 679 1630 societate
709 1602 806 1629 cam
836 1590 937 1630 aliis
967 1589 1115 1641 atiquo
1147 1589 1270 1629 modo
1302 1590 1589 1629 constituitur.

261 1656 387 1696 Prob.
407 1656 545 1694 Homo
561 1667 645 1694 non
661 1654 795 1694 solum
811 1653 854 1692 in
870 1653 1027 1693 familia
1042 1653 1232 1693 nascitur
1248 1659 1286 1694 et
1302 1655 1505 1694 educatur
1534 1656 1659 1707 (quae
1681 1660 1793 1696 certe

210 1721 394 1762 societas
413 1719 618 1772 quaedam
639 1720 733 1770 est);
754 1719 829 1758 sed
849 1717 973 1757 etiam
997 1717 1036 1757 vi
1056 1718 1310 1757 naturalium
1339 1707 1601 1767 relationum,
1644 1719 1794 1771 quibus

207 1799 311 1839 erga
337 1785 442 1825 alios
462 1784 654 1824 homines
676 1782 922 1830 devincitur,
945 1795 1040 1821 cum
1059 1782 1111 1822 iis
1130 1782 1412 1823 universalem
1434 1783 1643 1835 quandam
1665 1782 1794 1822 socie-

218 1856 347 1890 tatem
370 1851 574 1897 efformat,
599 1861 706 1901 quae
728 1849 919 1887 humana
941 1846 1141 1900 appellari
1163 1853 1319 1898 posset.
1341 1847 1536 1886 Profecto
1558 1847 1593 1886 si
1613 1846 1798 1887 societas

216 1929 302 1955 non
332 1915 446 1954 aliud
476 1920 612 1962 sonat,
643 1913 723 1952 nisi
754 1925 1009 1952 consensum
1039 1912 1302 1952 voluntatum
1331 1918 1371 1952 et
1401 1912 1689 1965 operationum
1719 1925 1794 1965 pro

213 1980 425 2021 communi
457 1979 595 2032 aliquo
624 1979 747 2027 bono;
769 1991 892 2018 nemo
912 1991 996 2017 non
1018 1977 1140 2026 videt,
1162 1977 1369 2025 homines,
1391 1983 1589 2031 quotquot
1611 1983 1792 2026 exstant,

216 2045 423 2085 societate
453 2043 632 2096 quadam
662 2043 738 2082 sub
771 2044 872 2091 Deo,
904 2041 1089 2082 omnium
1118 2041 1315 2094 principe,
1348 2042 1561 2082 contineri:
1588 2041 1792 2094 siquidem

209 2111 294 2150 hoc
326 2111 430 2162 ipso,
461 2110 571 2162 quod
600 2110 736 2148 lucem
766 2108 978 2156 hauriunt,
1009 2108 1199 2147 eumdem
1230 2108 1369 2156 finem,
1401 2107 1590 2147 eamdem
1613 2108 1751 2160 legem
1772 2119 1798 2145 a

211 2181 365 2217 natura
395 2174 745 2227 proficiscentem,
776 2173 885 2213 idem
906 2172 1119 2212 vinculum
1140 2171 1345 2224 recipiunt
1366 2171 1495 2211 mutui
1523 2173 1693 2221 amoris,
1715 2185 1794 2224 quo

214 2240 320 2279 alter
349 2238 469 2278 alteri
500 2237 701 2276 auxilium
731 2249 935 2289 opemque
966 2237 1128 2284 afferat,
1158 2236 1212 2276 ad
1232 2249 1497 2276 communem
1519 2236 1714 2276 omnibus
1734 2235 1797 2276 fe—

210 2303 409 2343 licitatem
440 2301 793 2353 consequendam.

271 2370 430 2408 Verum
452 2366 658 2408 eiusmodi
680 2366 863 2406 societas
884 2365 1009 2406 nimis
1033 2366 1244 2419 generalis
1265 2372 1329 2406 est
1348 2373 1387 2407 et
1408 2381 1530 2420 vaga3
1561 2373 1649 2407 tum
1671 2368 1796 2408 etiam

221 2435 441 2476 sanctione
462 2432 614 2473 visibili
644 2437 684 2472 et
704 2431 839 2472 forma
857 2431 1038 2483 positiva
1059 2436 1186 2481 caret,
1219 2432 1272 2471 ad
1301 2446 1427 2484 quam
1457 2433 1640 2485 perfecto
1671 2433 1794 2473 modo

219 2499 535 2551 adipiscendam
565 2510 700 2550 genus
727 2497 958 2536 humanum
987 2495 1189 2548 paulatim
1209 2495 1350 2536 tendit.
1373 2497 1612 2545 Praeterea,
1629 2496 1700 2535 illa
1721 2509 1793 2536 so—

218 2565 351 2605 cietas
380 2564 554 2604 nimium
586 2563 711 2603 distat
749 2563 801 2602 ab
835 2561 1074 2603 horninibus
1104 2562 1403 2615 singularibus;
1433 2563 1501 2616 qui
1532 2570 1643 2602 certe
1673 2568 1800 2603 ante—

219 2643 344 2683 quam
376 2642 472 2669 cum
502 2634 587 2668 toto
618 2640 772 2681 genere
801 2629 985 2666 humano
1026 2636 1127 2666 suas
1170 2626 1397 2667 relationes
1440 2626 1677 2678 explicant,
1721 2639 1796 2667 eas

215 2694 426 2747 explicent
454 2705 633 2733 necesse
663 2698 727 2733 est
757 2705 851 2732 cum
882 2689 1257 2744 propinquioribus,
1290 2690 1378 2731 sive
1406 2691 1597 2743 personis
1620 2690 1710 2731 sive
1731 2690 1798 2730 fa-

213 2759 367 2810 miliis,
412 2771 519 2811 quae
562 2758 663 2810 ipsis
703 2757 861 2797 arctius
891 2756 1150 2809 copulantur·
1182 2756 1301 2796 Haec
1330 2755 1458 2808 igitur
1488 2756 1624 2808 magis
1654 2755 1795 2796 vicina

215 2825 410 2874 societas,
442 2837 549 2877 quae
581 2823 731 2863 civitas
761 2829 801 2863 et
830 2822 1070 2875 generalius
1100 2834 1254 2874 corpus
1276 2821 1505 2874 politicum
1534 2822 1797 2871 nominatur,

215 2903 267 2932 ea
297 2894 372 2939 est,
405 2889 456 2929 de
485 2901 566 2941 qua
594 2887 663 2927 hic
694 2887 912 2940 loquimur;
945 2892 984 2927 et
1013 2885 1104 2926 sine
1121 2898 1204 2938 qua
1223 2886 1348 2926 homo
1370 2899 1448 2928 nec
1471 2886 1548 2928 sibi
1570 2886 1674 2929 satis
1693 2900 1794 2939 pro-
