1970 3203
175 196 225 234 112
833 207 1115 234 INTRODUCTIO

174 298 250 324 nec
280 283 457 323 internis
474 289 634 323 tantum
653 283 890 323 actionibus
912 297 958 323 se
974 283 1200 332 continent,
1219 284 1293 324 sed
1314 298 1409 325 cum
1432 286 1616 326 externis
1637 292 1756 326 arcto

173 350 338 389 vinculo
369 349 633 401 colligantur.
666 350 803 395 Quare
834 362 1008 401 pronum
1038 355 1102 389 est
1131 355 1174 389 ut
1203 351 1379 391 scientia
1408 351 1593 400 moralis,
1623 364 1756 405 gene-

172 413 294 453 ratim
324 418 501 465 sumpta,
534 419 755 465 utramque
775 419 936 464 partem
957 414 1139 454 hominis
1166 415 1481 467 complectatur,
1512 422 1635 469 atque
1655 417 1749 456 ideo

174 478 227 517 ad
248 490 293 517 se
314 485 485 516 revocet
506 476 715 516 obiectum
737 477 861 517 etiam
883 478 992 530 quod
1011 477 1052 516 in
1073 477 1222 529 quavis
1242 477 1437 530 opinione
1467 478 1549 518 luri
1576 484 1753 520 naturae

174 543 280 583 solet
310 542 488 582 attribui.
524 542 639 582 Idem
670 542 757 584 fere
778 544 1052 596 contingeret,
1074 544 1108 584 si
1137 543 1245 584 haec
1273 544 1451 584 scientia
1471 558 1554 584 non
1577 546 1755 586 Moralis

173 610 248 649 sed
264 610 334 648 Ius
351 615 528 648 naturae
546 608 626 649 dici
643 609 780 650 vellet.
797 612 917 649 Tunc
935 610 1044 649 enim
1056 611 1338 662 quaestiones,
1356 624 1462 663 quae
1478 611 1758 652 communiter

177 673 330 714 Morali
359 673 666 723 adiudicantur,
698 675 751 714 ad
773 676 842 714 Ius
878 680 1055 715 naturae
1084 674 1206 716 facile
1226 676 1536 716 reducerentur.
1568 677 1676 716 Nam
1692 676 1756 717 ius

175 752 201 777 a
218 737 411 785 iubendo,
431 737 554 777 facile
575 738 757 791 torqueri
775 744 911 790 potest
926 739 979 778 ad
994 738 1227 791 generatim
1243 738 1569 791 significandum
1589 739 1629 778 id
1645 740 1756 792 quod

176 804 352 853 iubetur,
370 817 445 844 seu
456 803 566 857 quod
585 810 648 844 est
665 804 872 844 obiectum
888 804 1006 857 legis.
1026 805 1118 844 Hoc
1135 811 1286 853 autem,
1304 817 1400 844 cum
1416 805 1565 845 rationi
1583 805 1755 845 confor-

177 883 243 910 me
261 882 356 910 esse
373 869 533 917 debeat⁷
547 869 656 909 idem
673 870 750 910 erit
766 884 816 910 ac
836 873 998 910 rectam
1019 871 1206 918 morale;
1228 883 1303 910 seu
1330 870 1371 909 id
1401 871 1510 922 quod
1540 871 1594 910 ad
1623 871 1751 910 finem

176 936 237 977 sic
267 937 409 985 tendit,
442 943 484 976 ut
503 950 639 989 neque
663 936 761 977 hinc
791 950 925 990 neque
941 937 1036 977 inde
1058 938 1264 977 deflectat.
1287 936 1330 976 Si
1350 936 1475 988 igitur
1507 937 1573 977 ius
1601 937 1643 976 in
1673 936 1755 976 hoc

180 1015 309 1041 sensu
338 1002 613 1053 acciperetur,
642 1001 821 1042 scientia
849 1001 951 1042 iuris
981 1001 1186 1042 naturalis
1222 1016 1296 1054 pro
1326 1002 1489 1042 obiecto
1518 1000 1752 1054 generatim

175 1067 353 1107 haberet
383 1067 589 1120 quidquid,
620 1067 673 1106 ad
702 1080 841 1107 mores
861 1068 970 1119 quod
1000 1066 1189 1120 pertinet,
1206 1067 1357 1108 rationi
1378 1080 1607 1107 consonum
1631 1072 1694 1106 est
1715 1071 1759 1105 et

177 1134 297 1173 iuxta
312 1140 488 1173 naturae
506 1132 721 1185 principia;
738 1138 862 1185 atque
878 1133 970 1172 ideo
988 1146 1070 1173 non
1083 1133 1206 1172 modo
1224 1146 1275 1173 ea
1293 1133 1530 1185 vestigaret,
1548 1145 1654 1184 quae
1672 1144 1760 1171 mu-

176 1206 270 1238 tuas
300 1199 516 1238 hominum
547 1198 773 1238 relationes
788 1205 859 1238 aut
879 1204 1077 1238 externos
1095 1206 1255 1240 tantum
1273 1206 1392 1239 actus
1408 1198 1648 1250 respiciunt,
1680 1197 1756 1237 sed

177 1265 304 1305 etiam
334 1263 589 1304 intentiones
605 1263 794 1303 internas
814 1271 854 1303 et
871 1264 1067 1316 quidquid
1097 1264 1352 1304 individuam
1370 1277 1606 1317 personam,
1638 1267 1759 1316 prout

177 1343 253 1369 ens
274 1330 433 1369 morale
453 1335 528 1378 est,
546 1328 724 1381 attingit.
742 1330 878 1382 Atque
907 1329 986 1369 hoc
1004 1342 1133 1369 sensu
1148 1329 1499 1381 disciphnahaec,
1516 1329 1605 1369 sive
1622 1330 1758 1382 primo

177 1396 265 1435 sive
297 1395 429 1434 altero
463 1394 633 1434 nomine
655 1395 930 1446 significetur,
948 1394 1110 1434 definiri
1131 1400 1293 1447 posset:
1316 1394 1506 1434 Scientia
1537 1394 1645 1434 recti
1663 1407 1755 1434 mo-

179 1463 305 1510 ralis,
337 1468 409 1501 aut
439 1461 608 1500 ordinis
635 1461 826 1513 ponendi
854 1461 897 1500 in
930 1461 1070 1500 liberis
1103 1462 1322 1501 hominum
1353 1460 1603 1500 actionibus.

232 1527 391 1568 Deinde
409 1527 487 1575 aio,
506 1527 540 1567 si
572 1526 783 1566 distinctio
812 1527 920 1567 inter
940 1533 1157 1579 utramque
1183 1525 1402 1566 scientiam
1424 1525 1621 1566 constitui
1643 1525 1756 1574 velit,

178 1607 263 1634 non
292 1593 350 1633 ita
380 1595 451 1633 Ius
480 1599 656 1632 naturae
685 1592 738 1632 ab
769 1592 919 1632 Ethica
948 1592 1286 1644 distinguendum
1316 1605 1423 1640 esse,
1454 1597 1497 1630 ut
1526 1591 1578 1630 ab
1610 1604 1661 1631 ea
1682 1604 1753 1631 se-

178 1665 359 1712 paretur,
391 1664 430 1698 et
447 1671 570 1697 omne
587 1657 800 1696 vinculum
821 1657 931 1698 inter
951 1671 1077 1697 unum
1098 1662 1135 1696 et
1154 1658 1329 1697 alteram
1345 1656 1628 1708 abrumpatur.
1647 1657 1754 1696 Nam

177 1724 319 1777 nequit
336 1730 555 1764 externum
574 1722 801 1762 activitatis
816 1723 1027 1762 humanae
1039 1722 1283 1762 exercitium
1299 1722 1352 1761 ab
1367 1721 1529 1762 interno
1553 1722 1757 1772 abscindi;

178 1804 273 1831 cum
302 1796 454 1829 natura
483 1802 561 1828 sua
583 1788 637 1828 sit
655 1788 745 1828 eius
766 1788 996 1841 expressio,
1013 1794 1085 1828 aut
1104 1788 1229 1828 etiam
1246 1787 1565 1827 instrumentum
1587 1794 1629 1828 et
1644 1794 1759 1828 natu-

178 1857 265 1896 rale
283 1855 596 1895 adminiculum.
628 1856 768 1902 Quare
785 1863 985 1895 externae
1002 1855 1202 1904 actiones,
1225 1856 1260 1896 si
1289 1869 1387 1896 vere
1408 1861 1529 1906 prout
1547 1855 1758 1895 humanae

178 1925 275 1960 sunt
293 1927 544 1971 spectentur,
562 1919 736 1959 internis
767 1919 983 1959 informari
1014 1920 1176 1970 debent,
1192 1928 1316 1973 atque
1338 1920 1391 1959 ad
1420 1932 1495 1959 eas
1526 1920 1763 1972 exprimen-

179 1985 255 2024 das
280 1983 642 2036 perficiendasque
673 1983 808 2036 dirigi.
841 1984 910 2024 Sic
931 1984 1058 2037 igitur
1079 1999 1104 2024 a
1123 1985 1210 2025 iure
1232 1984 1549 2025 considerentur
1579 1997 1757 2024 necesse

180 2058 255 2090 est.
277 2049 356 2095 Qui
378 2055 516 2088 autem
536 2055 684 2088 contra
704 2048 875 2098 faceret,
893 2049 1039 2089 similis
1056 2056 1170 2090 esset
1184 2050 1253 2098 illi,
1278 2050 1347 2102 qui
1376 2062 1530 2101 corpus
1546 2048 1598 2088 ab
1615 2048 1756 2088 anima

179 2129 263 2155 non
294 2115 417 2154 modo
450 2113 752 2166 distingueret,
784 2116 859 2157 sed
888 2116 1011 2168 plane
1042 2115 1308 2168 disiungeret.
1341 2117 1382 2155 Is
1416 2128 1499 2154 non
1528 2115 1756 2162 hominem,

180 2181 255 2222 sed
285 2180 466 2220 cadaver
495 2179 682 2220 haberet.
714 2181 940 2221 Enimvero
961 2181 995 2221 si
1024 2181 1101 2229 ius,
1119 2187 1162 2220 ut
1182 2181 1263 2221 tale
1285 2181 1349 2230 sit,
1380 2184 1584 2233 potestate
1605 2180 1754 2220 morali

168 2251 370 2293 constat,
388 2259 493 2298 quae
525 2259 550 2285 a
579 2246 741 2285 ratione
761 2247 960 2298 procedit,
984 2246 1102 2299 eique
1121 2259 1173 2286 ex
1194 2251 1312 2297 parte
1341 2245 1518 2285 aliorum
1539 2244 1754 2285 hominum

180 2313 363 2354 officium
402 2311 696 2353 observantiae
725 2313 950 2365 respondet
965 2327 974 2362 ;
1005 2326 1085 2365 quo
1106 2319 1228 2364 pacto
1248 2318 1383 2365 potest
1405 2312 1470 2351 vel
1501 2317 1638 2351 mente
1660 2325 1757 2352 con-

182 2377 261 2429 cipi
290 2377 521 2417 seiunctum
553 2390 578 2415 a
598 2376 814 2429 principiis
834 2376 992 2416 homini
1012 2376 1199 2424 internis,
1221 2389 1247 2415 a
1267 2375 1416 2428 quibus
1436 2375 1477 2413 in
1507 2374 1643 2428 ipsum
1665 2380 1752 2415 tota

181 2443 399 2484 moralitas
429 2449 468 2482 et
488 2441 786 2482 inviolabilitas
809 2442 1018 2482 derivatur
1039 2440 1057 2480 ⁶2
1079 2441 1296 2493 Separatio
1318 2454 1430 2489 vero,
1461 2453 1568 2493 quae
1589 2453 1641 2480 ne
1662 2453 1757 2480 con-

183 2514 304 2560 ceptu
334 2508 498 2560 quidem
530 2507 587 2555 fit,
618 2507 825 2559 quomodo
841 2512 977 2559 potest
997 2506 1050 2546 ad
1066 2514 1206 2546 actum
1227 2505 1391 2553 adduci,
1423 2512 1463 2544 et
1491 2504 1544 2543 ad
1561 2503 1758 2544 scientias

183 2574 412 2622 transferri,
444 2586 550 2626 quae
581 2586 719 2612 rerum
749 2579 924 2613 naturae
954 2570 1221 2613 consonent?

235 2641 376 2680 Tertio
407 2640 498 2680 dico
531 2639 839 2690 distinctionem
884 2643 986 2691 (non
1025 2638 1353 2691 separationem)
1389 2637 1497 2677 inter
1533 2643 1752 2688 utramque

184 2705 403 2746 scientiam
425 2705 565 2745 utilem
589 2719 684 2745 esse
706 2705 867 2746 ratione
887 2704 1082 2752 methodi3
1099 2710 1142 2743 at
1157 2717 1249 2744 eam
1266 2716 1348 2743 non
1365 2716 1459 2743 esse
1480 2703 1594 2750 tanti,
1611 2700 1755 2754 quanti

185 2770 352 2810 Ahrens
383 2769 618 2809 faciendam
648 2783 742 2810 esse
773 2776 961 2811 autumat
993 2770 1068 2820 (1).
1100 2768 1242 2808 Prima
1271 2781 1369 2820 pars
1402 2767 1524 2809 facile
1552 2772 1676 2818 patet;
1708 2766 1758 2805 si-

229 2896 280 2936 (1)
306 2895 422 2937 Com-s
445 2894 489 2927 de
514 2893 614 2927 droit
637 2894 802 2931 natmel,
828 2899 917 2936 part.
944 2896 1022 2936 gen.
1048 2893 1098 2925 ch.
1124 2893 1150 2924 2.
