1970 3203
234 186 286 226 5ss
917 195 1136 222 ETHICA

232 278 411 318 ctionem
430 275 542 315 illam
561 276 760 316 mercium
782 287 931 314 revera
952 275 1049 322 vult,
1066 273 1162 313 licet
1181 286 1275 313 cum
1297 285 1371 312 suo
1393 272 1558 312 damnoc
1577 271 1661 323 Ipsi
1685 269 1814 323 igitur

233 349 296 384 est
326 341 572 382 voluntaria.
594 342 804 387 Attamen,
827 339 923 391 quia
943 338 1021 378 nisi
1044 344 1204 377 tantum
1228 336 1458 390 periculum
1485 336 1680 381 instaret,
1702 347 1816 373 mer-

233 421 304 449 ces
325 418 496 447 servare
518 405 653 453 vellet;
676 417 820 444 earum
841 402 1002 443 iactura
1022 401 1304 442 involuntaria
1328 414 1380 441 ex
1410 400 1492 440 hac
1513 406 1630 453 parte
1654 399 1810 439 dicitur.

237 472 303 511 Ad
332 484 421 511 rem
452 470 491 509 S.
525 469 726 508 Thomas:
760 482 780 505 «
811 468 928 514 Quae
964 480 1038 520 per
1067 472 1223 507 metum
1254 471 1448 518 aguntur,
1480 465 1613 505 mixta
1641 469 1737 504 sunt
1768 476 1822 503 ex

237 534 470 575 voluntario
502 538 541 572 et
568 532 862 572 involuntario.
896 532 942 571 Id
973 532 1081 572 enim
1113 531 1222 584 quod
1251 543 1324 583 per
1353 535 1509 570 metum
1539 529 1688 582 agitur,
1711 529 1753 567 in
1775 541 1820 568 se

238 601 550 642 consideratum
579 612 665 639 non
695 604 758 639 est
787 598 1067 639 voluntarium
1085 630 1093 646 ‚
1125 597 1200 638 sed
1229 598 1278 637 fit
1305 597 1587 638 voluntarium
1617 598 1659 637 in
1691 609 1818 645 casu,

237 668 398 709 scilicet
428 667 481 706 ad
512 666 729 706 vitandum
759 668 916 706 malum
948 665 1057 717 quod
1086 664 1264 704 timetur.
1288 664 1382 712 Sed,
1405 663 1440 704 si
1463 664 1556 717 quis
1581 670 1695 705 recte
1716 677 1821 703 con-

237 732 404 781 sideret,
434 731 571 784 magis
602 738 700 771 sunt
728 729 979 778 huiusmodi,
1003 728 1240 770 voluntaria
1260 743 1385 782 quam
1405 728 1699 779 involuntaria:
1721 735 1821 769 sunt

241 797 350 837 enim
389 798 625 837 voluntaria
654 796 897 849 simpliciter
918 828 926 844 ‚
957 793 1240 835 involuntaria
1268 800 1407 834 autem
1443 794 1676 833 secundum
1707 793 1819 846 quid.

240 861 576 914 Unumquodque
607 861 715 901 enim
746 859 988 912 simpliciter
1019 872 1113 899 esse
1144 857 1293 898 dicitur
1313 890 1322 906 ‚
1353 858 1585 898 secundum
1621 857 1730 910 quod
1760 865 1823 897 est

236 929 279 967 in
309 934 416 976 actu;
442 927 671 967 secundum
703 932 841 966 autem
873 926 981 978 quod
1013 932 1075 965 est
1096 924 1137 964 in
1159 925 1250 964 sola
1274 924 1631 977 apprehensione,
1654 937 1738 964 non
1759 929 1822 963 est

242 992 485 1044 simpliciter
506 991 579 1031 sed
601 991 832 1031 secundum
855 990 963 1043 quid.
987 991 1081 1029 Hoc
1101 995 1241 1029 autem
1270 989 1379 1042 quod
1399 1002 1474 1041 per
1494 996 1648 1029 metum
1670 988 1821 1041 agitur,

244 1059 477 1099 secundum
507 1059 589 1098 hoc
619 1064 682 1098 θεῖ
702 1058 744 1096 in
765 1064 874 1106 actu,
896 1056 1127 1097 secundum
1158 1056 1268 1108 quod
1287 1057 1345 1096 fit.
1377 1057 1482 1095 Cum
1510 1055 1618 1096 enim
1641 1060 1761 1094 actus
1781 1054 1823 1093 in

244 1125 526 1178 singularibus
557 1124 650 1173 sint,
682 1123 898 1176 singulare
928 1130 1081 1169 autem,
1111 1121 1152 1162 in
1174 1128 1375 1174 quantum
1405 1121 1657 1168 huiusmod1,
1681 1120 1735 1160 sit
1755 1119 1823 1159 hic

242 1196 281 1229 et
310 1203 447 1240 nunc;
480 1189 713 1230 secundum
743 1189 826 1228 hoc
856 1188 908 1235 id,
939 1188 1047 1240 quod
1077 1188 1134 1235 fit,
1166 1193 1230 1227 θεῖ.
1258 1186 1300 1226 in
1329 1191 1437 1235 actu,
1460 1185 1689 1225 secundum
1714 1184 1823 1237 quod

243 1259 305 1294 est
335 1255 403 1294 hic
435 1262 471 1295 et
502 1268 627 1303 nunc,
660 1260 698 1294 et
718 1266 802 1294 non
823 1253 900 1293 sub
922 1252 1014 1292 aliis
1037 1250 1344 1291 conditionibus
1361 1248 1686 1289 individualibus
1704 1249 1778 1300 (1).
1801 1262 1820 1285 >o

765 1386 1006 1426 Solvuntur
1036 1384 1309 1438 difficultates

292 1520 354 1560 50.
389 1518 521 1559 Oha'ic.
560 1519 590 1557 Ι.
625 1517 798 1558 Videtur
829 1517 1049 1557 dicendum
1093 1529 1187 1555 cum
1218 1514 1503 1553 Puffendorfio
1525 1546 1534 1561 ‚
1566 1525 1698 1564 aeque
1729 1525 1824 1552 esse

239 1584 564 1623 involuntariam
595 1582 805 1623 actionem
837 1595 889 1622 ex
919 1587 1043 1628 metu,
1075 1587 1198 1632 atque
1220 1592 1274 1619 ex
1295 1578 1493 1618 violentia
1516 1582 1742 1629 peractam;
1767 1576 1824 1615 ita

240 1656 283 1690 ut
313 1650 438 1690 etiam
469 1649 669 1696 facinora,
701 1662 753 1688 ex
784 1648 956 1687 incusso
987 1652 1099 1686 metu
1120 1650 1298 1697 patrata,
1321 1644 1444 1696 culpa
1470 1649 1623 1682 vacent
1644 1648 1683 1682 et
1704 1655 1823 1682 com-

240 1714 510 1754 miseratione
541 1713 624 1753 sint
653 1713 782 1765 digna
812 1713 882 1762 (2).

294 1780 415 1833 Neyo
446 1791 620 1831 prorsus
650 1783 871 1818 assertum.
903 1775 1114 1816 Violentia
1144 1789 1194 1815 ea
1223 1774 1349 1815 motio
1376 1773 1537 1822 dicitur,
1563 1773 1681 1813 cuius
1703 1773 1820 1826 prin-

244 1846 395 1899 cipium
428 1852 493 1886 θεῖ
522 1850 654 1893 extra,
685 1845 889 1885 renitente
921 1843 1122 1884 subiecto.
1146 1843 1258 1894 Ergo
1279 1854 1385 1893 opus
1413 1854 1466 1880 ex
1487 1853 1604 1880 mera
1626 1839 1828 1880 violentia

245 1913 452 1958 effectum,
484 1911 595 1950 nullo
625 1909 749 1949 modo
780 1908 947 1949 attribui
976 1913 1114 1960 potest
1144 1906 1192 1955 ei,
1224 1905 1291 1959 qui
1322 1904 1561 1945 violentiam
1584 1903 1737 1956 patitur
1757 1918 1766 1953 ;
1788 1903 1823 1943 is

244 1976 355 2017 enim
387 1975 539 2027 patitur
568 1975 733 2023 invitus,
766 1980 806 2015 et
834 1979 1037 2027 quantum
1067 1972 1108 2011 in
1141 1971 1232 2023 ipso
1264 1976 1340 2017 est,
1370 1967 1540 2009 resistit.
1573 1968 1731 2007 Contra
1760 1968 1828 2019 qui

243 2057 295 2084 ex
324 2049 437 2083 metu
466 2041 571 2094 agit,
603 2055 648 2081 se
679 2042 847 2094 propria
877 2041 1089 2079 voluntate
1120 2037 1174 2077 ad
1203 2038 1446 2076 alterutram
1478 2039 1639 2086 partem
1669 2046 1823 2086 propo-

244 2111 349 2151 sitae
380 2107 560 2161 optionis
590 2107 794 2157 inflectit,
840 2113 963 2159 atque
994 2105 1150 2146 idcirco
1181 2107 1321 2143 actum
1367 2099 1645 2141 voluntarium
1678 2112 1828 2140 revera

244 2174 365 2215 elicit.

297 2237 600 2278 Confundenda
617 2250 715 2277 vero
732 2249 815 2276 non
826 2235 1087 2285 sunt,culpae
1106 2231 1298 2272 vacuitas
1311 2236 1350 2270 et
1362 2226 1686 2269 commiseratio.
1701 2227 1824 2266 Hanc

244 2303 384 2355 utique
402 2307 584 2341 meretur
598 2300 646 2348 is,
665 2300 733 2352 qui
750 2300 792 2338 in
814 2298 1017 2339 eiusmodi
1038 2296 1257 2337 coniicitur
1278 2295 1511 2346 angustias,
1534 2297 1578 2330 ut
1599 2292 1665 2330 vel
1688 2291 1829 2344 ingen-

246 2378 328 2409 tem
346 2369 529 2421 aliquam
547 2365 830 2407 calamitatem
849 2364 1137 2418 exquisitaque
1155 2365 1362 2402 tormenta
1383 2359 1620 2406 subeat,aut
1637 2371 1662 2397 a
1680 2358 1828 2397 virtute

245 2434 425 2474 recedat.
449 2434 618 2480 Verum,
640 2431 675 2470 si
696 2436 794 2470 tunc
815 2432 955 2469 animo
978 2427 1184 2480 frangitur
1203 2425 1394 2476 ceditque
1426 2422 1575 2471 timori;
1600 2421 1690 2461 eius
1713 2420 1827 2460 defe-

249 2497 330 2538 ctio
354 2495 551 2536 excusari
572 2508 655 2535 non
676 2500 824 2547 potest,
846 2493 965 2546 quasi
988 2506 1070 2531 non
1094 2489 1331 2530 voluntaria
1352 2487 1483 2535 fuerit,
1507 2485 1581 2526 sed
1610 2485 1649 2524 vi
1671 2490 1831 2524 tantum

243 2575 264 2601 e
276 2561 599 2600 xtortaRevera
615 2559 725 2600 enim
741 2559 813 2598 illa
829 2558 940 2611 optio
958 2570 979 2597 e
997 2555 1197 2609 principio
1214 2554 1400 2594 manavit
1420 2554 1594 2599 interno,
1618 2567 1712 2593 cum
1732 2565 1831 2592 vera

251 2627 401 2667 obiecti
422 2626 580 2666 notitia.
604 2627 744 2672 Quare
765 2625 833 2678 qui
855 2624 1046 2664 eamdem
1067 2621 1222 2669 maluit,
1244 2620 1281 2659 is
1304 2633 1452 2672 reapse
1474 2625 1620 2659 auctor
1643 2618 1717 2658 fuit
1741 2632 1831 2670 pro-

253 2690 368 2743 priae
385 2689 787 2742 actionis3quatenus
806 2689 936 2728 libera
955 2687 1167 2726 voluntate
1185 2698 1207 2724 e
1229 2684 1389 2724 duobus
1406 2683 1629 2736 propositis
1642 2682 1826 2730 obiectis,

247 2758 358 2797 malo
379 2756 575 2796 nimirum
598 2762 866 2807 temporaneo
886 2754 949 2794 vel
971 2751 1119 2792 morali
1141 2750 1312 2803 flagitio,
1331 2750 1383 2789 ad
1399 2749 1499 2789 illud
1515 2749 1732 2789 vitandum
1748 2749 1829 2789 hoc

291 2847 345 2903 (1)¹
372 2863 529 2895 Summa
555 2861 600 2893 tlz.
627 2861 668 2892 1.·
691 2862 736 2894 2¹⁴⁸
767 2871 798 2901 q.
823 2861 882 2897 VI,
906 2870 936 2891 a.
959 2860 986 2891 6.

293 2918 342 2960 (2)
369 2918 421 2949 Dc
448 2916 527 2950 ime
554 2919 718 2949 nutus-ae
743 2918 777 2947 et
798 2914 976 2955 ῃσητίιιιη,
1001 2913 1018 2944 l.
1047 2912 1070 2949 1,
1095 2921 1120 2944 c.
1148 2911 1172 2942 5.
