1970 3203
199 185 278 226 108
883 198 1102 227 ETI-IIGA

199 273 346 313 beatur
375 274 642 315 emolumenti
672 285 743 314 aut
773 275 1027 326 detrimenti;
1049 290 1172 317 secus
1193 291 1411 330 perperam
1430 281 1557 327 Deus,
1579 278 1777 331 praemiis

199 338 427 391 poenisque
457 339 694 392 propositis,
725 352 804 379 nos
833 341 887 380 ad
915 341 1108 381 virtutem
1138 341 1331 382 alliceret
1360 349 1400 382 et
1432 350 1597 384 arceret
1618 357 1643 383 a
1664 341 1780 382 vitio.

201 404 335 445 Multo
365 405 502 445 minus
533 405 698 457 probari
719 412 856 458 potest
875 406 1122 459 principium
1145 408 1464 458 Cousinianum;
1487 410 1595 462 quod
1618 415 1779 449 tantum

198 471 320 511 abest
340 478 379 511 ut
404 472 580 523 primum
602 472 654 512 sit
669 471 775 524 legis
791 479 1073 525 praeceptum,
1092 479 1135 512 ut
1149 473 1287 526 potius
1303 475 1592 516 characterem
1611 475 1783 516 obiiciat

200 536 282 588 legi
303 536 541 577 adversum,
565 538 656 577 Lex
678 538 799 586 enim,
816 538 994 579 iubendo
1017 544 1057 578 et
1078 540 1270 588 vetando,
1291 539 1525 580 libertatem
1543 540 1781 594 adstringit,

199 615 285 642 non
319 602 483 654 quidem
504 603 679 656 physice
701 604 774 644 sed
795 605 1018 645 moraliter.
1040 605 1180 651 Quare
1201 605 1306 645 ratio
1328 606 1389 646 sic
1410 606 1547 658 potius
1566 607 1780 647 hominem

198 668 351 721 alloqui
374 669 553 710 videtur:
576 671 663 710 Ens
684 670 872 719 liberum,
888 671 973 710 noli
998 671 1187 711 libertate
1208 671 1265 711 uti
1281 685 1354 724 pro
1375 671 1509 722 libit03
1531 674 1606 714 sed
1622 674 1723 713 mihi
1740 679 1781 714 te

197 731 373 781 subiice,
394 739 438 773 ut
456 734 532 774 rite
554 748 671 787 agas.
694 735 854 775 Deinde
874 736 944 776 illo
963 735 1218 776 Cousiniano
1239 737 1363 778 effato
1380 737 1483 778 nihil
1500 751 1650 791 reapse
1666 751 1786 791 prae-

197 796 347 849 cipitur
368 799 506 850 quoad
524 799 800 852 operationes,
818 800 898 840 nisi
915 800 1020 842 forte
1036 802 1117 841 hoc
1134 815 1281 842 unum:
1299 807 1342 841 ut
1356 802 1482 842 homo
1498 817 1582 842 non
1602 804 1785 856 patiatur

198 873 245 900 se
266 862 324 902 ita
351 875 377 901 a
398 863 591 903 sensibus
621 864 785 912 abduci,
806 871 849 904 ut
868 865 948 906 illis
977 865 1192 906 inserviat.
1214 867 1271 907 At
1291 866 1351 907 sic
1373 867 1497 907 etiam
1522 867 1781 909 intellectum

199 939 283 966 non
305 928 446 967 omnia
466 928 646 968 hominis
668 929 809 969 officia
828 931 1188 983 complecteretur,
1209 945 1316 984 quae
1337 938 1449 973 certe
1469 946 1554 973 non
1574 933 1628 973 ad
1647 933 1688 973 id
1706 947 1781 974 so-

198 993 283 1031 lum
312 993 578 1043 reducuntur,
601 1002 644 1034 ut
664 1008 864 1035 sensuum
895 996 1216 1049 appetitionibus
1247 998 1519 1038 dominemur.
1553 1001 1783 1041 Praeterea

198 1060 279 1099 hoc
312 1060 448 1112 ipsum
478 1061 570 1102 ideo
601 1069 817 1114 praestare
846 1063 973 1103 homo
1004 1063 1136 1112 debet,
1158 1063 1254 1116 quia
1275 1065 1376 1104 ordo
1397 1065 1459 1105 sic
1480 1065 1631 1118 exigit;
1653 1072 1779 1119 atque

199 1130 421 1176 propterea
458 1134 728 1180 praeceptum
749 1142 832 1168 non
853 1135 917 1168 est
937 1127 1126 1181 primum.
1151 1129 1352 1181 Denique,
1374 1130 1428 1169 ad
1449 1131 1653 1170 Damiron
1673 1131 1783 1183 quod

198 1189 358 1238 attinet,
380 1191 479 1230 nihil
499 1192 678 1244 ineptius
699 1193 779 1233 dici
800 1201 981 1246 poterat;
1003 1195 1206 1248 siquidem
1227 1209 1279 1236 ex
1296 1195 1384 1236 eius
1406 1197 1531 1235 effato
1549 1208 1780 1248 conseque-

197 1262 312 1295 retur
331 1257 543 1298 hominem
565 1259 695 1299 teneri
715 1260 768 1298 ad
789 1260 978 1312 singulas
995 1273 1097 1300 suas
1118 1260 1350 1309 facultates,
1367 1261 1526 1313 absque
1542 1262 1625 1302 fine
1641 1261 1780 1314 expli—

197 1322 368 1361 candas.
401 1323 470 1362 Sic
492 1337 575 1362 non
597 1325 719 1364 modo
741 1325 924 1365 scientiis
946 1326 1138 1365 omnibus
1160 1333 1283 1378 atque
1303 1326 1464 1366 artibus
1484 1340 1655 1379 operam
1677 1327 1781 1367 dare

197 1385 377 1434 deberet,
399 1387 473 1426 sed
493 1387 535 1426 in
556 1388 639 1427 alia
659 1388 796 1437 etiam,
819 1403 925 1442 quae
946 1396 1086 1430 tacere
1108 1391 1298 1442 pulcrum
1316 1398 1391 1440 est,
1409 1391 1596 1432 studiose
1617 1391 1781 1430 incum—

197 1449 294 1489 bere
323 1450 412 1490 iure
442 1460 619 1492 naturae
649 1453 899 1505 adigeretur.
932 1454 1051 1501 Quod
1080 1456 1185 1495 adeo
1216 1456 1367 1497 rationi
1388 1463 1608 1509 repugnat,
1629 1461 1673 1496 ut
1694 1456 1782 1496 risu

197 1518 334 1570 potius
353 1532 476 1572 quam
499 1519 748 1560 refutatione
770 1520 942 1574 dignum
966 1521 1167 1561 videatur.

830 1717 1077 1756 AR‘ricULus
1107 1718 1156 1755 V.

217 1844 284 1883 De
314 1845 602 1898 applicatione
635 1847 740 1898 legis
771 1847 828 1886 ad
856 1860 980 1887 casas
1003 1847 1263 1900 peculiares,
1294 1862 1368 1888 sea
1397 1850 1447 1889 de
1477 1848 1754 1890 conscientia.

255 1977 343 2018 109.
378 1979 481 2027 Quid
511 1979 787 2019 conscientia.
819 1980 955 2020 Homo
986 1981 1220 2034 praeceptis
1249 1982 1355 2034 legis
1383 1981 1566 2021 imbutus
1587 1981 1683 2035 quid
1704 1981 1785 2021 sibi

201 2041 415 2094 agendum
445 2043 801 2096 omittendumque
829 2044 883 2085 sit
904 2045 1118 2086 deliberat.
1141 2046 1279 2093 Quare
1310 2047 1375 2087 lex
1397 2046 1568 2086 moralis
1590 2059 1782 2085 normam

203 2109 404 2160 operandi
426 2110 724 2161 complectitur,
747 2117 788 2151 et
806 2111 1052 2164 principium
1076 2112 1177 2152 illud
1198 2119 1272 2161 est,
1294 2113 1401 2166 quod
1422 2117 1586 2165 proprie
1607 2114 1783 2152 rectitu-

203 2175 340 2215 dinem
362 2175 573 2215 humanae
595 2176 820 2217 voluntatis
841 2178 1060 2218 dimetitur.
1078 2179 1234 2218 Verum
1256 2185 1483 2230 praecepta
1498 2177 1606 2230 legis
1622 2177 1786 2216 univer-

204 2240 312 2280 salia
329 2253 399 2293 per
416 2253 461 2279 se
477 2248 585 2280 sunt.
599 2241 794 2293 Utigitur
809 2255 951 2282 eorum
969 2243 1007 2281 vi
1025 2243 1215 2283 actiones
1230 2242 1465 2294 peculiares
1480 2241 1778 2293 gubernentur,

201 2307 267 2348 his
288 2307 488 2360 applicari
524 2307 684 2355 debent,
706 2314 748 2347 ut
769 2308 975 2349 dictamen
998 2315 1197 2361 exsurgat
1222 2308 1553 2356 determinatum,
1575 2307 1685 2360 quod
1706 2320 1781 2347 eas

201 2372 410 2424 respiciat.
443 2373 561 2412 Haec
590 2372 731 2425 itaque
752 2373 973 2426 applicatio
995 2373 1113 2425 legis,
1134 2386 1207 2412 seu
1229 2372 1403 2412 rationis
1424 2371 1644 2419 dictamen,
1672 2369 1787 2422 quod

202 2438 390 2490 proxime
408 2452 484 2478 nos
502 2439 694 2491 dirigitin
708 2440 932 2491 operando,
942 2438 1365 2487 conscientc'a,morali
1381 2437 1777 2486 sensu,nominatur.

204 2502 324 2549 Quod
341 2515 491 2542 nomen
509 2503 603 2543 inde
620 2503 850 2555 profectum
868 2503 1039 2552 videtur,
1052 2503 1161 2556 quod
1177 2503 1358 2543 scientia
1375 2502 1427 2542 sit
1443 2501 1648 2555 quaedam
1665 2499 1783 2551 prin-

204 2565 406 2617 cipiorum
435 2567 540 2619 legis
560 2581 657 2618 cam
678 2567 788 2607 facto
812 2566 963 2619 aliquo,
983 2580 1059 2607 seu
1080 2567 1245 2607 actione
1265 2573 1423 2614 nostra,
1445 2569 1691 2616 comparata
1713 2564 1786 2614 (1).

247 2699 297 2740 (1)
312 2698 474 2730 Dilucide
488 2699 698 2732 relat-ionem
712 2700 802 2732 inter
815 2699 1068 2733 conscientiam
1085 2702 1119 2732 et
1136 2700 1254 2740 legem
1268 2699 1428 2731 declarat
1440 2699 1576 2730 Suarez
1590 2697 1645 2729 hic
1657 2695 1787 2729 verbis:

206 2753 325 2787 «Unde
335 2752 437 2785 etiam
450 2754 550 2785 facile
561 2754 768 2795 intelligitur
782 2756 966 2796 quomodo
978 2755 1037 2786 lex
1047 2754 1218 2786 naturalis
1228 2756 1462 2794 comparatur
1469 2753 1514 2785 ad
1524 2751 1787 2785 conscientiam.

203 2805 406 2846 Aliquando
418 2806 510 2838 enim
524 2809 692 2838 censetur
706 2817 789 2839 esse
801 2807 904 2843 idem,
918 2809 955 2839 ut
969 2817 1014 2838 ex
1027 2806 1160 2838 Basilio
1175 2809 1209 2837 et
1222 2807 1448 2837 Damasceno
1463 2813 1574 2845 supra
1585 2803 1786 2842 retulimus;

205 2859 288 2900 quia
305 2858 523 2891 conscicntia
538 2859 622 2891 nihil
637 2859 735 2891 aliud
749 2863 816 2898 est,
829 2870 937 2900 quam
949 2859 1125 2892 dictamen
1142 2860 1186 2891 de
1199 2858 1360 2899 agendis.
1370 2857 1604 2890 Nihilominus
1619 2859 1739 2889 tamen
1753 2856 1787 2888 in

204 2911 325 2954 rigore
339 2913 428 2945 haec
442 2913 513 2945 duo
524 2912 669 2945 diversa
682 2915 776 2950 sunt;
786 2922 866 2944 nam
879 2912 938 2944 lex
951 2911 1034 2944 dicit
1046 2910 1210 2951 regulam
1221 2910 1438 2950 generaliter
1446 2908 1678 2942 constitutam
1691 2907 1787 2941 circa
