1970 3203
549 258 686 285 CAPUT
717 258 756 284 11.
787 259 839 285 DE
869 259 1102 286 SOClETATE
1132 260 1250 287 elvlm
1613 249 1690 287 245

116 333 251 373 munis
281 337 343 371 est
372 331 457 371 fere
489 332 682 372 omnibus
711 331 959 382 iurisperitis
976 333 1323 385 protestantibus,
1341 347 1366 372 a
1399 333 1539 373 Grotio
1560 347 1691 387 usque

112 400 166 438 ad
181 403 372 437 recentes
388 396 672 436 rationalistas
694 398 767 448 (1).
792 397 872 437 Sed
893 410 1016 437 nemo
1034 411 1126 437 eam
1142 399 1316 439 ulterius
1332 400 1547 452 promovit,
1565 414 1689 452 quam

113 465 358 512 Rousseau;
390 463 457 516 qui
487 463 529 502 in
559 463 719 502 famoso
749 476 886 514 opere,
917 463 1025 515 quod
1048 464 1113 502 De
1133 468 1355 504 contracta
1376 465 1532 505 sociali
1547 466 1694 506 inscri-

115 528 208 580 psit,
239 528 440 580 originem
472 541 692 581 supremae
720 528 939 580 potestatis
968 528 1009 566 in
1041 529 1242 569 societate
1271 544 1297 570 a
1326 531 1455 571 libera
1476 534 1687 573 voluntate

106 592 317 631 sociorum
351 592 531 640 derivat;
563 598 686 644 atque
715 592 813 631 hinc
843 598 1032 644 apertum
1062 592 1126 631 ius
1156 593 1391 634 rebellionis
1420 596 1606 636 instituit.

159 659 221 696 54.
253 658 430 699 Theoria
460 658 718 698 Rousseavii.
739 657 962 708 Sophistae
990 657 1112 697 huius
1134 658 1180 696 de
1201 665 1402 709 potestate
1428 661 1616 701 doctrina
1636 664 1689 702 ad

107 722 216 761 haec
248 722 386 774 capita
415 722 638 761 reducitur.
671 721 862 760 Libertas
883 720 1040 760 homini
1062 721 1298 761 essentialis
1319 729 1394 771 est,
1416 731 1456 764 et
1475 738 1686 777 nunquam

108 785 159 824 ab
189 798 237 825 eo
269 785 442 825 alienari
475 786 608 825 valide
629 790 775 837 potest.
799 784 908 823 Hinc
931 797 1026 823 cum
1049 784 1238 824 homines
1259 785 1300 823 in
1322 786 1567 826 societatem
1588 801 1682 828 con-

108 852 291 900 veniunt,
324 852 463 904 nequit
493 852 599 890 haec
629 850 812 902 legitime
833 849 939 896 iniri,
962 849 1042 888 nisi
1062 850 1131 890 tali
1155 850 1288 890 forma
1310 851 1501 903 politicae
1523 854 1687 893 unionis
1716 864 1718 867 ’

107 917 338 966 decoretur,
368 931 449 970 qua
477 917 648 956 libertas
677 915 932 967 singulorum
963 928 1045 954 non
1076 916 1293 963 laedatur,
1324 917 1397 956 sed
1431 917 1602 971 quisque
1632 920 1688 958 ita

104 981 273 1021 obediat
301 980 548 1025 auctoritati,
580 986 622 1018 ut
653 992 735 1018 non
765 978 929 1018 obediat
958 978 1038 1018 nisi
1070 979 1159 1026 sibi,
1192 986 1232 1018 et
1261 980 1375 1028 liber,
1407 987 1449 1020 ut
1470 989 1578 1031 ante,
1601 996 1690 1034 per-

107 1050 286 1083 maneat.
308 1045 499 1083 Iamvero
522 1043 574 1082 ad
594 1042 705 1081 hanc
726 1042 942 1082 societatis
963 1042 1137 1081 formam
1159 1044 1407 1093 habendam,
1425 1046 1468 1085 in
1485 1059 1567 1098 qua
1588 1061 1687 1099 pro-

106 1107 243 1147 blema
271 1106 481 1158 politicum
512 1107 633 1145 situm
665 1112 738 1152 est,
762 1106 867 1144 haec
888 1105 1012 1144 unica
1034 1106 1101 1145 via
1124 1113 1248 1158 patet,
1271 1114 1313 1147 ut
1346 1122 1494 1161 nempe
1515 1110 1686 1162 quisque

104 1171 245 1210 socius
275 1170 415 1210 omnia
435 1171 549 1217 iura,
573 1182 679 1221 quae
701 1168 897 1220 possidet,
920 1170 1110 1209 societati
1131 1184 1304 1222 prorsus
1325 1173 1457 1212 cedat.
1481 1174 1562 1222 Sic,
1585 1189 1679 1214 cum

106 1235 278 1287 quisque
296 1234 400 1274 civis
416 1234 468 1273 sit
484 1247 615 1286 aeque
631 1246 730 1285 pars
746 1233 872 1273 totius
889 1234 1076 1285 corporis
1097 1236 1279 1284 socialis,
1297 1238 1460 1289 aequali
1482 1246 1596 1290 parte
1614 1254 1681 1292 po-

107 1301 230 1340 tietur
245 1313 446 1347 summae,
465 1301 673 1339 conflatae
690 1312 743 1338 ex
758 1299 918 1338 iuribus
933 1300 1206 1351 singulorum,
1225 1308 1264 1341 et
1286 1303 1358 1343 toti
1379 1305 1540 1354 corpori
1558 1306 1679 1345 tribu-

106 1372 188 1402 tae.
207 1364 316 1402 Hinc
327 1364 480 1415 singuli
502 1364 616 1402 cives
630 1363 680 1401 ob
704 1362 1314 1414 recz'pr‘ocitatemtantumdem
1334 1367 1546 1419 recipient,
1559 1383 1686 1420 quan·

106 1434 193 1468 tum
211 1428 423 1475 dederunt,
442 1442 492 1467 ac
511 1428 683 1479 proinde
704 1427 898 1467 cessione
919 1441 998 1467 sua
1018 1429 1120 1469 nihil
1141 1430 1343 1470 amittunt.
1359 1433 1425 1471 Ad
1445 1434 1525 1473 hoc
1543 1442 1682 1474 tamen

107 1493 213 1532 duae
231 1493 490 1533 conditiones
511 1492 786 1544 requiruntur:
808 1492 1001 1543 primum,
1019 1502 1061 1534 ut
1083 1495 1218 1534 cessio
1231 1495 1284 1534 sit
1294 1497 1483 1536 absoluta
1500 1500 1683 1539 omnium

105 1557 268 1605 iurium,
293 1571 417 1598 secus
437 1557 669 1609 aequalitas
698 1570 781 1595 non
813 1557 971 1609 vigeret
992 1572 1065 1610 pro
1087 1561 1305 1609 omnibus;
1328 1562 1486 1611 deinde,
1522 1572 1564 1603 ut
1592 1577 1675 1604 non

106 1623 180 1662 fiat
208 1623 406 1675 peculiari
436 1635 641 1674 personae
658 1628 728 1660 aut
745 1623 880 1662 coetui
902 1624 975 1662 sed
995 1631 1155 1663 tantum
1175 1625 1362 1678 integrae
1385 1629 1683 1670 communitati.

161 1689 292 1726 Porro
322 1701 374 1727 ex
403 1687 484 1726 hac
514 1685 766 1725 alienatione
796 1686 944 1725 iurium
976 1694 1013 1726 et
1036 1689 1294 1729 voluntatum
1314 1692 1583 1743 peculiarium
1609 1708 1687 1733 na-

106 1752 239 1791 scitur
267 1752 331 1790 ius
362 1759 402 1791 et
435 1752 631 1790 voluntas
657 1751 876 1802 generalis
906 1751 1030 1791 totius
1060 1753 1293 1803 societatis,
1326 1762 1536 1808 tamquam
1567 1759 1689 1798 unius

105 1828 312 1867 personae
341 1816 524 1854 moralis.
557 1815 604 1852 In
634 1814 715 1853 hac
744 1814 898 1853 residet
927 1828 1140 1854 &animum
1174 1818 1400 1870 imperium
1416 1833 1431 1865 ,·
1464 1821 1688 1872 quodlicet

106 1893 131 1918 a
159 1880 338 1932 singulis
368 1880 632 1925 efformetur,
664 1885 802 1916 tamen
846 1885 965 1929 prout
994 1880 1130 1918 unitas
1161 1882 1365 1933 quaedam
1396 1889 1484 1929 est,
1513 1884 1687 1936 singulis

105 1951 281 1995 praeest.
301 1944 392 1982 Hoc
413 1955 621 1982 summum
650 1941 868 1992 imperium
889 1955 914 1980 a
934 1943 1182 1983 collectione
1204 1945 1355 1983 civium
1377 1947 1583 1985 removeri
1604 1960 1688 1986 non

105 2015 264 2062 potest,
296 2022 346 2048 ac
368 2008 538 2061 proinde
559 2008 735 2059 populus
766 2007 1045 2047 essentialiter
1065 2016 1126 2048 est
1148 2010 1341 2062 princeps
1364 2012 1415 2062 (it
1434 2014 1596 2064 popolo
1616 2026 1686 2052 so-

107 2078 289 2124 vrano);
321 2073 447 2112 immo
478 2072 567 2112 eius
597 2069 824 2110 auctoritas
854 2077 939 2109 tam
970 2084 1093 2110 sacra
1124 2082 1215 2120 est,
1248 2082 1291 2112 ut
1321 2087 1398 2113 nec
1428 2073 1574 2122 divide,
1608 2089 1685 2116 nec

108 2139 438 2190 repraesentari,
468 2151 545 2177 nec
579 2136 711 2175 limite
741 2134 858 2186 affici
884 2148 1066 2187 unquam
1096 2138 1239 2189 possit.
1272 2139 1340 2178 Sic
1371 2140 1508 2191 populi
1537 2140 1686 2181 inalie-

105 2203 257 2243 nabilis
286 2210 326 2243 et
356 2203 547 2243 absoluta
575 2201 774 2240 maiestas
805 2201 1075 2250 constituitur,
1110 2204 1161 2242 ad
1182 2217 1305 2256 quam
1328 2211 1414 2244 tota
1435 2206 1686 2246 Rousseavii

106 2269 298 2308 doctrina
326 2269 547 2315 reducitur,
579 2275 618 2307 et
648 2266 687 2304 vi
709 2265 827 2305 cuius
849 2267 1062 2319 Princeps,
1087 2269 1268 2309 Senatus
1290 2278 1329 2310 et
1351 2271 1419 2309 alii
1437 2285 1594 2319 omnes,
1617 2275 1685 2326 qui

106 2335 396 2375 auctoritatem
427 2339 636 2380 exercent,
668 2344 751 2370 non
781 2331 892 2371 aliud
921 2346 1067 2372 revera
1097 2342 1193 2374 sunt
1214 2336 1294 2375 nisi
1316 2336 1527 2388 simplices
1547 2339 1684 2391 magi—

105 2405 261 2439 stratus
290 2399 440 2451 populi,
467 2399 519 2437 ab
549 2398 637 2437 eius
667 2402 766 2434 nutu
795 2396 1033 2446 pendentes.
1068 2398 1206 2444 Quare
1236 2412 1330 2437 cum
1361 2401 1553 2450 populus,
1591 2402 1679 2441 sedi

149 2504 199 2545 (1)
223 2506 276 2536 Ne
300 2504 454 2536 omnium
478 2505 671 2537 sententias
700 2505 905 2546 singillatim
929 2513 1217 2542 commemorem,
1234 2505 1367 2536 referre
1385 2506 1538 2539 sufficiat
1561 2506 1684 2545 verba,

108 2557 235 2597 quibus
258 2557 380 2589 Vattel
404 2558 494 2589 hanc
519 2558 717 2599 opinionem
740 2557 927 2599 proponit:
954 2566 969 2585 ‹<
994 2557 1093 2589 Cette
1119 2557 1274 2589 autorite
1287 2558 1489 2599 appartient
1518 2560 1683 2601 originai-

104 2613 240 2643 rement
257 2613 292 2642 et
310 2612 612 2643 essentiellement
625 2622 670 2643 au
686 2621 795 2652 corps
812 2613 927 2642 meme
941 2611 985 2642 de
1001 2610 1035 2641 la
1052 2608 1199 2648 5001010,
1221 2611 1351 2652 auquel
1368 2612 1506 2652 chaque
1520 2613 1677 2645 membre

107 2664 196 2696 s'est
220 2665 356 2697 soumis
381 2668 415 2697 et
440 2676 461 2697 a
487 2666 573 2697 cede
596 2665 650 2697 les
675 2665 790 2697 droits
815 2664 899 2704 qu'il
922 2664 1033 2695 tenait
1058 2665 1101 2695 de
1126 2664 1160 2695 la
1173 2666 1308 2703 nature,
1332 2666 1375 2697 de
1393 2675 1432 2698 se
1451 2668 1619 2699 conduire
1638 2676 1678 2698 en

105 2718 228 2749 toutes
252 2718 385 2750 choses
409 2718 549 2750 suivant
575 2727 635 2749 ses
660 2718 839 2756 lumieres,
861 2727 927 2759 par
950 2727 993 2750 sa
1014 2727 1148 2759 propre
1171 2718 1315 2750 volente
1333 2721 1368 2750 et
1387 2720 1432 2751 de
1456 2729 1495 2752 se
1519 2720 1605 2752 faire
1626 2720 1681 2760 ju-

107 2767 195 2799 stice
217 2767 265 2799 lui
286 2771 408 2800 meme.
424 2768 517 2800 Mais
533 2769 566 2801 le
579 2778 689 2810 corps
714 2770 758 2801 de
781 2769 816 2801 la
839 2769 974 2801 societe
991 2778 1032 2801 ne
1050 2769 1177 2801 retient
1192 2779 1260 2811 pas
1284 2770 1450 2811 toujours
1476 2775 1497 2803 a
1513 2772 1568 2804 soi
1585 2774 1684 2804 cette

107 2820 264 2853 autorite
288 2823 516 2860 souveraine3
542 2825 697 2855 souvent
719 2823 742 2854 il
764 2823 879 2864 prend
900 2823 932 2854 le
956 2823 1047 2864 parti
1065 2823 1108 2855 de
1124 2823 1159 2855 la
1182 2823 1314 2856 confier
1338 2825 1359 2856 a
1382 2834 1427 2857 un
1451 2826 1571 2863 senat,
1595 2835 1642 2858 ou
1665 2827 1686 2857 a

109 2884 176 2907 une
200 2874 300 2906 seule
323 2884 511 2915 personne.
535 2877 584 2908 Le
607 2877 717 2909 senat
741 2885 789 2909 ou
812 2879 907 2909 cette
931 2885 1108 2917 personne
1127 2879 1183 2909 est
1201 2877 1299 2909 alors
1316 2877 1349 2911 le
1366 2878 1613 2911 Senum-ain.»
1631 2879 1678 2911 Le

109 2927 214 2961 droit
240 2927 305 2959 des
326 2937 428 2969 90713,
451 2931 475 2961 1,
498 2929 523 2966 1,
545 2929 565 2960 1.
590 2930 615 2967 Ι,
638 2940 665 2962 c.
690 2930 749 2962 IV.
