1970 3203
219 195 298 236 3⁶20
607 209 673 236 ius
701 208 905 236 NATURAE
926 220 947 226 -
968 210 1076 236 PARS
1105 211 1141 236 11.
1170 210 1238 238 lus
1268 210 1439 238 sofflALE

220 281 300 321 ctio
331 280 502 320 moralis
533 286 572 319 et
594 280 670 320 Dei
689 281 838 328 cultus,
859 281 913 321 ad
934 294 1039 334 quae
1060 282 1241 322 maxime
1263 283 1483 324 conferunt
1503 283 1688 324 redditus
1711 297 1807 324 con-

218 352 378 386 stantes
409 346 640 396 Ecclesiae;
670 361 721 387 ac
750 347 923 400 proinde
954 347 1019 387 his
1048 349 1340 388 emolumentis
1360 349 1464 389 satis
1486 363 1693 402 superque
1717 363 1806 390 sar-

218 412 322 452 citur
351 412 580 452 materialis
609 412 680 452 illa
709 413 951 454 commercii
982 419 1022 453 et
1050 412 1282 453 industriae
1302 413 1477 463 iactura,
1499 416 1533 455 si
1559 428 1658 455 vera
1679 424 1804 455 esset.

218 479 299 518 Sed
328 492 380 518 ne
410 478 450 517 id
479 479 645 530 quidem
673 478 926 519 incommodi
957 480 1093 519 locum
1124 480 1260 521 habet.
1293 481 1401 520 Nam
1433 495 1517 521 non
1548 483 1698 522 desunt
1727 483 1809 521 flo-

216 543 457 584 rentissima
486 557 632 595 regna;
662 557 768 596 quae
790 550 857 583 sat
875 543 1088 596 ingentem
1111 544 1409 596 proprietatum
1431 551 1601 597 partem,
1626 546 1679 585 ad
1705 545 1806 597 opti-

219 613 377 646 matum
407 607 772 647 conservationem
801 608 1017 647 tutandam
1038 640 1046 656 ,
1078 607 1252 647 alienari
1282 608 1516 661 prohibent,
1549 610 1647 662 quin
1679 610 1806 648 ullam

220 687 275 713 ex
304 673 385 712 hac
422 679 540 725 parte
568 674 774 714 iacturam
804 674 1086 726 experiantur.
1126 673 1247 714 Certe
1276 676 1393 715 nulla
1430 682 1494 715 est
1521 676 1634 716 natio
1666 675 1803 728 magis

222 740 388 780 addicta
417 739 626 780 mercibus
656 740 923 780 elaborandis
952 753 1003 780 ac
1033 740 1361 789 commutandis,
1393 754 1517 793 quam
1548 741 1812 789 britannica;

222 812 262 847 et
290 813 429 847 tamen
460 806 570 858 apud
590 806 724 858 ipsam
746 807 978 846 immensae
998 807 1275 859 proprietates
1296 807 1353 846 ita
1373 807 1541 848 familiis
1562 808 1810 856 adhaerent,

221 878 266 912 ut
294 872 336 912 in
367 872 538 913 alterius
560 872 784 912 dominium
807 873 1022 913 transferri
1043 880 1264 926 nequeant.
1286 874 1475 926 Denique
1496 874 1589 927 ipsa
1610 874 1814 915 materia-

221 936 272 976 lis
301 936 556 988 prosperitas
585 936 767 976 nationis
797 950 881 977 non
911 950 964 977 ex
995 937 1084 977 solo
1114 937 1368 977 commercio
1398 938 1610 978 metienda
1639 944 1712 987 est,
1735 939 1812 978 sed

222 1000 482 1053 potissimum
513 1013 566 1039 ex
595 999 796 1041 facilitate
824 1001 1099 1041 subveniendi
1130 1002 1337 1042 classibus
1367 1003 1664 1055 egentioribus‚
1697 1016 1805 1055 quae

222 1064 422 1104 maiorem
454 1072 613 1116 partem
643 1066 781 1118 populi
811 1067 1155 1118 complectuntur.
1177 1066 1242 1106 Ad
1262 1066 1304 1106 id
1324 1073 1463 1107 autem
1484 1068 1621 1119 magis
1643 1067 1807 1107 confert

224 1131 430 1172 stabilitas
461 1132 728 1185 proprietatis
748 1132 1089 1181 Ecclesiasticae,
1111 1146 1238 1185 quam
1258 1132 1293 1173 si
1314 1133 1523 1173 alienandi
1551 1133 1742 1173 libertate
1763 1132 1806 1171 in

223 1208 382 1248 paucos
399 1195 537 1248 magis
552 1196 781 1236 industrios
797 1205 1055 1236 mercatores
1070 1196 1169 1236 illae
1187 1197 1312 1236 etiam
1330 1197 1497 1236 divitiae
1511 1203 1806 1249 congerantur.

281 1262 410 1302 Obiic.
442 1264 513 1302 IV.
546 1262 700 1302 Melius
730 1263 960 1302 consulitur
988 1263 1097 1302 bono
1129 1263 1363 1311 Ecclesiae,
1396 1263 1431 1302 si
1461 1263 1551 1303 eius
1573 1262 1807 1303 administri

223 1326 430 1379 stipendia
457 1326 662 1378 recipiant
690 1326 742 1366 ab
773 1327 949 1375 aerario,
980 1340 1105 1379 quam
1136 1327 1171 1366 si
1201 1327 1312 1367 bona
1349 1327 1518 1367 stabilia
1548 1327 1807 1379 possideant.

225 1394 294 1433 Sic
324 1393 433 1433 enim
467 1407 569 1433 cura
598 1406 737 1432 rerum
768 1393 1057 1446 temporalium
1085 1393 1278 1442 libertati,
1301 1394 1533 1446 expeditius
1556 1394 1680 1434 rebus
1703 1392 1815 1432 divi-

226 1459 293 1498 nis
323 1457 543 1497 vacabunt.

281 1526 329 1563 R.
356 1524 478 1577 Negso
511 1526 723 1564 assertum
753 1529 793 1563 et
817 1523 1023 1564 rationem
1053 1524 1253 1564 additam.

281 1590 393 1629 Mira
422 1594 486 1628 est
515 1589 811 1628 nonnullorum
840 1589 974 1640 pietas
1004 1597 1045 1629 et
1075 1589 1257 1628 studium
1289 1589 1455 1629 divinae
1489 1588 1661 1641 gloriae,
1686 1601 1811 1640 quam

226 1663 326 1696 tunc
354 1660 515 1695 tantum
545 1655 782 1701 ostendunt,
815 1668 910 1694 cum
932 1655 981 1694 de
1003 1655 1197 1694 Ecclesia
1217 1655 1438 1707 spolianda
1458 1653 1620 1706 agitur!
1644 1657 1699 1693 At
1720 1667 1825 1706 quo·

227 1721 339 1761 niam
382 1726 498 1759 tanta
528 1720 729 1772 religione
758 1724 1005 1766 moventur,
1034 1721 1133 1771 angi
1164 1719 1371 1759 desinant.
1415 1720 1523 1759 Nam
1554 1718 1649 1770 quid
1680 1718 1820 1770 magis

227 1787 365 1827 divino
396 1786 523 1826 cultui
554 1795 594 1825 et
622 1785 846 1825 sacerdotii
876 1785 1117 1825 muneribus
1147 1785 1275 1825 libere
1305 1784 1555 1825 exercendis
1586 1784 1785 1836 expediat
1814 1813 1824 1830 ‚

226 1867 349 1893 nemo
379 1852 528 1893 melius
557 1852 785 1892 diiudicare
815 1857 977 1904 potest,
1008 1865 1132 1904 quam
1161 1851 1254 1903 ipsa
1285 1850 1492 1891 Ecclesia.
1525 1851 1644 1890 Haec
1675 1856 1818 1890 autem

227 1920 483 1960 contrariam
514 1918 751 1972 opinionem
781 1932 945 1971 semper
974 1926 1152 1970 sequuta
1181 1925 1257 1958 est.
1289 1918 1340 1957 Et
1360 1918 1520 1967 merito;
1546 1917 1706 1957 namin
1729 1916 1818 1968 pri-

226 1984 307 2024 mis
336 1997 439 2023 cura
469 1983 667 2036 carpendi
696 1983 856 2024 fructus
886 1996 908 2022 e
938 1982 1115 2035 propriis
1148 1976 1330 2033 praediis
1361 1982 1446 2022 fere
1476 1982 1591 2021 nulla
1621 1988 1698 2029 est;
1721 1994 1817 2021 cum

227 2054 374 2088 contra
395 2054 513 2088 tenor
534 2048 748 2101 oppositus
770 2061 968 2100 magnam
990 2047 1312 2087 sollicitudinem
1332 2047 1511 2099 ingerat,
1534 2045 1623 2086 sive
1645 2051 1813 2098 propter

228 2115 498 2168 exiguitatem
529 2114 732 2167 stipendii,
763 2114 852 2153 sive
881 2119 1051 2166 propter
1080 2114 1291 2166 repulsam
1322 2120 1361 2153 et
1390 2112 1652 2160 dilationem,
1685 2124 1812 2164 quam

226 2180 312 2234 pati
342 2186 477 2232 potest
507 2188 548 2220 et
577 2192 703 2230 saepe
734 2179 901 2230 patitur,
931 2178 1020 2219 sive
1051 2178 1176 2218 etiam
1207 2183 1377 2230 propter
1407 2177 1594 2229 pericula
1623 2185 1663 2218 et
1683 2176 1817 2216 vicis-

228 2245 457 2293 situdines,
488 2244 636 2297 quibus
665 2244 876 2296 publicum
905 2243 1116 2283 aerarium
1147 2243 1348 2282 subiacet.
1379 2243 1630 2289 Praeterea,
1663 2239 1818 2293 agendi

228 2312 354 2360 ratio,
387 2324 511 2364 quam
541 2309 774 2350 adversarii
804 2315 1058 2362 proponunt,
1090 2309 1392 2348 nocentissima
1422 2314 1486 2348 est
1514 2306 1696 2347 libertati
1727 2307 1812 2345 Ec-

229 2378 385 2419 clesiae
402 2384 442 2418 et
462 2377 551 2417 eius
571 2382 749 2416 naturae
764 2389 1021 2428 repugnans.
1040 2377 1175 2415 Nocet
1191 2375 1354 2427 quidem
1376 2373 1556 2413 libertati
1578 2371 1817 2419 Ecclesiae,

230 2443 325 2496 quia
357 2442 417 2482 sic
448 2441 583 2481 civilis
613 2447 800 2494 potestas
830 2439 1018 2492 perfacili
1048 2439 1183 2478 medio
1206 2438 1359 2491 potitur
1386 2436 1622 2477 adducendi
1647 2436 1818 2474 Clerum

231 2520 309 2559 quo
340 2507 450 2555 velit,
482 2520 577 2546 cum
607 2505 685 2558 ipsi
714 2504 924 2545 resistenti
955 2503 1207 2556 stipendium
1237 2516 1395 2555 negare
1425 2501 1570 2554 possit.
1593 2501 1824 2551 Repugnat

230 2579 369 2614 autem
398 2581 573 2613 naturae
604 2571 844 2619 Ecclesiae,
876 2570 972 2624 quia
1000 2571 1080 2610 hoc
1110 2569 1232 2609 modo
1265 2568 1480 2609 clericalis
1504 2565 1615 2606 Ordo
1650 2565 1825 2604 assimi—

228 2637 337 2676 latur
366 2636 595 2676 conditioni
625 2635 807 2675 civilium
829 2634 1182 2682 administrorum,
1205 2640 1329 2686 atque
1352 2632 1410 2671 ita
1431 2631 1542 2670 facto
1565 2630 1716 2669 saltem
1738 2641 1817 2667 ne-

231 2708 357 2755 gatur
387 2701 636 2742 exsistentia
665 2700 982 2741 ecclesiasticae
1004 2699 1219 2740 societatis
1248 2705 1502 2750 tamquama
1536 2695 1647 2735 civili
1670 2693 1822 2733 (listin—

235 2777 330 2810 ctae
367 2775 492 2822 atque
522 2768 850 2820 independentis.
895 2767 1041 2814 Quivis
1075 2767 1184 2807 enim
1227 2766 1416 2805 minister
1457 2763 1506 2803 ab
1537 2776 1588 2803 ea
1618 2761 1823 2802 societate

239 2834 448 2887 stipendia
477 2832 665 2885 recipere
697 2833 830 2882 debet,
862 2833 982 2872 cuius
1011 2831 1238 2871 ministerio
1261 2829 1456 2882 fungitur,
1482 2842 1531 2868 ac
1552 2826 1728 2881 proinde
1749 2824 1818 2878 qui

235 2912 261 2938 a
291 2899 402 2938 civili
434 2911 528 2938 eam
559 2896 734 2949 recipit,
765 2903 809 2936 ut
839 2897 928 2937 eius
953 2896 1244 2936 istrumentum
1275 2893 1578 2933 consideratur.
