1970 3203
188 217 323 245 CAPUT
351 217 387 242 11.
417 215 469 242 DE
497 215 763 243 OPERATIONE
785 216 964 244 HUMANA
985 217 1124 243 PROUT
1145 216 1389 243 OEDINATUR
1411 217 1451 241 IN
1472 215 1599 243 FINEM
1627 207 1677 243 45

164 291 450 344 Uryeteodem
469 292 576 329 loco:
599 291 674 330 «Si
691 304 870 343 quaeras
891 304 943 331 ex
971 291 1061 330 istis
1076 291 1327 331 hominibus:
1351 291 1400 330 de
1431 291 1675 342 quibusnam

110 359 204 409 lege
219 361 393 395 naturae
422 354 692 406 disponatur?
721 356 983 407 respondent:
1006 356 1054 394 de
1075 354 1137 403 iis,
1155 368 1260 408 quae
1279 368 1351 407 per
1372 368 1416 394 se
1434 362 1581 394 natura
1601 368 1678 395 sua

114 421 289 460 honesta
318 419 384 457 vel
414 418 548 470 turpia
567 425 674 459 sunt.
697 419 770 458 Sin
790 418 961 459 ulterius
982 432 1179 470 quaeras:
1211 432 1416 471 quaenam
1438 425 1575 458 autem
1597 421 1680 460 sint

111 485 182 525 illa
197 497 268 536 per
284 497 329 524 se
345 489 384 523 et
402 489 553 523 natura
573 497 649 524 sua
665 484 844 524 honesta
861 484 924 524 vel
947 484 1080 536 turpia
1092 483 1109 522 '?
1130 484 1230 523 nihil
1248 484 1359 523 aliud
1380 485 1550 533 habent,
1572 487 1680 538 quod

110 549 403 602 respondeant,
433 563 557 601 quam
588 563 638 589 ea
667 550 715 589 de
745 550 892 602 quibus
921 550 1014 602 lege
1042 556 1215 589 naturae
1247 550 1486 602 disponitur.
1524 567 1545 589 »

162 614 212 653 R.
243 613 443 652 Mentitur
481 614 602 665 plane
632 614 952 660 Puffendorfius,
983 614 1078 653 dum
1109 613 1310 653 circulum
1345 615 1456 654 hunc
1487 614 1679 654 vitiosum

112 679 262 720 obiicit.
294 679 507 719 Sententia
537 679 659 728 enim,
681 693 801 732 quam
827 679 1050 731 sequimur,
1073 679 1149 719 etsi
1174 685 1329 718 statuat
1349 680 1484 732 legem
1505 689 1679 720 naturae

113 746 163 786 de
192 745 242 786 iis
273 745 502 797 disponere,
533 758 638 798 quae
668 759 741 797 per
769 758 814 785 se
842 753 937 784 sunt
965 746 1142 785 honesta
1172 745 1237 784 vel
1267 745 1412 796 turpia;
1437 752 1572 785 tamen
1596 758 1680 785 non

112 808 336 861 respondet
365 821 414 847 ea
444 821 537 848 esse
566 809 744 849 honesta
763 810 827 849 vel
844 809 989 862 turpia,
1021 809 1070 848 de
1099 808 1246 861 quibus
1266 810 1358 861 lege
1393 816 1567 849 naturae
1588 809 1678 849 dis-

111 874 287 927 ponitur;
317 874 390 914 sed
420 887 524 926 quae
555 874 784 914 conformia
813 883 909 916 sunt
938 875 1004 914 vel
1035 875 1205 915 dissona
1233 882 1408 914 naturae
1438 888 1588 923 rerum,
1629 889 1680 916 ac

113 940 287 993 proinde
318 939 528 979 dictamini
559 940 723 980 divinae
753 941 994 993 sapientiae,
1011 941 1119 993 quod
1139 940 1259 980 nobis
1289 941 1521 981 naturalem
1543 954 1680 980 rerum

112 1007 299 1046 ordinem
329 1005 608 1046 scrutantibus
638 1006 938 1046 manifestatur.

159 1073 305 1113 Instat
334 1072 532 1124 denique:
554 1073 624 1111 «Ι.
658 1072 855 1112 Admissa
888 1072 970 1112 hac
1004 1072 1227 1120 sententia,
1258 1072 1299 1111 in
1331 1072 1507 1112 obscuro
1537 1080 1678 1113 manet

111 1136 278 1189 quinam
300 1136 462 1176 demum
485 1135 568 1175 sint
587 1135 645 1174 illi
665 1142 784 1175 actus
805 1136 846 1175 in
867 1149 911 1176 se
932 1136 1073 1182 illiciti,
1093 1142 1133 1176 et
1152 1150 1233 1189 quo
1256 1136 1408 1176 iudicio
1433 1137 1484 1175 ab
1505 1136 1599 1177 aliis
1616 1150 1682 1176 ac-

108 1201 217 1240 tibus
237 1199 390 1252 liquido
409 1199 759 1249 internoscantur;
776 1213 882 1252 quae
902 1200 998 1240 item
1014 1199 1120 1239 ratio
1135 1200 1189 1240 sit
1205 1201 1395 1251 proxima
1412 1213 1538 1252 quare
1554 1200 1680 1239 iidem

109 1264 215 1304 tales
235 1262 328 1303 sint.
360 1264 412 1302 II.
443 1263 621 1310 Quilibet
640 1270 760 1303 actus
781 1263 885 1304 citra
905 1265 1039 1317 legem
1060 1270 1155 1304 sunt
1175 1264 1344 1303 omnino
1383 1265 1684 1304 indifferentes.

108 1327 288 1367 Remota
317 1326 426 1365 enim
456 1327 561 1380 lege,
592 1334 830 1367 removetur
858 1327 1052 1380 quidquid
1082 1334 1145 1367 est
1174 1329 1331 1368 morale
1361 1328 1402 1367 in
1432 1334 1529 1367 actu
1548 1328 1634 1367 illo.
1660 1344 1679 1367 »

162 1392 212 1431 R.
235 1391 492 1440 Obscuritas‚
514 1406 637 1444 quam
658 1394 965 1433 Puffendorfius
985 1394 1116 1446 fingit,
1138 1394 1306 1433 minime
1327 1395 1522 1445 sequitur.
1545 1395 1686 1434 Ratio-

109 1456 175 1496 nis
205 1456 314 1496 enim
343 1456 511 1505 lumine,
541 1458 727 1498 ordinem
757 1465 931 1499 naturae
956 1459 1259 1507 manifestante,
1292 1461 1490 1500 docemur
1519 1461 1587 1514 qui
1618 1474 1685 1500 ac-

110 1525 178 1577 tus
194 1520 289 1559 boni
307 1520 388 1559 sint
418 1521 481 1560 vel
512 1520 620 1570 mali,
637 1528 840 1574 quatenus
861 1523 916 1562 illi
933 1522 1184 1574 respondent
1200 1524 1263 1562 vel
1281 1525 1584 1564 contradicunt.
1608 1526 1685 1562 Im—

114 1596 183 1622 mo
212 1582 347 1634 potius
377 1583 420 1622 in
450 1585 660 1624 contraria
688 1585 905 1633 sententia,
926 1585 976 1625 de
998 1591 1171 1626 externa
1198 1586 1357 1626 scilicet
1392 1593 1430 1626 et
1459 1587 1686 1627 adventitia

111 1646 344 1687 moralitate
360 1653 526 1686 actuum
544 1648 832 1696 humanorum,
845 1649 950 1688 haec
970 1649 1204 1688 obscuritas
1222 1649 1457 1698 haberetur;
1474 1663 1557 1690 non
1576 1650 1685 1690 enim

111 1710 277 1750 aliunde
294 1710 390 1762 quid
410 1711 474 1751 sas
495 1712 547 1751 sit
568 1712 632 1751 vel
652 1711 771 1752 nefas
792 1718 985 1752 constare
1005 1719 1159 1764 posset,
1181 1713 1261 1752 nisi
1285 1726 1338 1752 ex
1360 1713 1500 1752 divina
1529 1713 1686 1752 revela-

112 1776 236 1825 tione3
268 1789 374 1828 quae
399 1790 425 1816 a
446 1777 583 1816 multis
614 1790 696 1817 non
718 1778 955 1826 admittitur,
977 1791 1002 1817 a
1023 1778 1162 1818 multis
1183 1778 1306 1818 etiam
1330 1779 1598 1818 adulteratur.
1621 1779 1686 1817 Ad

114 1843 291 1882 alterum
312 1855 412 1882 vero
431 1849 573 1895 repeto
594 1844 702 1895 quod
718 1850 814 1882 ante
836 1843 931 1891 dixi,
952 1843 1142 1882 nimirum
1163 1844 1198 1883 si
1218 1856 1292 1896 pro
1315 1845 1408 1896 lege
1428 1844 1687 1896 intelligatur

113 1907 340 1960 dispositio,
364 1921 469 1960 quae
502 1922 528 1948 a
547 1908 678 1948 libera
698 1908 773 1949 Dei
797 1909 1008 1948 voluntate
1032 1910 1244 1961 procedat,
1271 1909 1420 1949 falsum
1459 1922 1553 1949 esse
1589 1915 1687 1948 ante

109 1974 244 2026 ipsam
260 1987 405 2015 ornnes
422 1980 540 2013 actus
557 1987 651 2014 esse
668 1974 963 2023 indifferentes,
981 1974 1151 2027 ipsaque
1167 1983 1387 2021 summota,
1406 1975 1684 2019 moralitatem

110 2050 278 2077 omnem
302 2037 507 2077 removeri
528 2039 602 2089 (1).
626 2038 698 2077 Sin
718 2051 791 2089 pro
812 2039 905 2089 lege
925 2038 1178 2090 intelligatur
1207 2039 1347 2078 divina
1376 2038 1594 2089 sapientia,
1616 2051 1687 2077 re-

114 2116 207 2143 rum
229 2103 434 2142 essentias
454 2103 696 2143 necessario
717 2103 892 2151 dictans;
914 2116 1057 2143 verum
1078 2103 1168 2143 sine
1189 2104 1311 2143 dubio
1333 2106 1410 2143 erit
1431 2110 1526 2144 ante
1546 2104 1681 2156 ipsam

115 2167 216 2207 nihil
233 2169 401 2209 omnino
414 2169 549 2221 quoad
565 2174 781 2208 creaturas
797 2169 921 2208 etiam
941 2168 1160 2221 possibiles
1178 2170 1339 2221 concipi
1356 2183 1492 2221 posse,
1510 2170 1584 2210 sed
1603 2178 1689 2209 tan-

118 2239 205 2270 tum
227 2230 407 2270 divinam
425 2231 662 2280 essentiam,
684 2245 789 2284 quae
810 2232 862 2271 sit
881 2235 1095 2285 exemplar
1113 2240 1319 2273 remotum
1342 2234 1526 2273 omnium
1549 2246 1689 2273 rerum

113 2295 387 2347 possibilium,
404 2302 444 2336 et
460 2310 565 2349 quae
581 2298 633 2336 ad
649 2298 741 2337 illas
758 2298 1053 2350 concipiendas
1070 2299 1234 2339 divinae
1249 2299 1549 2351 intelligentiae
1570 2313 1687 2352 prae-

115 2360 210 2401 beat
240 2360 566 2401 fundamentum.
596 2364 651 2401 At
680 2363 720 2402 id
750 2377 843 2402 cum
873 2369 1017 2404 nostra
1046 2364 1256 2406 sententia
1294 2365 1463 2404 minime
1501 2371 1690 2417 pugnat,

115 2423 190 2462 sed
220 2436 392 2475 prorsus
416 2425 551 2465 amice
581 2427 820 2466 concordat.

159 2551 209 2591 (1)
235 2552 330 2584 Sunt
352 2553 391 2585 in
416 2554 493 2595 Zegse
520 2553 652 2587 diuina
670 2555 857 2598 quaedam
873 2561 1087 2599 praecepta,
1104 2557 1194 2600 quiec
1212 2558 1325 2596 boruz,-
1343 2557 1587 2600 etprohibita,
1604 2557 1694 2600 quia

117 2604 237 2642 meda,-
256 2606 444 2648 quaedam
468 2617 552 2640 uero
576 2609 685 2647 bona,
708 2610 799 2652 quia
809 2614 1028 2653 praecepta,
1045 2614 1079 2644 et
1095 2612 1201 2645 mala
1218 2612 1308 2655 quia
1326 2612 1529 2655 prohibita.
1545 2613 1581 2645 S.
1598 2613 1693 2644 '1'110-

115 2667 196 2697 MAS,
220 2659 374 2694 Samma
399 2661 444 2693 th.
469 2662 510 2694 2:
538 2663 594 2695 ἓν
623 2672 653 2703 q.
678 2664 781 2695 LVII.
805 2674 834 2696 a.
858 2665 886 2703 2,
910 2665 954 2696 ad
979 2665 1008 2697 3.
