1970 3203
237 209 314 248 172
583 223 648 250 ms
677 222 1030 250 NATURAE-PARS
1060 224 1084 250 1.
1113 224 1180 251 ms
1209 224 1475 253 1ND1V1DUALE

233 294 342 332 Hinc
361 307 412 334 ea
428 308 522 343 xox,
540 295 592 334 ad
609 309 748 335 mores
766 298 981 346 translata,
999 311 1024 338 a
1040 298 1350 340 iurisconsultis
1365 302 1591 342 assumitur
1608 302 1660 342 ad
1679 302 1817 355 expri-

233 359 429 398 mendum
447 360 686 409 dominium,
709 363 817 414 quod
832 376 904 415 pe1
907 377 1012 403 sona
1029 363 1168 416 aliqua
1183 365 1309 404 habet
1324 372 1516 418 respectu
1537 380 1688 416 rerum,
1707 381 1810 426 quas

234 422 288 460 ad
317 423 380 462 sui
411 425 628 465 utilitatem
660 426 738 466 sibi
767 427 978 477 adsciscit,
1001 435 1040 468 et
1058 429 1217 468 defimri
1250 435 1395 481 potest:
1417 431 1626 471 Facultas
1660 432 1807 485 ἀωρο-

231 490 363 528 nenda
374 504 433 542 pr
436 504 458 529 o
481 491 597 530 libato
620 492 670 531 de
691 507 736 532 re
756 494 918 547 alzqua,
939 495 1114 548 ipsaque
1132 496 1288 545 utendz,
1306 497 1456 536 ceteris
1471 499 1666 539 eoeclaszs.
1693 499 1813 546 Quae

232 552 455 606 descriptio
485 556 780 607 proprietatem
803 559 995 611 designat
1015 560 1226 600 abstracte
1246 567 1467 614 sumptam;
1488 577 1586 603 nam
1607 574 1802 604 concrete

230 618 323 670 ipsa
352 633 444 669 res,
475 635 581 673 quae
612 623 672 662 sic
703 624 904 673 habetur,
936 626 1042 666 solet
1071 640 1118 666 eo
1139 627 1306 667 nomine
1337 627 1580 681 significari.
1609 630 1800 670 Actualis

229 690 368 724 autem
401 685 582 727 detentio
613 688 697 734 rei,
730 703 822 729 cum
849 690 990 730 animo
1021 704 1114 731 eam
1135 691 1316 732 habendi
1338 698 1550 745 tamquam
1579 694 1805 746 propriam,

218 751 434 802 possessio
464 754 714 804 nominatur,
738 769 844 808 quae
875 769 969 796 esse
991 763 1125 809 potest
1155 758 1347 810 legsitc'ma
1369 759 1433 798 vel
1457 759 1692 812 illegitima,
1713 774 1802 811 pro-

226 824 270 855 ut
298 816 408 857 iusto
439 819 555 859 titulo
586 819 783 860 fundatur
813 828 884 861 aut
914 836 1051 862 secus.

279 882 341 922 70.
371 883 457 923 Duo
478 884 718 925 elementa.
750 886 806 925 Ut
827 900 879 926 ex
901 888 1028 927 allata
1049 888 1289 929 definitione
1309 894 1432 941 patet,
1456 890 1536 930 duo
1558 890 1598 929 in
1618 891 1802 944 proprie-

224 950 307 985 tate
325 947 602 988 continentur.
619 950 807 989 Alterum
829 958 892 990 est
921 952 984 991 ius
1004 952 1186 993 habendi
1218 959 1256 993 et
1271 954 1479 993 tractandi
1500 967 1587 993 rem
1605 960 1648 994 ut
1669 969 1801 1004 suam,

222 1019 344 1065 atque
365 1013 458 1053 ideo
476 1015 527 1053 ad
547 1016 756 1067 propriam
773 1018 991 1058 utilitatem
1011 1019 1248 1068 adhibendi,
1266 1019 1552 1068 consumendi,
1573 1021 1799 1071 alienandi,

223 1086 262 1118 et
292 1079 492 1129 similiter3
524 1082 700 1121 alterum
730 1097 829 1123 vero
852 1091 915 1124 est
934 1085 998 1124 ius
1029 1086 1276 1125 excludendi
1304 1092 1466 1126 ceteros
1496 1086 1548 1126 ab
1569 1087 1716 1127 iisdem
1736 1101 1803 1127 ac-
1847 1093 1850 1096 ’

223 1145 332 1184 tibus
362 1147 622 1187 exercendis.
656 1149 838 1189 Primum
872 1151 1142 1202 aptitudinem
1173 1152 1232 1192 rei
1262 1152 1456 1192 subaudit
1486 1165 1561 1192 seu
1582 1155 1801 1206 capacita—

221 1217 304 1251 tem
335 1212 523 1252 utilitatis
554 1215 807 1264 afferendae;
839 1217 1046 1269 posterius
1075 1232 1129 1258 ex
1159 1218 1343 1258 eiusdem
1365 1219 1424 1258 rei
1446 1219 1690 1259 limitatione
1712 1233 1800 1272 pro-

222 1279 342 1327 cedit3
374 1287 582 1332 quatenus
612 1294 679 1321 res
709 1282 780 1321 illa
805 1283 899 1322 talis
920 1285 984 1332 sit,
1016 1290 1058 1323 ut
1080 1284 1168 1323 usui
1185 1284 1369 1336 pluribus
1395 1298 1488 1325 esse
1511 1292 1700 1338 nequeat,
1724 1286 1798 1326 sed

220 1345 477 1395 necessario,
509 1347 543 1385 si
574 1347 643 1385 uni
670 1350 809 1397 servit,
840 1349 934 1389 aliis
964 1350 1123 1390 servire
1153 1363 1234 1389 non
1266 1351 1408 1403 possit.
1427 1353 1535 1391 Nam
1558 1351 1592 1390 si
1613 1357 1676 1391 est
1697 1352 1806 1392 eius—

219 1409 344 1457 modi,
366 1416 409 1449 ut
429 1411 622 1451 omnibus
644 1426 776 1464 aeque
797 1414 1044 1454 satisfacere
1066 1415 1215 1464 valeat,
1238 1415 1354 1454 nulla
1373 1415 1479 1455 ratio
1503 1416 1615 1467 viget
1636 1429 1708 1454 cur
1729 1429 1802 1455 ce-

218 1474 294 1514 teri
316 1474 368 1513 ab
391 1475 576 1515 eiusdem
595 1477 864 1528 possessione
886 1485 925 1518 et
948 1478 1122 1518 utilitate
1140 1479 1429 1519 excludantur.
1448 1479 1586 1525 Quare
1608 1492 1674 1518 res
1690 1478 1800 1528 illae,

216 1553 322 1591 quae
353 1541 465 1580 nullo
488 1554 564 1581 usu
585 1542 900 1592 exhauriuntur,
922 1544 996 1583 sed
1018 1544 1069 1584 ob
1090 1544 1304 1596 ingentem
1324 1544 1388 1583 sui
1416 1544 1578 1596 copiam
1601 1544 1797 1585 omnibus

219 1603 341 1643 simul
364 1605 558 1645 sufficere
578 1613 766 1658 possunt,
784 1608 1048 1660 proprietatis
1069 1608 1277 1648 obiectum
1299 1622 1394 1648 esse
1415 1614 1636 1661 nequeunt,
1659 1622 1797 1660 quem-

220 1670 444 1710 admodum
477 1679 540 1712 est
569 1679 653 1721 aer,
684 1687 896 1722 oceanus,
927 1676 998 1714 lux
1044 1681 1084 1715 et
1113 1675 1276 1713 similia.
1312 1676 1442 1714 Porro
1474 1689 1526 1715 ex
1556 1675 1644 1715 iure
1695 1674 1802 1714 alios

217 1736 467 1775 excludendi
498 1738 674 1789 emergit
703 1738 767 1777 ius
798 1737 1035 1777 vindicandi
1064 1738 1212 1778 iterum
1242 1737 1318 1776 sibi
1348 1751 1462 1786 rem,
1493 1738 1528 1777 si
1568 1738 1673 1777 alter
1704 1751 1797 1777 eam

219 1800 372 1840 iniuste
401 1801 629 1853 usurpavit.

272 1868 332 1906 71.
355 1867 589 1908 Dominium
609 1868 812 1909 dividitur
841 1869 884 1908 in
912 1870 1146 1919 perfectum
1167 1873 1210 1909 et
1234 1870 1539 1921 imperfectum.
1563 1868 1803 1908 Dominium

220 1945 315 1972 esse
346 1939 481 1985 potest
510 1935 574 1973 vel
598 1936 840 1986 perfectam
870 1936 934 1974 vel
968 1935 1273 1988 imperfectum.
1305 1935 1542 1974 Dominium
1573 1934 1801 1987 perfectum

217 1999 510 2050 complectitur
522 2008 662 2051 partes
674 2000 931 2040 omnesiuris
944 2001 1058 2041 circa
1074 2015 1284 2054 rem,quas
1301 2001 1493 2054 superius
1514 2001 1802 2050 indicavimus;

217 2076 295 2102 nec
325 2070 485 2102 tantum
507 2064 596 2104 eius
626 2065 936 2117 possessionem
968 2065 1153 2113 includit,
1170 2066 1245 2105 sed
1264 2065 1329 2105 ius
1348 2066 1472 2105 etiam
1494 2065 1690 2118 carpendi
1707 2066 1797 2105 sru-

217 2135 310 2169 ctus
340 2138 379 2170 et
409 2131 702 2180 emolumenta,
725 2138 924 2185 quotquot
945 2146 997 2173 ex
1016 2132 1109 2184 ipsa
1129 2132 1326 2172 obvenire
1353 2139 1536 2185 possunt.
1560 2131 1800 2171 Dominium

215 2194 502 2247 imperfectum
534 2204 608 2245 est,
631 2199 739 2250 quod
760 2199 956 2238 alterutro
986 2199 1135 2238 horum
1156 2205 1312 2238 careat:
1334 2204 1374 2238 et
1395 2203 1569 2238 vocatur
1584 2199 1795 2238 directam

214 2261 248 2301 si
279 2263 413 2302 solam
444 2263 501 2303 rei
532 2264 826 2316 proprietatem
856 2265 1064 2318 respiciat;
1095 2264 1244 2304 dicitur
1270 2270 1408 2304 autem
1441 2265 1554 2313 utile,
1577 2264 1610 2304 si
1633 2264 1794 2317 absque

214 2327 272 2366 rei
303 2327 567 2378 proprietate,
598 2329 874 2382 restringatur
903 2330 956 2370 ad
985 2330 1120 2370 solum
1156 2343 1275 2369 usum
1307 2330 1373 2369 vel
1403 2329 1526 2369 etiam
1557 2329 1727 2378 fructus,
1759 2329 1797 2368 si

218 2391 267 2429 de
297 2403 341 2429 re
371 2390 570 2441 frugifera
598 2393 746 2444 agitur.

270 2457 331 2495 7¹³2.
364 2457 465 2505 Quid
495 2457 561 2496 hic
591 2459 863 2498 tractandum
894 2459 1160 2500 assumimus.
1184 2459 1303 2506 Quod
1322 2459 1448 2498 homo
1479 2458 1704 2498 dominium
1726 2458 1799 2497 ha-

217 2518 314 2558 bere
344 2520 488 2571 possit,
510 2529 554 2560 ut
573 2521 631 2560 ita
652 2521 800 2570 dicam,
823 2523 1137 2572 transitorium,
1154 2537 1226 2575 pro
1248 2524 1423 2564 utilitate
1445 2523 1647 2575 capienda
1663 2535 1714 2561 ex
1736 2535 1795 2561 re-

217 2581 307 2631 bus,
339 2597 511 2635 quarum
542 2598 644 2625 usus
674 2594 745 2627 aut
776 2588 1037 2640 consumptio
1068 2588 1312 2627 necessaria
1341 2594 1404 2628 est
1433 2588 1486 2626 ad
1525 2599 1569 2625 se
1601 2585 1800 2624 alendum

216 2652 666 2704 conservandumque;
699 2653 854 2692 nullam
886 2654 1173 2694 difficultatem
1219 2655 1401 2706 praebet.
1434 2653 1545 2693 Satis
1580 2653 1689 2692 enim
1721 2666 1792 2705 per

217 2725 264 2751 se
293 2720 405 2764 patet
434 2714 644 2755 hominem
675 2728 868 2769 respectu
898 2718 1119 2758 exterioris
1152 2726 1329 2759 naturae
1354 2718 1623 2758 constitutum
1653 2730 1748 2757 csse
1776 2731 1802 2756 a

219 2779 307 2819 Deo
353 2788 562 2832 tamquam
607 2784 730 2822 finem
753 2817 762 2832 ,
795 2791 838 2824 ut
869 2785 993 2824 rebus
1012 2817 1020 2833 ‚
1050 2798 1155 2837 quas
1189 2785 1262 2824 illa
1292 2784 1504 2832 continet,
1534 2784 1698 2824 iuvetur
1747 2784 1800 2823 ad

219 2855 264 2881 se
295 2845 630 2884 conservandum
653 2855 776 2899 atque
798 2849 1108 2900 perficiendum.
1130 2849 1162 2887 E
1186 2848 1333 2901 quibus
1354 2849 1577 2901 pleraeque
1598 2862 1693 2888 cum
1714 2847 1800 2889 sint

218 2907 431 2958 eiusmodi,
463 2915 506 2948 ut
536 2922 608 2961 pro
639 2910 815 2951 utilitate
845 2912 968 2951 unius
999 2918 1284 2964 consumptae,
1314 2912 1380 2951 vel
1419 2912 1542 2952 etiam
1574 2911 1795 2959 adhibitae,
