1970 3203
237 218 316 259 218
603 232 668 259 ius
698 230 900 258 NATURAE
921 240 942 246 —
963 229 1071 258 PARS
1101 231 1220 259 11.1us
1248 230 1419 259 soeiALE

237 309 392 349 nititur.
424 309 637 349 Eiusmodi
669 309 922 350 familiarum
953 311 1253 363 congregatio,
1285 311 1370 350 iam
1399 319 1528 353 antea
1551 314 1595 353 in
1632 313 1750 354 vicos
1782 320 1823 355 et

239 385 372 424 pagos
389 373 730 423 coalescentium,
740 376 972 428 appellatur
985 374 1136 415 civitas
1148 389 1157 424 ;
1173 388 1280 427 quae
1291 376 1462 428 proinde
1474 377 1637 418 definiri
1653 390 1778 429 posse
1792 383 1822 428 t;

240 440 391 480 Coetus
412 442 632 493 perfectas
662 442 1078 489 homz'nurn‚i1trium
1109 442 1366 481 tuendorum
1397 450 1437 482 et
1454 445 1818 496 communisseli-

236 506 379 546 citatis
394 507 547 559 gratia
567 507 758 548 sociatus
777 510 851 559 (1).
876 509 995 548 Haec
1016 508 1210 557 societas,
1228 516 1272 548 ut
1287 514 1413 561 patet,
1435 524 1567 551 novas
1590 511 1821 553 relationes

235 570 395 610 homini
425 573 569 619 affert,
603 586 696 612 cum
725 573 862 625 ipsum
885 572 1010 614 veluti
1038 578 1200 625 partem
1231 573 1389 612 efficiat
1417 575 1518 614 novi
1548 575 1750 628 corporis;
1788 580 1827 615 et

236 648 392 675 novum
422 636 668 689 principium
690 638 847 677 ordinis
868 637 1059 690 exquirit,
1082 650 1155 689 pro
1177 636 1304 678 sociis
1334 637 1387 677 ad
1419 651 1684 679 communem
1714 652 1814 680 sco-

241 713 338 752 pum
368 705 493 753 atque
523 700 741 742 utilitatem
771 702 974 742 stabiliter
995 701 1234 754 dirigendis.

287 763 350 803 30.
381 765 665 805 Tractationis
694 766 882 817 partitio.
915 767 976 805 De
998 765 1078 804 hac
1099 764 1225 815 igitur
1256 764 1467 806 Societate
1498 765 1540 806 in
1569 766 1654 807 hoc
1686 767 1824 821 capite

238 827 445 869 disserere
467 841 571 881 opus
593 835 668 876 est,
698 836 742 868 ut
763 830 1062 882 dignoscamus
1083 842 1189 882 quae
1209 829 1302 869 iura
1332 836 1374 869 et
1396 829 1537 871 officia
1558 830 1709 871 exinde
1730 845 1823 884 pro-

239 893 383 932 fluant.
416 893 537 938 Quod
569 899 610 932 ut
639 894 819 933 breviter
848 899 888 933 et
917 894 1107 933 ordinate
1137 894 1236 942 fiat,
1265 893 1373 935 haec
1402 894 1668 946 potissimum
1696 896 1818 936 nobis

241 957 490 1010 explicanda
522 958 735 998 videntur:
766 958 959 998 nimirum
991 957 1127 997 civilis
1158 957 1381 999 Societatis
1411 958 1541 1011 origo,
1571 959 1679 1008 finis,
1712 965 1821 1000 stru-

241 1029 373 1073 ctura,
405 1024 562 1064 formae
593 1024 822 1077 regiminis,
854 1030 1041 1076 potestas
1072 1024 1243 1077 eiusque
1273 1023 1521 1074 functiones,
1543 1025 1683 1065 officia
1712 1025 1822 1065 inter

236 1090 511 1142 imperantem
544 1099 584 1130 et
614 1091 813 1132 subditos.
845 1092 910 1130 Ex
941 1104 1020 1144 quo
1050 1097 1177 1143 patet,
1204 1105 1231 1131 a
1259 1092 1380 1132 nobis
1401 1091 1469 1131 hic
1501 1093 1722 1132 tractanda
1742 1105 1817 1131 su-

236 1153 342 1206 scipi
372 1154 578 1206 principia
608 1155 868 1194 universalia
897 1156 1022 1195 Iuris
1049 1155 1212 1208 publici
1230 1171 1244 1203 ,·
1276 1170 1351 1197 seu
1381 1157 1585 1209 principia
1613 1156 1684 1197 illa
1713 1157 1815 1196 iuris

234 1220 441 1261 naturalis
461 1233 567 1273 quae
585 1221 750 1261 civilem
781 1221 1027 1261 societatem
1048 1222 1282 1274 generatim
1303 1223 1546 1276 respiciunt,
1570 1230 1693 1276 atque
1725 1236 1820 1262 om-

238 1284 362 1325 nibus
394 1284 580 1325 Statibus
609 1286 848 1325 communia
878 1292 984 1325 sunt.

886 1482 1133 1522 ARTICULUS
1165 1483 1195 1522 Ι.

631 1614 698 1654 De
729 1615 929 1654 naturali
958 1615 1145 1655 hominis
1173 1615 1426 1655 socialitate.

292 1745 354 1783 31.
385 1745 513 1786 Error
539 1747 883 1797 protestantium.
907 1746 1162 1786 Heterodoxi
1186 1745 1271 1786 fere
1291 1760 1450 1795 omnes,
1473 1747 1541 1799 qui
1566 1748 1616 1786 de
1637 1747 1723 1786 iure
1745 1758 1826 1786 na-

238 1809 364 1848 turali
395 1810 663 1862 scripserunt,
696 1811 862 1851 civilem
893 1811 1137 1851 societatem
1176 1811 1344 1850 nonnisi
1375 1825 1400 1850 a
1437 1811 1572 1851 libera
1606 1811 1822 1851 hominum

237 1873 520 1912 conventione
556 1874 807 1913 derivarunt.
842 1874 950 1914 Hinc
971 1876 1131 1914 statum
1153 1877 1350 1923 naturae,
1373 1880 1416 1914 ut
1445 1874 1574 1923 aiunt,
1591 1874 1816 1915 commenti

237 1942 346 1986 sunt,
368 1951 448 1990 quo
465 1938 660 1978 homines
677 1952 897 1991 segregem
916 1939 1044 1978 vitam
1060 1946 1247 1992 agerent,
1263 1940 1481 1992 ipsumque
1497 1940 1565 1980 alii
1587 1942 1814 1991 utsccctam

235 2005 366 2052 reale,
392 2004 462 2043 alii
492 2012 536 2043 ut
555 2006 686 2044 solam
699 2005 934 2057 fictionem,
957 2005 1188 2046 scientifice
1210 2006 1469 2059 requisitam,
1501 2007 1814 2047 adstruxerunt.

239 2067 321 2107 Sed
350 2069 606 2120 posteriores
636 2069 714 2107 hos
745 2069 934 2109 refellere
965 2083 1048 2109 non
1079 2075 1266 2121 oportet3
1299 2084 1393 2109 cum
1423 2070 1525 2110 satis
1555 2084 1626 2122 per
1648 2084 1694 2110 se
1725 2071 1816 2111 cla-

238 2137 355 2179 reat,
388 2131 612 2182 pessimam
644 2145 738 2172 esse
769 2133 1092 2185 philosophandi
1123 2134 1352 2174 rationem:
1395 2133 1634 2174 fictionibus
1664 2135 1722 2175 uti
1762 2136 1816 2175 ad

235 2209 373 2236 rerum
404 2204 597 2235 naturam
620 2203 659 2236 et
680 2197 905 2238 relationes
928 2197 1214 2250 explicandas.
1239 2199 1394 2237 Poterit
1414 2197 1553 2251 utique
1574 2211 1693 2238 mens
1713 2199 1818 2238 abs-

233 2260 437 2300 tractione
467 2273 556 2308 sua,
589 2261 629 2299 in
661 2261 822 2301 obiecto
852 2262 961 2314 quod
992 2262 1309 2313 contemplatur,
1340 2266 1556 2313 respectus
1586 2261 1725 2302 varios
1756 2262 1810 2301 di-

234 2325 460 2378 stinguere,
473 2332 596 2378 atque
614 2326 913 2379 cogitationem
930 2326 981 2366 ab
1000 2339 1082 2366 uno
1099 2339 1281 2367 avocare
1298 2327 1399 2366 etad
1410 2327 1539 2367 alium
1551 2335 1798 2369 convertere
1810 2359 1818 2366 .

284 2547 334 2588 (1)
362 2559 377 2576 «
402 2549 487 2580 Cum
513 2549 626 2582 onmis
652 2548 925 2581 communicatio
949 2549 1129 2581 hominum
1155 2549 1338 2581 ordinetur
1361 2550 1406 2582 ad
1423 2548 1557 2589 aliquid
1580 2547 1822 2579 necessarium

238 2599 415 2637 vitae,illa
432 2600 496 2631 crit
522 2602 684 2641 perfecta
709 2601 958 2640 communitas,
983 2611 1074 2642 quae
1098 2600 1286 2633 ordinatur
1309 2602 1354 2633 ad
1371 2602 1441 2633 hoc
1457 2600 1675 2640 quodliomo
1689 2599 1822 2632 habeat

239 2653 458 2686 sufficienter
483 2654 653 2695 quic-,quid
680 2659 736 2688 cst
759 2656 1003 2688 necessarium
1029 2655 1073 2687 ad
1097 2654 1216 2686 vitam.
1239 2654 1338 2686 Talis
1362 2656 1480 2686 autem
1505 2654 1742 2686 communitas
1766 2657 1823 2686 est

240 2706 376 2739 civitas.
402 2707 467 2738 Est
492 2707 582 2739 enim
606 2709 648 2740 de
673 2708 812 2741 ratione
838 2708 990 2741 civitatis
1016 2708 1113 2749 quod
1138 2707 1170 2738 in
1194 2717 1237 2739 ea
1258 2707 1478 2739 inveniantur
1502 2706 1629 2745 omnia,·
1643 2716 1734 2747 quae
1751 2708 1823 2740 suf-

236 2759 357 2791 ficiunt
372 2759 417 2791 ad
434 2758 541 2790 vitam
565 2760 765 2799 humanam,
789 2761 881 2794 sicut
898 2761 1070 2802 contingit
1095 2769 1188 2792 esse.
1204 2760 1248 2791 Et
1271 2762 1422 2801 propter
1434 2760 1504 2791 hoc
1527 2760 1753 2801 componitur
1770 2770 1815 2792 ex

242 2813 406 2854 pluribus
430 2813 528 2851 vicis,
550 2813 582 2845 in
607 2823 760 2854 quorum
783 2825 853 2847 uno
878 2818 1092 2847 exerceatur
1114 2823 1176 2847 ars
1201 2814 1348 2853 fabrilis,
1370 2814 1403 2846 in
1426 2814 1495 2847 alio
1520 2824 1580 2847 ars
1603 2814 1773 2853 textoria,
1789 2817 1823 2846 ct

244 2864 297 2896 sic
319 2865 363 2896 de
388 2863 476 2897 aliis.
500 2865 599 2897 Unde
624 2866 848 2898 manifestum
874 2869 931 2898 est
968 2866 1066 2906 quod
1091 2865 1215 2898 civitas
1242 2869 1298 2898 est
1336 2866 1573 2899 communitas
1607 2867 1780 2908 perfecta.
1806 2878 1821 2895 >›

240 2917 278 2948 S.
302 2917 422 2949 THOM.
446 2916 478 2948 in
501 2917 552 2948 1.ῐὶ1
589 2917 835 2949 Politicorzcm
858 2916 1083 2956 Aristotelis,
1107 2917 1188 2950 lect.
1211 2917 1232 2949 l.
