<?xml version="1.0" encoding="UTF-8"?>
<!DOCTYPE html PUBLIC "-//W3C//DTD XHTML 1.0 Transitional//EN"
    "http://www.w3.org/TR/xhtml1/DTD/xhtml1-transitional.dtd">
<html xmlns="http://www.w3.org/1999/xhtml" xml:lang="en" lang="en">
 <head>
  <title>
</title>
<meta http-equiv="Content-Type" content="text/html;charset=utf-8" />
  <meta name='ocr-system' content='tesseract 3.04.00' />
  <meta name='ocr-capabilities' content='ocr_page ocr_carea ocr_par ocr_line ocrx_word'/>
</head>
<body>
  <div class='ocr_page' id='page_1' title='image "./institutioneseth00libe_0175.png"; bbox 0 0 1970 3203; ppageno 0'>
   <div class='ocr_carea' id='block_1_1' title="bbox 458 195 1728 246">
    <p class='ocr_par' dir='ltr' id='par_1_1' title="bbox 458 195 1728 246">
     <span class='ocr_line' id='line_1_1' title="bbox 458 195 1728 246; baseline -0.001 -1"><span class='ocrx_word' id='word_1_1' title='bbox 458 219 594 246; x_wconf 88' lang='lat' dir='ltr'><strong>CAPUT</strong></span> <span class='ocrx_word' id='word_1_2' title='bbox 620 219 672 245; x_wconf 80' lang='lat' dir='ltr'>IV.</span> <span class='ocrx_word' id='word_1_3' title='bbox 703 218 756 244; x_wconf 93' lang='lat' dir='ltr'>DE</span> <span class='ocrx_word' id='word_1_4' title='bbox 786 218 953 245; x_wconf 83' lang='lat' dir='ltr'>OFFICIIS</span> <span class='ocrx_word' id='word_1_5' title='bbox 983 195 1153 245; x_wconf 82' lang='lat' dir='ltr'>HOMIle</span> <span class='ocrx_word' id='word_1_6' title='bbox 1182 217 1295 245; x_wconf 76' lang='lat' dir='ltr'><strong>ERGA</strong></span> <span class='ocrx_word' id='word_1_7' title='bbox 1326 217 1444 244; x_wconf 75' lang='lat' dir='ltr'>Amos</span> <span class='ocrx_word' id='word_1_8' title='bbox 1652 205 1728 244; x_wconf 68' lang='grc'><strong>17].</strong></span> 
     </span>
    </p>
   </div>
   <div class='ocr_carea' id='block_1_2' title="bbox 152 283 1728 1705">
    <p class='ocr_par' dir='ltr' id='par_1_2' title="bbox 156 283 1728 541">
     <span class='ocr_line' id='line_1_2' title="bbox 219 283 1724 345; baseline -0.003 -9"><span class='ocrx_word' id='word_1_9' title='bbox 219 296 346 337; x_wconf 80' lang='lat' dir='ltr'>Obiz&#39;c.</span> <span class='ocrx_word' id='word_1_10' title='bbox 377 297 427 334; x_wconf 91' lang='lat' dir='ltr'>V.</span> <span class='ocrx_word' id='word_1_11' title='bbox 458 293 652 334; x_wconf 89' lang='lat' dir='ltr'>Officium</span> <span class='ocrx_word' id='word_1_12' title='bbox 681 307 766 333; x_wconf 93' lang='lat' dir='ltr'>non</span> <span class='ocrx_word' id='word_1_13' title='bbox 795 283 929 345; x_wconf 86' lang='lat' dir='ltr'>potest</span> <span class='ocrx_word' id='word_1_14' title='bbox 949 294 1234 334; x_wconf 77' lang='lat' dir='ltr'>contradicere</span> <span class='ocrx_word' id='word_1_15' title='bbox 1257 292 1514 333; x_wconf 81' lang='lat' dir='ltr'>inclinationi</span> <span class='ocrx_word' id='word_1_16' title='bbox 1538 297 1724 332; x_wconf 89' lang='lat' dir='ltr'>naturae.</span> 
     </span>
     <span class='ocr_line' id='line_1_3' title="bbox 158 356 1728 412; baseline -0.004 -12"><span class='ocrx_word' id='word_1_17' title='bbox 158 359 281 412; x_wconf 86' lang='lat' dir='ltr'><strong>Atqui</strong></span> <span class='ocrx_word' id='word_1_18' title='bbox 310 363 373 398; x_wconf 86' lang='lat' dir='ltr'>est</span> <span class='ocrx_word' id='word_1_19' title='bbox 401 364 549 397; x_wconf 89' lang='lat' dir='ltr'>contra</span> <span class='ocrx_word' id='word_1_20' title='bbox 574 357 888 397; x_wconf 77' lang='lat' dir='ltr'>inclinationem</span> <span class='ocrx_word' id='word_1_21' title='bbox 919 363 1092 396; x_wconf 87' lang='lat' dir='ltr'>naturae</span> <span class='ocrx_word' id='word_1_22' title='bbox 1123 358 1294 410; x_wconf 78' lang='lat' dir='ltr'>diligere</span> <span class='ocrx_word' id='word_1_23' title='bbox 1323 356 1535 395; x_wconf 89' lang='lat' dir='ltr'>inimicum</span> <span class='ocrx_word' id='word_1_24' title='bbox 1561 370 1568 402; x_wconf 89' lang='lat'>;</span> <span class='ocrx_word' id='word_1_25' title='bbox 1600 363 1728 395; x_wconf 89' lang='lat' dir='ltr'>natu-</span> 
     </span>
     <span class='ocr_line' id='line_1_4' title="bbox 156 414 1724 473; baseline -0.002 -10"><span class='ocrx_word' id='word_1_26' title='bbox 156 414 296 465; x_wconf 79' lang='lat' dir='ltr'>raliter</span> <span class='ocrx_word' id='word_1_27' title='bbox 325 423 434 463; x_wconf 89' lang='lat' dir='ltr'>enim</span> <span class='ocrx_word' id='word_1_28' title='bbox 464 436 709 462; x_wconf 78' lang='lat' dir='ltr'>aversamur</span> <span class='ocrx_word' id='word_1_29' title='bbox 737 422 959 461; x_wconf 87' lang='lat' dir='ltr'>contraria.</span> <span class='ocrx_word' id='word_1_30' title='bbox 993 422 1106 473; x_wconf 83' lang='lat' dir='ltr'>Ergo</span> <span class='ocrx_word' id='word_1_31' title='bbox 1142 422 1305 462; x_wconf 89' lang='lat' dir='ltr'>dilectio</span> <span class='ocrx_word' id='word_1_32' title='bbox 1349 421 1612 461; x_wconf 89' lang='lat' dir='ltr'>inimicorum</span> <span class='ocrx_word' id='word_1_33' title='bbox 1640 435 1724 461; x_wconf 88' lang='lat' dir='ltr'>non</span> 
     </span>
     <span class='ocr_line' id='line_1_5' title="bbox 164 489 749 541; baseline -0.002 -11"><span class='ocrx_word' id='word_1_34' title='bbox 164 496 226 530; x_wconf 86' lang='lat' dir='ltr'>est</span> <span class='ocrx_word' id='word_1_35' title='bbox 254 489 372 528; x_wconf 85' lang='lat' dir='ltr'>iuxta</span> <span class='ocrx_word' id='word_1_36' title='bbox 399 489 533 541; x_wconf 84' lang='lat' dir='ltr'>legem</span> <span class='ocrx_word' id='word_1_37' title='bbox 562 495 749 529; x_wconf 88' lang='lat' dir='ltr'>naturae.</span> 
     </span>
    </p>

    <p class='ocr_par' dir='ltr' id='par_1_3' title="bbox 152 552 1724 737">
     <span class='ocr_line' id='line_1_6' title="bbox 206 552 1723 606; baseline -0.001 -13"><span class='ocrx_word' id='word_1_38' title='bbox 206 556 254 594; x_wconf 90' lang='lat' dir='ltr'>R.</span> <span class='ocrx_word' id='word_1_39' title='bbox 293 554 558 594; x_wconf 76' lang='lat' dir='ltr'>Transmitto</span> <span class='ocrx_word' id='word_1_40' title='bbox 591 554 690 603; x_wconf 76' lang='lat' dir='ltr'>mal,</span> <span class='ocrx_word' id='word_1_41' title='bbox 722 559 762 593; x_wconf 91' lang='lat' dir='ltr'>et</span> <span class='ocrx_word' id='word_1_42' title='bbox 791 566 895 606; x_wconf 63' lang='lat' dir='ltr'>nego</span> <span class='ocrx_word' id='word_1_43' title='bbox 928 554 1027 592; x_wconf 76' lang='lat' dir='ltr'>min.</span> <span class='ocrx_word' id='word_1_44' title='bbox 1059 553 1124 592; x_wconf 84' lang='lat' dir='ltr'>Ad</span> <span class='ocrx_word' id='word_1_45' title='bbox 1153 552 1311 604; x_wconf 90' lang='lat' dir='ltr'>probat.</span> <span class='ocrx_word' id='word_1_46' title='bbox 1339 565 1439 592; x_wconf 85' lang='lat' dir='ltr'>vero</span> <span class='ocrx_word' id='word_1_47' title='bbox 1470 553 1565 593; x_wconf 74' lang='lat' dir='ltr'>dist:</span> <span class='ocrx_word' id='word_1_48' title='bbox 1588 554 1723 592; x_wconf 88' lang='lat' dir='ltr'>Natu—</span> 
     </span>
     <span class='ocr_line' id='line_1_7' title="bbox 152 619 1724 671; baseline -0.001 -12"><span class='ocrx_word' id='word_1_49' title='bbox 152 620 292 659; x_wconf 89' lang='lat' dir='ltr'>raliter</span> <span class='ocrx_word' id='word_1_50' title='bbox 321 633 568 659; x_wconf 80' lang='lat' dir='ltr'>aversamur</span> <span class='ocrx_word' id='word_1_51' title='bbox 597 619 818 666; x_wconf 82' lang='lat' dir='ltr'>contraria,</span> <span class='ocrx_word' id='word_1_52' title='bbox 848 619 890 658; x_wconf 91' lang='lat' dir='ltr'>in</span> <span class='ocrx_word' id='word_1_53' title='bbox 921 624 1119 671; x_wconf 90' lang='lat' dir='ltr'>quantum</span> <span class='ocrx_word' id='word_1_54' title='bbox 1150 623 1246 656; x_wconf 87' lang='lat' dir='ltr'>sunt</span> <span class='ocrx_word' id='word_1_55' title='bbox 1276 619 1496 667; x_wconf 88' lang='lat' dir='ltr'>contraria,</span> <span class='ocrx_word' id='word_1_56' title='bbox 1527 633 1648 666; x_wconf 83' lang='lat' dir='ltr'>conc‚·</span> <span class='ocrx_word' id='word_1_57' title='bbox 1682 619 1724 657; x_wconf 89' lang='lat' dir='ltr'>in</span> 
     </span>
     <span class='ocr_line' id='line_1_8' title="bbox 155 683 1368 737; baseline -0.003 -12"><span class='ocrx_word' id='word_1_58' title='bbox 155 691 353 737; x_wconf 88' lang='lat' dir='ltr'>quantum</span> <span class='ocrx_word' id='word_1_59' title='bbox 383 699 466 725; x_wconf 94' lang='lat' dir='ltr'>non</span> <span class='ocrx_word' id='word_1_60' title='bbox 495 691 591 725; x_wconf 88' lang='lat' dir='ltr'>sunt</span> <span class='ocrx_word' id='word_1_61' title='bbox 620 685 841 733; x_wconf 84' lang='lat' dir='ltr'>contraria,</span> <span class='ocrx_word' id='word_1_62' title='bbox 872 684 946 724; x_wconf 90' lang='lat' dir='ltr'>sed</span> <span class='ocrx_word' id='word_1_63' title='bbox 976 683 1217 730; x_wconf 82' lang='lat' dir='ltr'>conformia,</span> <span class='ocrx_word' id='word_1_64' title='bbox 1252 696 1368 735; x_wconf 62' lang='lat' dir='ltr'>nego.</span> 
     </span>
    </p>

    <p class='ocr_par' dir='ltr' id='par_1_4' title="bbox 154 746 1727 1705">
     <span class='ocr_line' id='line_1_9' title="bbox 207 746 1719 801; baseline 0 -14"><span class='ocrx_word' id='word_1_65' title='bbox 207 749 298 788; x_wconf 92' lang='lat' dir='ltr'>Duo</span> <span class='ocrx_word' id='word_1_66' title='bbox 315 749 356 787; x_wconf 92' lang='lat' dir='ltr'>in</span> <span class='ocrx_word' id='word_1_67' title='bbox 377 748 544 788; x_wconf 90' lang='lat' dir='ltr'>inimico</span> <span class='ocrx_word' id='word_1_68' title='bbox 568 748 860 801; x_wconf 83' lang='lat' dir='ltr'>distinguenda</span> <span class='ocrx_word' id='word_1_69' title='bbox 880 754 986 787; x_wconf 87' lang='lat' dir='ltr'>sunt:</span> <span class='ocrx_word' id='word_1_70' title='bbox 1016 747 1122 786; x_wconf 83' lang='lat' dir='ltr'>ratio</span> <span class='ocrx_word' id='word_1_71' title='bbox 1144 746 1383 786; x_wconf 83' lang='lat' dir='ltr'>inimicitiae</span> <span class='ocrx_word' id='word_1_72' title='bbox 1405 752 1444 786; x_wconf 87' lang='lat' dir='ltr'>et</span> <span class='ocrx_word' id='word_1_73' title='bbox 1468 754 1618 787; x_wconf 85' lang='lat' dir='ltr'>natura</span> <span class='ocrx_word' id='word_1_74' title='bbox 1637 749 1719 787; x_wconf 92' lang='lat' dir='ltr'>ho-</span> 
     </span>
     <span class='ocr_line' id='line_1_10' title="bbox 155 810 1721 864; baseline 0.002 -15"><span class='ocrx_word' id='word_1_75' title='bbox 155 810 292 850; x_wconf 88' lang='lat' dir='ltr'>minis.</span> <span class='ocrx_word' id='word_1_76' title='bbox 314 811 511 860; x_wconf 86' lang='lat' dir='ltr'>Primum,</span> <span class='ocrx_word' id='word_1_77' title='bbox 534 818 674 864; x_wconf 79' lang='lat' dir='ltr'>utpote</span> <span class='ocrx_word' id='word_1_78' title='bbox 695 812 814 851; x_wconf 89' lang='lat' dir='ltr'>nobis</span> <span class='ocrx_word' id='word_1_79' title='bbox 835 811 1102 859; x_wconf 85' lang='lat' dir='ltr'>contrarium,</span> <span class='ocrx_word' id='word_1_80' title='bbox 1125 810 1164 849; x_wconf 84' lang='lat' dir='ltr'>vi</span> <span class='ocrx_word' id='word_1_81' title='bbox 1184 816 1360 850; x_wconf 89' lang='lat' dir='ltr'>naturae</span> <span class='ocrx_word' id='word_1_82' title='bbox 1383 824 1637 860; x_wconf 73' lang='lat' dir='ltr'>aversamur-3</span> <span class='ocrx_word' id='word_1_83' title='bbox 1660 825 1721 852; x_wconf 83' lang='lat' dir='ltr'>se-</span> 
     </span>
     <span class='ocr_line' id='line_1_11' title="bbox 155 874 1718 927; baseline 0.001 -14"><span class='ocrx_word' id='word_1_84' title='bbox 155 874 347 927; x_wconf 84' lang='lat' dir='ltr'>cundum,</span> <span class='ocrx_word' id='word_1_85' title='bbox 369 881 509 926; x_wconf 83' lang='lat' dir='ltr'>utpote</span> <span class='ocrx_word' id='word_1_86' title='bbox 529 876 779 927; x_wconf 86' lang='lat' dir='ltr'>cognatione</span> <span class='ocrx_word' id='word_1_87' title='bbox 800 875 919 915; x_wconf 87' lang='lat' dir='ltr'>nobis</span> <span class='ocrx_word' id='word_1_88' title='bbox 937 875 1184 923; x_wconf 87' lang='lat' dir='ltr'>devinctum,</span> <span class='ocrx_word' id='word_1_89' title='bbox 1201 888 1284 914; x_wconf 90' lang='lat' dir='ltr'>non</span> <span class='ocrx_word' id='word_1_90' title='bbox 1306 876 1427 914; x_wconf 87' lang='lat' dir='ltr'>modo</span> <span class='ocrx_word' id='word_1_91' title='bbox 1448 888 1530 913; x_wconf 89' lang='lat' dir='ltr'>non</span> <span class='ocrx_word' id='word_1_92' title='bbox 1553 889 1718 915; x_wconf 83' lang='lat' dir='ltr'>aversa-</span> 
     </span>
     <span class='ocr_line' id='line_1_12' title="bbox 155 940 1720 993; baseline 0 -15"><span class='ocrx_word' id='word_1_93' title='bbox 155 953 246 978; x_wconf 88' lang='lat' dir='ltr'>mur</span> <span class='ocrx_word' id='word_1_94' title='bbox 263 941 335 980; x_wconf 91' lang='lat' dir='ltr'>sed</span> <span class='ocrx_word' id='word_1_95' title='bbox 348 940 569 993; x_wconf 80' lang='lat' dir='ltr'>diligimus.</span> <span class='ocrx_word' id='word_1_96' title='bbox 588 941 786 993; x_wconf 88' lang='lat' dir='ltr'>Apposite</span> <span class='ocrx_word' id='word_1_97' title='bbox 807 943 846 981; x_wconf 88' lang='lat' dir='ltr'>S.</span> <span class='ocrx_word' id='word_1_98' title='bbox 866 942 1063 980; x_wconf 77' lang='lat' dir='ltr'>Thomas:</span> <span class='ocrx_word' id='word_1_99' title='bbox 1083 955 1102 978; x_wconf 86' lang='grc'>((</span> <span class='ocrx_word' id='word_1_100' title='bbox 1125 942 1411 993; x_wconf 84' lang='lat' dir='ltr'>Unaquaeque</span> <span class='ocrx_word' id='word_1_101' title='bbox 1432 953 1500 979; x_wconf 87' lang='lat' dir='ltr'>res</span> <span class='ocrx_word' id='word_1_102' title='bbox 1517 941 1720 979; x_wconf 89' lang='lat' dir='ltr'>naturali-</span> 
     </span>
     <span class='ocr_line' id='line_1_13' title="bbox 154 1003 1719 1058; baseline -0.002 -14"><span class='ocrx_word' id='word_1_103' title='bbox 154 1010 216 1044; x_wconf 89' lang='lat' dir='ltr'>ter</span> <span class='ocrx_word' id='word_1_104' title='bbox 237 1004 332 1043; x_wconf 91' lang='lat' dir='ltr'>odio</span> <span class='ocrx_word' id='word_1_105' title='bbox 366 1004 490 1045; x_wconf 89' lang='lat' dir='ltr'>habet</span> <span class='ocrx_word' id='word_1_106' title='bbox 518 1005 559 1044; x_wconf 92' lang='lat' dir='ltr'>id</span> <span class='ocrx_word' id='word_1_107' title='bbox 588 1005 697 1058; x_wconf 90' lang='lat' dir='ltr'>quod</span> <span class='ocrx_word' id='word_1_108' title='bbox 727 1011 789 1044; x_wconf 89' lang='lat' dir='ltr'>est</span> <span class='ocrx_word' id='word_1_109' title='bbox 819 1005 895 1044; x_wconf 90' lang='lat' dir='ltr'>sibi</span> <span class='ocrx_word' id='word_1_110' title='bbox 927 1004 1192 1051; x_wconf 88' lang='lat' dir='ltr'>contrarium,</span> <span class='ocrx_word' id='word_1_111' title='bbox 1224 1004 1265 1043; x_wconf 89' lang='lat' dir='ltr'>in</span> <span class='ocrx_word' id='word_1_112' title='bbox 1303 1010 1502 1056; x_wconf 88' lang='lat' dir='ltr'>quantum</span> <span class='ocrx_word' id='word_1_113' title='bbox 1542 1009 1605 1042; x_wconf 85' lang='lat' dir='ltr'>est</span> <span class='ocrx_word' id='word_1_114' title='bbox 1643 1003 1719 1042; x_wconf 89' lang='lat' dir='ltr'>sibi</span> 
     </span>
     <span class='ocr_line' id='line_1_14' title="bbox 155 1069 1722 1122; baseline -0.001 -14"><span class='ocrx_word' id='word_1_115' title='bbox 155 1069 419 1109; x_wconf 88' lang='lat' dir='ltr'>contrarium.</span> <span class='ocrx_word' id='word_1_116' title='bbox 439 1070 600 1110; x_wconf 90' lang='lat' dir='ltr'>Inimici</span> <span class='ocrx_word' id='word_1_117' title='bbox 617 1076 755 1110; x_wconf 88' lang='lat' dir='ltr'>autem</span> <span class='ocrx_word' id='word_1_118' title='bbox 771 1078 868 1109; x_wconf 90' lang='lat' dir='ltr'>sunt</span> <span class='ocrx_word' id='word_1_119' title='bbox 888 1070 1007 1110; x_wconf 89' lang='lat' dir='ltr'>nobis</span> <span class='ocrx_word' id='word_1_120' title='bbox 1024 1069 1233 1118; x_wconf 88' lang='lat' dir='ltr'>contrarii,</span> <span class='ocrx_word' id='word_1_121' title='bbox 1250 1070 1291 1108; x_wconf 90' lang='lat' dir='ltr'>in</span> <span class='ocrx_word' id='word_1_122' title='bbox 1309 1076 1505 1122; x_wconf 87' lang='lat' dir='ltr'>quantum</span> <span class='ocrx_word' id='word_1_123' title='bbox 1524 1075 1621 1108; x_wconf 86' lang='lat' dir='ltr'>sunt</span> <span class='ocrx_word' id='word_1_124' title='bbox 1640 1069 1722 1108; x_wconf 88' lang='lat' dir='ltr'>ini-</span> 
     </span>
     <span class='ocr_line' id='line_1_15' title="bbox 155 1132 1723 1184; baseline -0.001 -12"><span class='ocrx_word' id='word_1_125' title='bbox 155 1133 262 1183; x_wconf 89' lang='lat' dir='ltr'>mici;</span> <span class='ocrx_word' id='word_1_126' title='bbox 280 1134 387 1174; x_wconf 89' lang='lat' dir='ltr'>unde</span> <span class='ocrx_word' id='word_1_127' title='bbox 405 1135 484 1174; x_wconf 91' lang='lat' dir='ltr'>hoc</span> <span class='ocrx_word' id='word_1_128' title='bbox 500 1135 700 1175; x_wconf 87' lang='lat' dir='ltr'>debemus</span> <span class='ocrx_word' id='word_1_129' title='bbox 719 1135 760 1173; x_wconf 89' lang='lat' dir='ltr'>in</span> <span class='ocrx_word' id='word_1_130' title='bbox 783 1135 843 1173; x_wconf 91' lang='lat' dir='ltr'>eis</span> <span class='ocrx_word' id='word_1_131' title='bbox 863 1134 956 1173; x_wconf 89' lang='lat' dir='ltr'>odio</span> <span class='ocrx_word' id='word_1_132' title='bbox 973 1134 1138 1173; x_wconf 87' lang='lat' dir='ltr'>habere.</span> <span class='ocrx_word' id='word_1_133' title='bbox 1159 1134 1290 1173; x_wconf 86' lang='lat' dir='ltr'>Debet</span> <span class='ocrx_word' id='word_1_134' title='bbox 1306 1133 1415 1172; x_wconf 91' lang='lat' dir='ltr'>enim</span> <span class='ocrx_word' id='word_1_135' title='bbox 1438 1132 1556 1171; x_wconf 91' lang='lat' dir='ltr'>nobis</span> <span class='ocrx_word' id='word_1_136' title='bbox 1578 1132 1723 1184; x_wconf 86' lang='lat' dir='ltr'>displi-</span> 
     </span>
     <span class='ocr_line' id='line_1_16' title="bbox 154 1198 1727 1252; baseline -0.001 -14"><span class='ocrx_word' id='word_1_137' title='bbox 154 1212 248 1239; x_wconf 85' lang='lat' dir='ltr'>cere</span> <span class='ocrx_word' id='word_1_138' title='bbox 278 1200 386 1252; x_wconf 87' lang='lat' dir='ltr'>quod</span> <span class='ocrx_word' id='word_1_139' title='bbox 407 1200 525 1240; x_wconf 90' lang='lat' dir='ltr'>nobis</span> <span class='ocrx_word' id='word_1_140' title='bbox 555 1201 709 1240; x_wconf 90' lang='lat' dir='ltr'>inimici</span> <span class='ocrx_word' id='word_1_141' title='bbox 745 1206 851 1240; x_wconf 91' lang='lat' dir='ltr'>sunt.</span> <span class='ocrx_word' id='word_1_142' title='bbox 875 1201 966 1239; x_wconf 91' lang='lat' dir='ltr'>Non</span> <span class='ocrx_word' id='word_1_143' title='bbox 1002 1208 1139 1239; x_wconf 86' lang='lat' dir='ltr'>autem</span> <span class='ocrx_word' id='word_1_144' title='bbox 1163 1199 1282 1239; x_wconf 88' lang='lat' dir='ltr'>nobis</span> <span class='ocrx_word' id='word_1_145' title='bbox 1317 1204 1414 1238; x_wconf 85' lang='lat' dir='ltr'>sunt</span> <span class='ocrx_word' id='word_1_146' title='bbox 1452 1198 1662 1245; x_wconf 87' lang='lat' dir='ltr'>contrarii,</span> <span class='ocrx_word' id='word_1_147' title='bbox 1687 1198 1727 1236; x_wconf 90' lang='lat' dir='ltr'>in</span> 
     </span>
     <span class='ocr_line' id='line_1_17' title="bbox 155 1262 1725 1315; baseline 0 -14"><span class='ocrx_word' id='word_1_148' title='bbox 155 1269 350 1314; x_wconf 89' lang='lat' dir='ltr'>quantum</span> <span class='ocrx_word' id='word_1_149' title='bbox 373 1263 562 1304; x_wconf 91' lang='lat' dir='ltr'>homines</span> <span class='ocrx_word' id='word_1_150' title='bbox 582 1272 677 1303; x_wconf 90' lang='lat' dir='ltr'>sunt</span> <span class='ocrx_word' id='word_1_151' title='bbox 698 1271 737 1304; x_wconf 87' lang='lat' dir='ltr'>et</span> <span class='ocrx_word' id='word_1_152' title='bbox 756 1264 1020 1304; x_wconf 81' lang='lat' dir='ltr'>beatitudinis</span> <span class='ocrx_word' id='word_1_153' title='bbox 1038 1277 1231 1315; x_wconf 87' lang='lat' dir='ltr'>capaces;</span> <span class='ocrx_word' id='word_1_154' title='bbox 1250 1271 1290 1303; x_wconf 91' lang='lat' dir='ltr'>et</span> <span class='ocrx_word' id='word_1_155' title='bbox 1309 1262 1537 1304; x_wconf 87' lang='lat' dir='ltr'>secundum</span> <span class='ocrx_word' id='word_1_156' title='bbox 1555 1263 1635 1302; x_wconf 88' lang='lat' dir='ltr'>hoc</span> <span class='ocrx_word' id='word_1_157' title='bbox 1661 1262 1725 1301; x_wconf 83' lang='lat' dir='ltr'>(le-</span> 
     </span>
     <span class='ocr_line' id='line_1_18' title="bbox 154 1327 1727 1380; baseline -0.001 -14"><span class='ocrx_word' id='word_1_158' title='bbox 154 1327 300 1367; x_wconf 90' lang='lat' dir='ltr'>bemus</span> <span class='ocrx_word' id='word_1_159' title='bbox 322 1341 395 1367; x_wconf 88' lang='lat' dir='ltr'>eos</span> <span class='ocrx_word' id='word_1_160' title='bbox 417 1328 586 1380; x_wconf 81' lang='lat' dir='ltr'>diligere</span> <span class='ocrx_word' id='word_1_161' title='bbox 611 1330 683 1380; x_wconf 82' lang='lat'>(1).</span> <span class='ocrx_word' id='word_1_162' title='bbox 708 1345 726 1367; x_wconf 81' lang='grc'>&gt;)</span> <span class='ocrx_word' id='word_1_163' title='bbox 751 1330 865 1368; x_wconf 86' lang='lat' dir='ltr'>Idem</span> <span class='ocrx_word' id='word_1_164' title='bbox 887 1329 1104 1369; x_wconf 90' lang='lat' dir='ltr'>dicendum</span> <span class='ocrx_word' id='word_1_165' title='bbox 1128 1329 1176 1368; x_wconf 86' lang='lat' dir='ltr'>de</span> <span class='ocrx_word' id='word_1_166' title='bbox 1198 1329 1434 1368; x_wconf 89' lang='lat' dir='ltr'>hominibus</span> <span class='ocrx_word' id='word_1_167' title='bbox 1462 1327 1597 1373; x_wconf 88' lang='lat' dir='ltr'>malis;</span> <span class='ocrx_word' id='word_1_168' title='bbox 1621 1340 1727 1378; x_wconf 91' lang='lat' dir='ltr'>quo-</span> 
     </span>
     <span class='ocr_line' id='line_1_19' title="bbox 155 1392 1725 1443; baseline 0.001 -13"><span class='ocrx_word' id='word_1_169' title='bbox 155 1406 246 1431; x_wconf 88' lang='lat' dir='ltr'>rum</span> <span class='ocrx_word' id='word_1_170' title='bbox 276 1394 475 1433; x_wconf 89' lang='lat' dir='ltr'>malitiam</span> <span class='ocrx_word' id='word_1_171' title='bbox 504 1394 591 1434; x_wconf 87' lang='lat' dir='ltr'>iure</span> <span class='ocrx_word' id='word_1_172' title='bbox 612 1408 871 1443; x_wconf 82' lang='lat' dir='ltr'>execramur,</span> <span class='ocrx_word' id='word_1_173' title='bbox 893 1395 988 1434; x_wconf 90' lang='lat' dir='ltr'>licet</span> <span class='ocrx_word' id='word_1_174' title='bbox 1008 1403 1213 1441; x_wconf 87' lang='lat' dir='ltr'>naturam,</span> <span class='ocrx_word' id='word_1_175' title='bbox 1236 1395 1288 1433; x_wconf 89' lang='lat' dir='ltr'>ad</span> <span class='ocrx_word' id='word_1_176' title='bbox 1310 1392 1622 1433; x_wconf 87' lang='lat' dir='ltr'>similitudinem</span> <span class='ocrx_word' id='word_1_177' title='bbox 1647 1394 1725 1432; x_wconf 89' lang='lat' dir='ltr'>Dei</span> 
     </span>
     <span class='ocr_line' id='line_1_20' title="bbox 157 1456 1723 1510; baseline 0 -16"><span class='ocrx_word' id='word_1_178' title='bbox 157 1456 366 1495; x_wconf 88' lang='lat' dir='ltr'>conditam</span> <span class='ocrx_word' id='word_1_179' title='bbox 396 1463 435 1496; x_wconf 88' lang='lat' dir='ltr'>et</span> <span class='ocrx_word' id='word_1_180' title='bbox 462 1457 581 1496; x_wconf 90' lang='lat' dir='ltr'>nobis</span> <span class='ocrx_word' id='word_1_181' title='bbox 611 1458 882 1506; x_wconf 74' lang='lat' dir='ltr'>consimilem,</span> <span class='ocrx_word' id='word_1_182' title='bbox 914 1458 955 1496; x_wconf 91' lang='lat' dir='ltr'>in</span> <span class='ocrx_word' id='word_1_183' title='bbox 985 1458 1115 1510; x_wconf 88' lang='lat' dir='ltr'>pretio</span> <span class='ocrx_word' id='word_1_184' title='bbox 1144 1458 1348 1497; x_wconf 87' lang='lat' dir='ltr'>habemus</span> <span class='ocrx_word' id='word_1_185' title='bbox 1378 1463 1417 1496; x_wconf 89' lang='lat' dir='ltr'>et</span> <span class='ocrx_word' id='word_1_186' title='bbox 1447 1469 1590 1495; x_wconf 87' lang='lat' dir='ltr'>amore</span> <span class='ocrx_word' id='word_1_187' title='bbox 1624 1470 1723 1508; x_wconf 87' lang='lat' dir='ltr'>pro-</span> 
     </span>
     <span class='ocr_line' id='line_1_21' title="bbox 156 1521 1724 1575; baseline 0 -16"><span class='ocrx_word' id='word_1_188' title='bbox 156 1521 377 1573; x_wconf 87' lang='lat' dir='ltr'>sequimur.</span> <span class='ocrx_word' id='word_1_189' title='bbox 411 1523 643 1561; x_wconf 87' lang='lat' dir='ltr'>Transmisi</span> <span class='ocrx_word' id='word_1_190' title='bbox 673 1537 770 1562; x_wconf 90' lang='lat' dir='ltr'>vero</span> <span class='ocrx_word' id='word_1_191' title='bbox 801 1524 1014 1570; x_wconf 82' lang='lat' dir='ltr'>maiorem,</span> <span class='ocrx_word' id='word_1_192' title='bbox 1047 1523 1141 1575; x_wconf 88' lang='lat' dir='ltr'>quia</span> <span class='ocrx_word' id='word_1_193' title='bbox 1170 1523 1240 1562; x_wconf 89' lang='lat' dir='ltr'>illa</span> <span class='ocrx_word' id='word_1_194' title='bbox 1271 1522 1497 1575; x_wconf 84' lang='lat' dir='ltr'>propositio</span> <span class='ocrx_word' id='word_1_195' title='bbox 1530 1534 1629 1560; x_wconf 88' lang='lat' dir='ltr'>vera</span> <span class='ocrx_word' id='word_1_196' title='bbox 1660 1529 1724 1560; x_wconf 90' lang='lat' dir='ltr'>est</span> 
     </span>
     <span class='ocr_line' id='line_1_22' title="bbox 159 1585 1725 1637; baseline -0.002 -12"><span class='ocrx_word' id='word_1_197' title='bbox 159 1585 194 1625; x_wconf 86' lang='lat' dir='ltr'>si</span> <span class='ocrx_word' id='word_1_198' title='bbox 210 1585 466 1637; x_wconf 80' lang='lat' dir='ltr'>intelligatur</span> <span class='ocrx_word' id='word_1_199' title='bbox 488 1587 537 1626; x_wconf 90' lang='lat' dir='ltr'>de</span> <span class='ocrx_word' id='word_1_200' title='bbox 553 1587 822 1626; x_wconf 87' lang='lat' dir='ltr'>inclinatione</span> <span class='ocrx_word' id='word_1_201' title='bbox 843 1587 1068 1626; x_wconf 88' lang='lat' dir='ltr'>universali</span> <span class='ocrx_word' id='word_1_202' title='bbox 1089 1597 1131 1627; x_wconf 92' lang='lat' dir='ltr'>et</span> <span class='ocrx_word' id='word_1_203' title='bbox 1151 1587 1299 1626; x_wconf 91' lang='lat' dir='ltr'>rationi</span> <span class='ocrx_word' id='word_1_204' title='bbox 1322 1590 1618 1631; x_wconf 90' lang='lat' dir='ltr'>consentanea,</span> <span class='ocrx_word' id='word_1_205' title='bbox 1641 1598 1725 1624; x_wconf 86' lang='lat' dir='ltr'>non</span> 
     </span>
     <span class='ocr_line' id='line_1_23' title="bbox 159 1650 1724 1705; baseline -0.003 -13"><span class='ocrx_word' id='word_1_206' title='bbox 159 1658 297 1692; x_wconf 90' lang='lat' dir='ltr'>autem</span> <span class='ocrx_word' id='word_1_207' title='bbox 318 1653 353 1691; x_wconf 88' lang='lat' dir='ltr'>si</span> <span class='ocrx_word' id='word_1_208' title='bbox 374 1653 628 1705; x_wconf 84' lang='lat' dir='ltr'>intelligatur</span> <span class='ocrx_word' id='word_1_209' title='bbox 649 1654 698 1693; x_wconf 91' lang='lat' dir='ltr'>de</span> <span class='ocrx_word' id='word_1_210' title='bbox 719 1666 977 1705; x_wconf 88' lang='lat' dir='ltr'>quocumque</span> <span class='ocrx_word' id='word_1_211' title='bbox 998 1652 1125 1691; x_wconf 89' lang='lat' dir='ltr'>animi</span> <span class='ocrx_word' id='word_1_212' title='bbox 1142 1652 1293 1704; x_wconf 87' lang='lat' dir='ltr'>impetu</span> <span class='ocrx_word' id='word_1_213' title='bbox 1315 1657 1384 1692; x_wconf 86' lang='lat' dir='ltr'>aut</span> <span class='ocrx_word' id='word_1_214' title='bbox 1406 1650 1724 1704; x_wconf 84' lang='lat' dir='ltr'>perturbatione.</span> 
     </span>
    </p>
   </div>
   <div class='ocr_carea' id='block_1_3' title="bbox 686 1851 1196 2031">
    <p class='ocr_par' dir='ltr' id='par_1_5' title="bbox 686 1851 1196 2031">
     <span class='ocr_line' id='line_1_24' title="bbox 782 1851 1106 1891; baseline -0.003 -1"><span class='ocrx_word' id='word_1_215' title='bbox 782 1852 1025 1891; x_wconf 68' lang='lat' dir='ltr'>ARTicULtis</span> <span class='ocrx_word' id='word_1_216' title='bbox 1055 1851 1106 1889; x_wconf 84' lang='lat' dir='ltr'>II.</span> 
     </span>
     <span class='ocr_line' id='line_1_25' title="bbox 686 1979 1196 2031; baseline 0.002 -14"><span class='ocrx_word' id='word_1_217' title='bbox 686 1979 751 2017; x_wconf 83' lang='lat' dir='ltr'>De</span> <span class='ocrx_word' id='word_1_218' title='bbox 782 1979 875 2017; x_wconf 75' lang='lat' dir='ltr'>iure</span> <span class='ocrx_word' id='word_1_219' title='bbox 896 1979 1196 2031; x_wconf 70' lang='lat' dir='ltr'>proprietatis.</span> 
     </span>
    </p>
   </div>
   <div class='ocr_carea' id='block_1_4' title="bbox 156 2107 1726 2611">
    <p class='ocr_par' dir='ltr' id='par_1_6' title="bbox 156 2107 1726 2611">
     <span class='ocr_line' id='line_1_26' title="bbox 210 2107 1725 2160; baseline 0 -14"><span class='ocrx_word' id='word_1_220' title='bbox 210 2107 271 2147; x_wconf 81' lang='lat'>69.</span> <span class='ocrx_word' id='word_1_221' title='bbox 290 2107 391 2155; x_wconf 84' lang='lat' dir='ltr'>Quid</span> <span class='ocrx_word' id='word_1_222' title='bbox 407 2108 473 2147; x_wconf 85' lang='lat' dir='ltr'>sit.</span> <span class='ocrx_word' id='word_1_223' title='bbox 492 2107 732 2159; x_wconf 86' lang='lat' dir='ltr'>Proprietas</span> <span class='ocrx_word' id='word_1_224' title='bbox 750 2121 914 2160; x_wconf 75' lang='lat' dir='ltr'>aprope</span> <span class='ocrx_word' id='word_1_225' title='bbox 930 2108 1144 2147; x_wconf 87' lang='lat' dir='ltr'>nominata</span> <span class='ocrx_word' id='word_1_226' title='bbox 1161 2115 1234 2155; x_wconf 84' lang='lat' dir='ltr'>est,</span> <span class='ocrx_word' id='word_1_227' title='bbox 1252 2114 1290 2147; x_wconf 91' lang='lat' dir='ltr'>et</span> <span class='ocrx_word' id='word_1_228' title='bbox 1306 2107 1539 2160; x_wconf 82' lang='lat' dir='ltr'>generatim</span> <span class='ocrx_word' id='word_1_229' title='bbox 1557 2107 1725 2147; x_wconf 90' lang='lat' dir='ltr'>coniun-</span> 
     </span>
     <span class='ocr_line' id='line_1_27' title="bbox 160 2171 1719 2225; baseline 0.001 -15"><span class='ocrx_word' id='word_1_230' title='bbox 160 2171 338 2211; x_wconf 90' lang='lat' dir='ltr'>ctionem</span> <span class='ocrx_word' id='word_1_231' title='bbox 357 2173 577 2225; x_wconf 88' lang='lat' dir='ltr'>quamdam</span> <span class='ocrx_word' id='word_1_232' title='bbox 609 2172 848 2225; x_wconf 82' lang='lat' dir='ltr'>significare</span> <span class='ocrx_word' id='word_1_233' title='bbox 878 2173 1048 2221; x_wconf 86' lang='lat' dir='ltr'>videtur,</span> <span class='ocrx_word' id='word_1_234' title='bbox 1071 2173 1110 2211; x_wconf 86' lang='lat' dir='ltr'>vi</span> <span class='ocrx_word' id='word_1_235' title='bbox 1130 2173 1247 2212; x_wconf 88' lang='lat' dir='ltr'>cuius</span> <span class='ocrx_word' id='word_1_236' title='bbox 1262 2186 1330 2212; x_wconf 88' lang='lat' dir='ltr'>res</span> <span class='ocrx_word' id='word_1_237' title='bbox 1359 2187 1443 2212; x_wconf 90' lang='lat' dir='ltr'>una</span> <span class='ocrx_word' id='word_1_238' title='bbox 1463 2173 1638 2211; x_wconf 87' lang='lat' dir='ltr'>alteram</span> <span class='ocrx_word' id='word_1_239' title='bbox 1659 2172 1719 2211; x_wconf 89' lang='lat' dir='ltr'>sic</span> 
     </span>
     <span class='ocr_line' id='line_1_28' title="bbox 160 2238 1724 2291; baseline -0.001 -13"><span class='ocrx_word' id='word_1_240' title='bbox 160 2243 332 2291; x_wconf 87' lang='lat' dir='ltr'>spectat,</span> <span class='ocrx_word' id='word_1_241' title='bbox 350 2244 393 2277; x_wconf 86' lang='lat' dir='ltr'>ut</span> <span class='ocrx_word' id='word_1_242' title='bbox 409 2238 445 2277; x_wconf 91' lang='lat' dir='ltr'>ei</span> <span class='ocrx_word' id='word_1_243' title='bbox 466 2239 705 2286; x_wconf 78' lang='lat' dir='ltr'>adhaereat,</span> <span class='ocrx_word' id='word_1_244' title='bbox 727 2239 779 2277; x_wconf 88' lang='lat' dir='ltr'>ad</span> <span class='ocrx_word' id='word_1_245' title='bbox 795 2251 969 2290; x_wconf 88' lang='lat' dir='ltr'>eamque</span> <span class='ocrx_word' id='word_1_246' title='bbox 986 2239 1189 2290; x_wconf 84' lang='lat' dir='ltr'>pertineat</span> <span class='ocrx_word' id='word_1_247' title='bbox 1205 2240 1278 2289; x_wconf 75' lang='lat'>(2).</span> <span class='ocrx_word' id='word_1_248' title='bbox 1292 2240 1422 2278; x_wconf 89' lang='lat' dir='ltr'>Porro</span> <span class='ocrx_word' id='word_1_249' title='bbox 1439 2239 1519 2277; x_wconf 86' lang='lat' dir='ltr'>hae</span> <span class='ocrx_word' id='word_1_250' title='bbox 1536 2252 1602 2277; x_wconf 87' lang='lat' dir='ltr'>res</span> <span class='ocrx_word' id='word_1_251' title='bbox 1618 2251 1724 2290; x_wconf 88' lang='lat' dir='ltr'>quae</span> 
     </span>
     <span class='ocr_line' id='line_1_29' title="bbox 159 2301 1726 2354; baseline -0.001 -13"><span class='ocrx_word' id='word_1_252' title='bbox 159 2302 220 2341; x_wconf 89' lang='lat' dir='ltr'>sic</span> <span class='ocrx_word' id='word_1_253' title='bbox 238 2302 493 2353; x_wconf 86' lang='lat' dir='ltr'>copulantur,</span> <span class='ocrx_word' id='word_1_254' title='bbox 511 2308 720 2354; x_wconf 89' lang='lat' dir='ltr'>nequeunt</span> <span class='ocrx_word' id='word_1_255' title='bbox 735 2303 932 2354; x_wconf 88' lang='lat' dir='ltr'>aequales</span> <span class='ocrx_word' id='word_1_256' title='bbox 949 2314 1043 2341; x_wconf 90' lang='lat' dir='ltr'>esse</span> <span class='ocrx_word' id='word_1_257' title='bbox 1056 2302 1161 2341; x_wconf 90' lang='lat' dir='ltr'>inter</span> <span class='ocrx_word' id='word_1_258' title='bbox 1178 2315 1234 2350; x_wconf 87' lang='lat' dir='ltr'>se;</span> <span class='ocrx_word' id='word_1_259' title='bbox 1249 2302 1322 2342; x_wconf 90' lang='lat' dir='ltr'>sed</span> <span class='ocrx_word' id='word_1_260' title='bbox 1337 2302 1418 2349; x_wconf 89' lang='lat' dir='ltr'>illa,</span> <span class='ocrx_word' id='word_1_261' title='bbox 1436 2314 1542 2353; x_wconf 86' lang='lat' dir='ltr'>quae</span> <span class='ocrx_word' id='word_1_262' title='bbox 1559 2301 1726 2353; x_wconf 88' lang='lat' dir='ltr'>propria</span> 
     </span>
     <span class='ocr_line' id='line_1_30' title="bbox 157 2366 1718 2420; baseline -0.003 -12"><span class='ocrx_word' id='word_1_263' title='bbox 157 2368 327 2408; x_wconf 87' lang='lat' dir='ltr'>alterius</span> <span class='ocrx_word' id='word_1_264' title='bbox 345 2367 683 2415; x_wconf 87' lang='lat' dir='ltr'>dicitur,inferior</span> <span class='ocrx_word' id='word_1_265' title='bbox 698 2369 774 2407; x_wconf 88' lang='lat' dir='ltr'>sub</span> <span class='ocrx_word' id='word_1_266' title='bbox 784 2368 863 2407; x_wconf 86' lang='lat' dir='ltr'>hac</span> <span class='ocrx_word' id='word_1_267' title='bbox 880 2367 1213 2408; x_wconf 88' lang='lat' dir='ltr'>consideratione</span> <span class='ocrx_word' id='word_1_268' title='bbox 1231 2374 1304 2416; x_wconf 71' lang='lat' dir='ltr'>est,</span> <span class='ocrx_word' id='word_1_269' title='bbox 1318 2374 1521 2420; x_wconf 87' lang='lat' dir='ltr'>quatenus</span> <span class='ocrx_word' id='word_1_270' title='bbox 1532 2368 1585 2406; x_wconf 86' lang='lat' dir='ltr'>ad</span> <span class='ocrx_word' id='word_1_271' title='bbox 1604 2366 1718 2406; x_wconf 88' lang='lat' dir='ltr'>illam</span> 
     </span>
     <span class='ocr_line' id='line_1_31' title="bbox 156 2432 1724 2484; baseline -0.001 -14"><span class='ocrx_word' id='word_1_272' title='bbox 156 2432 207 2471; x_wconf 85' lang='lat' dir='ltr'>ad</span> <span class='ocrx_word' id='word_1_273' title='bbox 228 2445 350 2484; x_wconf 89' lang='lat' dir='ltr'>quam</span> <span class='ocrx_word' id='word_1_274' title='bbox 368 2433 560 2483; x_wconf 87' lang='lat' dir='ltr'>pertinet,</span> <span class='ocrx_word' id='word_1_275' title='bbox 577 2432 780 2472; x_wconf 84' lang='lat' dir='ltr'>referatur</span> <span class='ocrx_word' id='word_1_276' title='bbox 800 2432 918 2484; x_wconf 89' lang='lat' dir='ltr'>eique</span> <span class='ocrx_word' id='word_1_277' title='bbox 940 2432 1106 2471; x_wconf 90' lang='lat' dir='ltr'>serviat.</span> <span class='ocrx_word' id='word_1_278' title='bbox 1126 2433 1280 2471; x_wconf 90' lang='lat' dir='ltr'>Contra</span> <span class='ocrx_word' id='word_1_279' title='bbox 1297 2432 1526 2471; x_wconf 90' lang='lat' dir='ltr'>subiectum</span> <span class='ocrx_word' id='word_1_280' title='bbox 1544 2432 1724 2484; x_wconf 88' lang='lat' dir='ltr'>proprie-</span> 
     </span>
     <span class='ocr_line' id='line_1_32' title="bbox 158 2495 1719 2548; baseline 0 -14"><span class='ocrx_word' id='word_1_281' title='bbox 158 2495 253 2534; x_wconf 87' lang='lat' dir='ltr'>tatis</span> <span class='ocrx_word' id='word_1_282' title='bbox 273 2495 571 2547; x_wconf 85' lang='lat' dir='ltr'>praestantiam</span> <span class='ocrx_word' id='word_1_283' title='bbox 594 2496 815 2547; x_wconf 87' lang='lat' dir='ltr'>quamdam</span> <span class='ocrx_word' id='word_1_284' title='bbox 852 2496 1091 2548; x_wconf 82' lang='lat' dir='ltr'>praesefert,</span> <span class='ocrx_word' id='word_1_285' title='bbox 1124 2502 1262 2547; x_wconf 89' lang='lat' dir='ltr'>utpote</span> <span class='ocrx_word' id='word_1_286' title='bbox 1285 2496 1393 2548; x_wconf 89' lang='lat' dir='ltr'>quod</span> <span class='ocrx_word' id='word_1_287' title='bbox 1431 2495 1719 2538; x_wconf 78' lang='lat' dir='ltr'>exsistentiam</span> 
     </span>
     <span class='ocr_line' id='line_1_33' title="bbox 157 2558 1720 2611; baseline -0.001 -14"><span class='ocrx_word' id='word_1_288' title='bbox 157 2558 324 2598; x_wconf 88' lang='lat' dir='ltr'>obiiciat</span> <span class='ocrx_word' id='word_1_289' title='bbox 344 2559 577 2599; x_wconf 85' lang='lat' dir='ltr'>absolutam</span> <span class='ocrx_word' id='word_1_290' title='bbox 594 2566 632 2599; x_wconf 90' lang='lat' dir='ltr'>et</span> <span class='ocrx_word' id='word_1_291' title='bbox 649 2559 858 2599; x_wconf 90' lang='lat' dir='ltr'>notionem</span> <span class='ocrx_word' id='word_1_292' title='bbox 874 2559 969 2598; x_wconf 87' lang='lat' dir='ltr'>finis</span> <span class='ocrx_word' id='word_1_293' title='bbox 986 2566 1177 2611; x_wconf 84' lang='lat' dir='ltr'>respectu</span> <span class='ocrx_word' id='word_1_294' title='bbox 1193 2559 1264 2607; x_wconf 89' lang='lat' dir='ltr'>rei,</span> <span class='ocrx_word' id='word_1_295' title='bbox 1283 2572 1405 2611; x_wconf 88' lang='lat' dir='ltr'>quam</span> <span class='ocrx_word' id='word_1_296' title='bbox 1426 2559 1503 2598; x_wconf 88' lang='lat' dir='ltr'>sibi</span> <span class='ocrx_word' id='word_1_297' title='bbox 1529 2558 1720 2598; x_wconf 85' lang='lat' dir='ltr'>vindicat.</span> 
     </span>
    </p>
   </div>
   <div class='ocr_carea' id='block_1_5' title="bbox 155 2687 1726 2883">
    <p class='ocr_par' dir='ltr' id='par_1_7' title="bbox 198 2687 900 2729">
     <span class='ocr_line' id='line_1_34' title="bbox 198 2687 900 2729; baseline 0 -10"><span class='ocrx_word' id='word_1_298' title='bbox 198 2687 248 2727; x_wconf 87' lang='lat'>(1)</span> <span class='ocrx_word' id='word_1_299' title='bbox 274 2688 356 2721; x_wconf 74' lang='lat' dir='ltr'>Ibid</span> <span class='ocrx_word' id='word_1_300' title='bbox 378 2689 420 2720; x_wconf 75' lang='grc'>2.·</span> <span class='ocrx_word' id='word_1_301' title='bbox 448 2690 492 2721; x_wconf 71' lang='lat'>2³⁹</span> <span class='ocrx_word' id='word_1_302' title='bbox 509 2698 540 2729; x_wconf 87' lang='lat' dir='ltr'>q.</span> <span class='ocrx_word' id='word_1_303' title='bbox 566 2689 682 2726; x_wconf 76' lang='lat' dir='ltr'>XXV,</span> <span class='ocrx_word' id='word_1_304' title='bbox 705 2698 733 2719; x_wconf 89' lang='lat' dir='ltr'>a.</span> <span class='ocrx_word' id='word_1_305' title='bbox 757 2688 776 2719; x_wconf 82' lang='lat'>8</span> <span class='ocrx_word' id='word_1_306' title='bbox 799 2688 844 2719; x_wconf 88' lang='lat' dir='ltr'>ad</span> <span class='ocrx_word' id='word_1_307' title='bbox 869 2688 900 2719; x_wconf 71' lang='lat'>2.</span> 
     </span>
    </p>

    <p class='ocr_par' dir='ltr' id='par_1_8' title="bbox 155 2737 1726 2883">
     <span class='ocr_line' id='line_1_35' title="bbox 197 2737 1725 2780; baseline -0.001 -10"><span class='ocrx_word' id='word_1_308' title='bbox 197 2739 247 2778; x_wconf 78' lang='lat'>(2)</span> <span class='ocrx_word' id='word_1_309' title='bbox 271 2740 349 2772; x_wconf 87' lang='lat' dir='ltr'>Hac</span> <span class='ocrx_word' id='word_1_310' title='bbox 371 2740 528 2780; x_wconf 83' lang='lat' dir='ltr'>generali</span> <span class='ocrx_word' id='word_1_311' title='bbox 553 2739 808 2780; x_wconf 84' lang='lat' dir='ltr'>significatione</span> <span class='ocrx_word' id='word_1_312' title='bbox 831 2739 1036 2780; x_wconf 83' lang='lat' dir='ltr'>proprietas</span> <span class='ocrx_word' id='word_1_313' title='bbox 1050 2747 1120 2770; x_wconf 86' lang='lat' dir='ltr'>non</span> <span class='ocrx_word' id='word_1_314' title='bbox 1137 2739 1304 2780; x_wconf 81' lang='lat' dir='ltr'>exprimit</span> <span class='ocrx_word' id='word_1_315' title='bbox 1323 2739 1441 2770; x_wconf 87' lang='lat' dir='ltr'>solum</span> <span class='ocrx_word' id='word_1_316' title='bbox 1459 2737 1647 2769; x_wconf 86' lang='lat' dir='ltr'>dominium</span> <span class='ocrx_word' id='word_1_317' title='bbox 1664 2746 1725 2767; x_wconf 77' lang='lat' dir='ltr'>ex-</span> 
     </span>
     <span class='ocr_line' id='line_1_36' title="bbox 155 2789 1726 2834; baseline -0.002 -11"><span class='ocrx_word' id='word_1_318' title='bbox 155 2793 304 2830; x_wconf 86' lang='lat' dir='ltr'>ternum,</span> <span class='ocrx_word' id='word_1_319' title='bbox 328 2794 392 2825; x_wconf 87' lang='lat' dir='ltr'>sed</span> <span class='ocrx_word' id='word_1_320' title='bbox 415 2794 520 2826; x_wconf 88' lang='lat' dir='ltr'>etiarn</span> <span class='ocrx_word' id='word_1_321' title='bbox 543 2794 745 2834; x_wconf 82' lang='lat' dir='ltr'>applicatur</span> <span class='ocrx_word' id='word_1_322' title='bbox 767 2793 807 2825; x_wconf 83' lang='lat' dir='ltr'>iis</span> <span class='ocrx_word' id='word_1_323' title='bbox 824 2793 996 2830; x_wconf 86' lang='lat' dir='ltr'>omnibus,</span> <span class='ocrx_word' id='word_1_324' title='bbox 1013 2802 1105 2832; x_wconf 80' lang='lat' dir='ltr'>quae</span> <span class='ocrx_word' id='word_1_325' title='bbox 1121 2792 1322 2824; x_wconf 87' lang='lat' dir='ltr'>substantia</span> <span class='ocrx_word' id='word_1_326' title='bbox 1338 2791 1403 2823; x_wconf 88' lang='lat' dir='ltr'>sibi</span> <span class='ocrx_word' id='word_1_327' title='bbox 1418 2790 1591 2823; x_wconf 86' lang='lat' dir='ltr'>iunctione</span> <span class='ocrx_word' id='word_1_328' title='bbox 1608 2789 1726 2829; x_wconf 76' lang='lat' dir='ltr'>aliqua</span> 
     </span>
     <span class='ocr_line' id='line_1_37' title="bbox 160 2842 1724 2883; baseline -0.001 -9"><span class='ocrx_word' id='word_1_329' title='bbox 160 2843 324 2881; x_wconf 83' lang='lat' dir='ltr'>devincit,</span> <span class='ocrx_word' id='word_1_330' title='bbox 348 2845 420 2877; x_wconf 79' lang='lat' dir='ltr'>sive</span> <span class='ocrx_word' id='word_1_331' title='bbox 444 2846 668 2878; x_wconf 75' lang='lat' dir='ltr'>extrinsecus</span> <span class='ocrx_word' id='word_1_332' title='bbox 693 2846 766 2878; x_wconf 87' lang='lat' dir='ltr'>sive</span> <span class='ocrx_word' id='word_1_333' title='bbox 789 2845 1000 2878; x_wconf 85' lang='lat' dir='ltr'>intrinsecus</span> <span class='ocrx_word' id='word_1_334' title='bbox 1025 2854 1102 2876; x_wconf 81' lang='lat' dir='ltr'>earn</span> <span class='ocrx_word' id='word_1_335' title='bbox 1125 2844 1286 2876; x_wconf 87' lang='lat' dir='ltr'>afficiant.</span> <span class='ocrx_word' id='word_1_336' title='bbox 1311 2844 1369 2876; x_wconf 82' lang='lat' dir='ltr'>Sic</span> <span class='ocrx_word' id='word_1_337' title='bbox 1403 2851 1536 2883; x_wconf 86' lang='lat' dir='ltr'>corpus</span> <span class='ocrx_word' id='word_1_338' title='bbox 1561 2845 1596 2874; x_wconf 91' lang='lat' dir='ltr'>et</span> <span class='ocrx_word' id='word_1_339' title='bbox 1621 2842 1724 2878; x_wconf 80' lang='lat' dir='ltr'>vires,</span> 
     </span>
    </p>
   </div>
   <div class='ocr_carea' id='block_1_6' title="bbox 163 2899 1573 2944">
    <p class='ocr_par' dir='ltr' id='par_1_9' title="bbox 163 2899 1573 2944">
     <span class='ocr_line' id='line_1_38' title="bbox 163 2899 1573 2944; baseline -0.003 -11"><span class='ocrx_word' id='word_1_340' title='bbox 163 2901 290 2940; x_wconf 79' lang='lat' dir='ltr'>quibus</span> <span class='ocrx_word' id='word_1_341' title='bbox 315 2901 477 2934; x_wconf 86' lang='lat' dir='ltr'>instructi</span> <span class='ocrx_word' id='word_1_342' title='bbox 499 2912 634 2942; x_wconf 88' lang='lat' dir='ltr'>sumus,</span> <span class='ocrx_word' id='word_1_343' title='bbox 652 2901 923 2944; x_wconf 68' lang='lat' dir='ltr'>proprietatem</span> <span class='ocrx_word' id='word_1_344' title='bbox 946 2900 1098 2941; x_wconf 84' lang='lat' dir='ltr'>aliquam</span> <span class='ocrx_word' id='word_1_345' title='bbox 1123 2899 1320 2932; x_wconf 83' lang='lat' dir='ltr'>naturalem</span> <span class='ocrx_word' id='word_1_346' title='bbox 1344 2899 1573 2931; x_wconf 86' lang='lat' dir='ltr'>constituunt.</span> 
     </span>
    </p>
   </div>
  </div>
 </body>
</html>
