1970 3203
236 233 290 274 90
920 245 1139 272 ΕΤΗῙΟΑ

290 324 345 362 At
374 322 547 376 inquies:
572 323 613 362 Si
639 322 696 361 ita
726 327 849 369 esset,
871 328 971 362 tunc
991 321 1033 360 in
1055 321 1236 374 quolibet
1255 321 1407 362 iudicio
1425 322 1611 374 practico
1641 321 1816 362 rationis

238 389 522 442 cogitaremus
562 389 610 428 de
642 389 741 429 Deo.
774 387 819 427 Id
849 401 961 436 vero,
991 394 1035 427 ut
1065 388 1326 440 experientia
1357 394 1534 436 constat,
1556 388 1708 428 salsum
1743 396 1823 429 est.

295 454 559 505 Respondeo.
591 452 678 493 Etsi
709 465 787 492 nos
817 452 1076 504 quandoque,
1099 451 1141 490 in
1164 451 1392 492 eiusmodis
1422 452 1695 492 efformandis
1727 452 1826 493 iudi-

242 520 329 569 ciis,
359 534 443 559 non
474 519 710 571 cogitamus
743 518 793 559 de
827 520 915 558 Deo
951 517 1143 568 explicite
1171 526 1212 559 et
1247 518 1452 565 distincte,
1487 520 1722 572 cogitamus
1754 526 1823 559 ta-

243 598 337 625 men
367 584 565 636 implicite
596 590 635 624 et
665 583 850 623 confuse.
873 583 1046 634 Semper
1067 582 1176 621 enim
1199 582 1240 621 in
1261 581 1342 621 illis
1371 581 1598 622 involvitur
1618 583 1825 623 obscurus

243 650 391 690 saltem
413 657 454 691 et
482 649 749 691 indistinctus
779 655 1008 701 conceptus
1038 648 1215 687 alicuius
1248 648 1439 688 occultae
1469 650 1700 701 potestatis,
1720 663 1827 702 quae

242 713 363 753 nobis
384 714 569 767 imperet,
591 726 779 766 quaeque
801 712 1007 753 obiective
1027 712 1221 764 inspecta
1243 720 1283 752 et
1302 713 1344 751 in
1366 726 1411 752 se
1434 726 1515 753 non
1535 720 1596 753 est
1613 714 1726 754 aliud
1745 714 1826 754 nisi

244 779 368 817 Deus.
391 779 443 817 Et
462 791 577 826 sane,
595 778 671 818 Dei
692 777 934 817 exsistentis
951 783 991 817 et
1008 777 1168 829 providi
1186 776 1358 817 notione
1375 776 1602 830 supposita,
1625 791 1720 817 cum
1746 791 1824 818 nos

245 841 448 883 eiusmodi
487 843 674 894 practica
712 841 951 889 dictamina,
991 854 1098 894 quae
1127 841 1180 880 ad
1210 841 1364 881 bonum
1395 841 1612 893 impellunt
1641 847 1765 893 atque
1798 857 1823 882 a

245 908 391 948 fraude
422 907 643 955 deterrent,
664 906 808 946 intime
828 906 1048 946 audiamus
1068 911 1266 958 tanquam
1287 905 1441 958 aliquid
1461 919 1487 945 a
1507 911 1659 944 natura
1682 913 1825 946 nostra

245 974 440 1015 rationali
468 973 710 1013 necessario
731 973 960 1025 pullulans3
982 972 1166 1025 profecto
1187 972 1457 1024 intelligimus
1478 973 1719 1013 eorumdem
1739 986 1823 1013 non

242 1040 369 1080 alium
390 1049 604 1078 auctorem
626 1051 732 1086 esse,
755 1037 834 1077 nisi
855 1051 962 1086 eum,
984 1051 1010 1077 a
1030 1051 1109 1090 quo
1131 1044 1283 1076 natura
1302 1036 1396 1089 ipsa
1415 1035 1602 1089 procedit
1619 1042 1658 1076 et
1674 1037 1821 1089 guber-

244 1113 379 1143 natur.
410 1104 452 1143 Is
482 1102 590 1142 enim
613 1103 831 1142 dumtaxat
852 1102 1061 1142 actionem
1095 1114 1293 1141 exercere
1329 1107 1463 1153 potest
1492 1101 1535 1140 in
1555 1101 1827 1141 constitutio-

245 1181 341 1208 nem
362 1168 495 1219 ipsam
511 1167 745 1207 naturalem
767 1166 942 1206 rationis
958 1172 1139 1215 nostrae,
1156 1166 1273 1218 eique
1293 1178 1481 1205 normam
1499 1165 1699 1216 operandi
1715 1178 1830 1217 prae-

246 1232 444 1272 scribere.
461 1231 597 1278 Quam
620 1231 836 1271 veritatem
859 1230 1119 1283 experientia
1140 1243 1302 1283 quoque
1323 1230 1559 1270 confirmat.
1582 1231 1691 1270 Nam
1713 1230 1829 1282 quis-

246 1309 324 1348 que
348 1295 489 1347 (modo
510 1309 536 1334 a
554 1300 705 1334 natura
726 1295 820 1334 duci
842 1308 888 1335 se
907 1295 1030 1343 sinat,
1051 1307 1226 1347 eamque
1243 1308 1377 1347 prava
1409 1294 1712 1335 consuetudine
1743 1307 1828 1334 non

249 1362 527 1416 perverterit),
545 1362 580 1401 si
590 1361 694 1401 sorte
711 1361 868 1401 crimen
885 1369 1108 1414 utcumque
1125 1362 1333 1402 occultum
1350 1361 1542 1414 patravit,
1560 1373 1718 1413 pavore
1737 1373 1831 1413 quo-

249 1428 344 1466 dam
376 1426 451 1466 etsi
480 1427 634 1466 invitus
668 1426 849 1466 afficitur
878 1440 929 1466 ac
960 1427 1081 1466 firma
1102 1427 1379 1478 persuasione
1399 1427 1583 1480 agitatur
1605 1439 1651 1466 se
1680 1426 1721 1464 id
1742 1438 1826 1465 non
1870 1420 1873 1423 ⁴

248 1493 427 1532 laturum
457 1492 639 1544 impune.

302 1559 414 1598 Hinc
457 1558 640 1611 sequitur
668 1564 890 1610 peccatum
920 1557 1254 1610 philosophicum
1277 1590 1286 1606 ‚
1318 1558 1428 1610 quod
1457 1557 1602 1603 aiunt,
1628 1556 1828 1610 possibile

249 1624 372 1676 plane
401 1635 486 1662 non
516 1635 610 1662 esse
633 1623 706 1673 (1).
730 1623 838 1662 Nam
860 1622 1068 1662 dictamen
1089 1622 1279 1669 rationis,
1304 1623 1439 1662 solam
1460 1621 1738 1662 moralitatem
1760 1633 1827 1659 ac-

218 1723 222 1725 *
248 1687 407 1728 tionum
423 1687 545 1726 nobis
560 1686 765 1738 aperiens,
783 1686 861 1726 etsi
877 1686 1162 1726 abstractione
1178 1687 1330 1726 mentis
1352 1685 1612 1726 considerari
1635 1697 1827 1725 seorsum

249 1753 407 1806 possit;
440 1760 578 1792 tamen
608 1752 777 1792 realiter
807 1760 846 1791 et
878 1752 920 1791 in
941 1765 987 1792 se
1009 1752 1097 1792 dari
1119 1765 1268 1792 revera
1285 1766 1371 1792 non
1391 1759 1539 1804 potest.
1563 1753 1694 1791 Prout
1715 1749 1826 1789 enim

252 1829 348 1860 actu
378 1820 420 1859 in
448 1819 570 1860 nobis
599 1819 796 1871 gignitur,
827 1832 1054 1871 numquam
1086 1819 1340 1859 dissociatur
1370 1819 1422 1858 ab
1443 1817 1630 1871 imperio,
1653 1829 1732 1869 quo
1753 1816 1832 1856 bo-

252 1897 351 1924 num
367 1884 421 1923 ad
441 1885 568 1923 finem
588 1883 879 1923 necessarium
896 1883 1105 1936 prosequi,
1121 1884 1277 1922 malum
1298 1883 1499 1936 aufugere
1520 1881 1722 1921 iubemur.
1743 1880 1835 1919 Dic-

252 1960 394 1992 tamen
414 1960 552 1991 autem
573 1950 758 1998 rationis,
781 1950 862 1989 hoc
882 1949 1054 2002 imperio
1077 1951 1294 1998 affectum,
1315 1950 1452 2002 legem
1475 1948 1698 1995 constituit,
1717 1947 1836 1987 cuius

252 2018 560 2071 praevaricatio
600 2016 772 2057 confuse
803 2017 951 2057 saltem
981 2016 1309 2069 apprehenditur
1332 2023 1544 2068 tamquam
1564 2016 1726 2054 offensa
1747 2013 1836 2052 Dei.

252 2087 309 2126 Ut
335 2085 445 2124 enim
476 2084 572 2132 dixi,
604 2083 814 2131 iudicium,
837 2082 944 2133 quod
972 2083 1126 2135 aliquid
1157 2083 1270 2123 iubet
1292 2090 1363 2123 aut
1383 2089 1508 2130 vetat,
1540 2082 1621 2121 hoc
1642 2081 1732 2133 ipso
1754 2080 1838 2119 im-

252 2152 435 2204 plicitam
465 2151 677 2191 notionem
706 2150 834 2190 habet
864 2149 1102 2202 Superioris
1136 2149 1355 2188 cuiusdam
1388 2154 1564 2188 naturae
1586 2180 1595 2196 ‚
1625 2147 1771 2195 cuius,
1804 2146 1841 2186 si

254 2223 401 2256 contra
426 2214 615 2262 facimus,
646 2214 941 2254 auctoritatem
972 2215 1295 2253 contemnimus.
1324 2215 1459 2266 Atque
1490 2213 1588 2252 hinc
1619 2211 1744 2251 etiam
1762 2224 1841 2263 ap-

254 2288 370 2335 paret
406 2282 503 2335 quid
547 2281 599 2320 sit
637 2280 870 2320 necessitas
908 2280 979 2319 illa
1007 2279 1204 2328 moralis,
1247 2280 1299 2319 ab
1330 2279 1591 2332 obligatione.
1622 2278 1728 2332 legis
1775 2277 1842 2316 in-

252 2350 387 2389 ducta.
430 2348 603 2399 Proprie
639 2346 748 2386 enim
778 2346 820 2384 in
860 2347 940 2385 hoc
979 2346 1061 2385 sita
1090 2352 1180 2392 est,
1214 2346 1322 2398 quod
1361 2351 1542 2398 nequeat
1576 2346 1705 2386 homo
1736 2344 1843 2398 legis

251 2413 423 2466 imperio
451 2411 673 2459 reluctari,
704 2409 802 2463 quin
832 2423 915 2450 non
947 2410 1069 2449 modo
1096 2409 1298 2459 ⁶ordinem
1335 2410 1511 2450 rationis
1541 2423 1567 2448 a
1598 2408 1739 2447 divina
1769 2420 1844 2448 sa-

251 2479 406 2531 pientia
435 2479 634 2517 dictatum
662 2477 914 2529 pessumdet,
951 2488 1095 2515 verum
1127 2475 1254 2515 etiam
1287 2476 1479 2527 supremi
1500 2473 1753 2527 legislatoris
1777 2486 1846 2512 vo·

252 2548 453 2585 luntatem
484 2543 831 2596 transgrediatur.

305 2613 369 2653 93.
401 2613 651 2651 PaoPosrrio
681 2609 738 2649 32.
770 2609 958 2649 Admitte·
986 2610 1031 2649 in
1061 2609 1156 2649 Deo
1195 2609 1314 2648 debet
1344 2610 1410 2648 lex
1440 2612 1631 2648 aeterna.

310 2676 433 2716 Prob.
455 2676 511 2715 Ut
540 2676 736 2715 observat
756 2674 797 2713 S.
820 2674 1020 2722 Thomas,
1041 2676 1083 2712 in
1108 2673 1292 2726 quolibet
1314 2673 1577 2725 gubernante
1601 2670 1849 2724 praeexistit

297 2797 347 2837 (1)
373 2797 566 2828 Peccatum
590 2793 880 2835 philosophicum
905 2793 1091 2834 appellant
1116 2793 1306 2827 actionem.
1331 2801 1402 2832 qua
1426 2791 1506 2832 quis
1532 2793 1703 2832 operetur
1721 2792 1848 2823 contra

259 2850 434 2883 dictamen
457 2846 615 2883 rationis,
640 2846 737 2885 quod
762 2845 940 2878 obiectum
965 2845 1169 2877 manifestet
1194 2847 1379 2884 tamquam
1395 2846 1543 2875 naturae
1561 2841 1739 2878 difforme.
1759 2841 1842 2882 quin

261 2905 304 2937 de
328 2904 406 2935 Deo
432 2901 581 2941 eiusque
605 2900 685 2940 lege
710 2899 905 2940 quidquam
930 2898 1085 2940 cogitet:
1110 2908 1152 2931 ac
1175 2898 1324 2939 proinde
1349 2897 1432 2929 licet
1447 2900 1612 2930 naturam
1628 2897 1759 2935 laedat,
1776 2895 1841 2928 Dei

259 2962 382 2992 tamen
405 2957 580 2990 offensam
604 2964 672 2987 non
696 2953 862 2986 incurrat.
