1970 3203
231 238 282 278 <32
912 250 1129 277 ETH1CA

227 326 517 372 instrumenta,
549 339 672 378 quam
703 330 747 364 ut
768 338 893 365 verae
911 338 1080 374 causae,
1103 331 1297 378 respectu
1317 325 1508 375 actionis,
1530 325 1582 366 ad
1612 338 1736 379 quam
1758 325 1810 365 ab

228 380 414 433 Auctore
444 392 636 445 propriae
664 398 839 433 naturae
871 391 1212 432 determinantur.

797 525 1253 565 PROPOSITIONES

280 656 342 695 56.
381 656 637 696 Paoposmo
668 657 728 696 1f²
754 656 898 695 Homo
923 656 1153 709 praeditus
1184 660 1246 696 est
1273 657 1481 696 libertate.

282 723 418 761 Homo
448 722 690 775 plerumque
720 722 782 762 sic
811 722 911 775 agit,
952 728 996 762 ut
1025 723 1135 762 actio
1167 736 1221 763 ex
1251 722 1339 763 eius
1375 723 1578 762 arbitratu
1617 722 1807 774 pendeat.

225 786 272 825 Id
301 787 415 826 nulla
445 787 803 828 demonstratione
834 793 957 840 eget,
989 788 1094 827 adeo
1124 788 1335 828 luculento
1379 787 1664 828 conscientiae
1696 795 1809 839 patet

229 852 481 892 testimonio.
512 854 645 893 Nemo
676 853 785 893 enim
818 860 896 901 est,
924 853 993 906 qui
1024 844 1108 893 non
1134 853 1287 894 sentiat
1303 853 1345 893 in
1375 858 1580 906 potestate
1611 865 1689 892 sua
1714 865 1810 892 esse

228 931 275 957 se
304 918 355 957 ad
387 918 613 957 nonnullas
632 919 825 958 actiones
846 918 1138 966 determinare,
1169 931 1264 959 cum
1281 918 1326 957 in
1349 924 1461 957 statu
1481 917 1631 957 idoneo
1665 916 1718 956 ad
1735 917 1810 956 de—

225 983 487 1023 liberandum
518 983 733 1035 reperitur.
763 983 886 1023 Unde
916 983 1164 1024 exsistentia
1191 983 1394 1024 libertatis
1423 983 1465 1022 in
1495 982 1616 1023 nobis
1646 982 1806 1024 factum

227 1054 291 1087 est
307 1048 515 1099 quoddam
533 1047 772 1088 immediate
790 1054 1029 1096 notescens‚
1047 1047 1292 1100 quodnullis
1309 1046 1640 1099 sophismatibus
1659 1046 1808 1086 obscu-
1861 1049 1865 1054 ’

224 1113 307 1151 rari
338 1117 488 1164 potest.
520 1113 571 1151 Et
601 1112 954 1165 quemadmodum
983 1112 1196 1165 Diogenes
1226 1114 1450 1161 Zenonem,
1481 1118 1630 1152 contra
1665 1112 1804 1164 possi-

223 1178 424 1218 bilitatem
456 1184 594 1217 motus
623 1178 871 1231 loquentem,
894 1177 1203 1218 deambulando
1225 1177 1456 1217 confutavit
1479 1192 1488 1227 ;
1516 1178 1576 1218 sic
1600 1177 1804 1217 libertatis

221 1243 433 1283 humanae
463 1242 782 1296 impugnatores
811 1242 934 1283 facile
963 1242 1146 1291 refelles,
1177 1243 1430 1282 contrarium
1462 1243 1578 1292 eius,
1609 1243 1718 1296 quod
1747 1241 1805 1281 illi

220 1309 401 1356 iubeant,
432 1309 657 1361 oper.ando
689 1310 826 1361 Atque
843 1309 883 1348 1d
901 1309 1010 1361 quod
1030 1308 1298 1348 individualis
1320 1308 1584 1348 conscientia
1615 1313 1802 1356 testatur,

220 1374 471 1414 universalis
500 1375 630 1415 totius
660 1375 828 1426 generis
858 1373 1032 1413 humani
1053 1386 1289 1413 consensus
1311 1374 1545 1414 confirmat.
1568 1372 1674 1419 Quid
1697 1370 1810 1412 enim'

219 1439 332 1479 aliud
361 1445 457 1478 sunt
485 1440 614 1491 leges,
646 1445 716 1478 aut
747 1440 950 1479 bonorum
982 1453 1154 1492 operum
1185 1441 1343 1488 laudes,
1375 1445 1447 1479 aut
1482 1439 1662 1491 turpium
1693 1438 1810 1478 vitu-1

219 1506 457 1557 perationes
480 1539 488 1554 ,
521 1505 616 1558 quid
644 1505 833 1558 praemia
863 1512 933 1545 aut
962 1519 1124 1558 poenae
1166 1519 1240 1558 pro
1272 1506 1424 1547 virtute
1454 1511 1525 1545 aut
1565 1504 1663 1545 vitio
1693 1504 1805 1556 apud

218 1585 364 1612 omnes
394 1579 554 1624 gentes,
587 1571 677 1611 sive
708 1571 842 1611 cultas
871 1571 961 1611 sive
990 1572 1206 1620 barbaras,
1238 1571 1319 1611 nisi
1348 1571 1524 1611 totidem
1555 1583 1685 1610 voces
1713 1569 1806 1622 qui—

216 1635 294 1675 bus
325 1636 554 1674 humanum
584 1648 719 1687 genus
747 1635 960 1675 actionum
991 1643 1230 1675 nostrarum
1260 1635 1494 1675 libertatem
1533 1631 1806 1687 proclamat?

269 1702 307 1740 A
336 1701 461 1753 priori
483 1706 621 1740 autem
641 1701 916 1741 demonstrari
934 1707 1070 1753 potest
1086 1715 1138 1741 ex
1153 1701 1245 1753 ipsa
1261 1707 1412 1740 natura
1433 1700 1672 1741 voluntatis.
1697 1701 1805 1739 Nam

215 1780 310 1806 cum
344 1767 538 1806 voluntas
568 1766 670 1806 nihil
700 1766 812 1806 aliud
842 1766 906 1815 sit,
938 1767 1018 1806 nisi
1041 1767 1247 1820 appetitus
1276 1767 1507 1815 rationalis,
1530 1767 1570 1806 in
1594 1766 1801 1806 obiectum

213 1830 355 1879 fertur,
386 1837 507 1883 prout
522 1831 601 1883 ipsi
617 1845 643 1870 a
658 1831 821 1871 ratione
842 1832 1098 1884 proponitur.
1117 1832 1289 1879 Quoties
1310 1833 1450 1885 itaque
1470 1832 1575 1872 ratio
1597 1831 1801 1871 voluntati

213 1894 407 1947 proponit
436 1894 611 1943 obiecta,
643 1907 749 1947 quae
780 1907 858 1934 nec
889 1895 973 1936 sint
993 1894 1170 1935 felicitas
1199 1908 1278 1935 nec
1301 1908 1396 1934 cum
1418 1894 1617 1935 felicitate
1647 1907 1801 1935 neces-

213 1962 324 2001 sario
354 1961 579 2012 iungantur
601 1976 610 2011 3
633 1967 770 2000 motus
800 1961 1024 2001 voluntatis
1046 1961 1290 2001 indifferens
1312 1966 1453 2001 manet
1474 1961 1611 2013 quoad
1639 1961 1710 2000 illa
1733 1974 1801 2012 ap-

212 2027 393 2080 petenda
423 2027 490 2066 vel
518 2027 767 2079 respuenda.
799 2027 1030 2079 Utrumque
1060 2027 1171 2066 enim
1200 2041 1226 2067 a
1255 2028 1416 2068 ratione
1447 2027 1654 2066 iudicatur
1674 2039 1800 2078 posse

213 2092 316 2141 fieri,
347 2099 387 2133 et
404 2093 595 2145 utrinque
624 2091 803 2132 habetur
832 2092 998 2145 aliquid,
1029 2093 1139 2145 quod
1169 2093 1399 2146 appetitum
1428 2093 1615 2132 attrahat
1644 2092 1710 2132 vel
1730 2106 1800 2132 re-

213 2157 351 2209 pellat.
385 2158 492 2197 Nam
523 2170 576 2196 ex
606 2170 654 2196 eo
685 2157 795 2209 quod
823 2156 866 2196 in
896 2156 1059 2197 obiecto
1090 2157 1256 2197 bonitas
1299 2157 1433 2206 inest,
1464 2170 1596 2197 causa
1624 2163 1797 2209 apparet

214 2236 288 2261 cur
317 2228 569 2275 appetatur;
601 2236 655 2262 ex
685 2236 733 2262 eo
763 2228 915 2272 autern,
947 2223 1056 2276 quod
1077 2223 1242 2263 bonitas
1263 2223 1334 2262 illa
1362 2222 1480 2262 finita
1509 2228 1573 2262 est
1602 2228 1642 2262 et
1662 2222 1801 2274 aliqua

214 2302 266 2328 ex
296 2295 412 2340 parte
444 2288 657 2336 deficiens,
689 2301 821 2327 causa
851 2295 1025 2340 apparet
1055 2302 1128 2328 cur
1157 2288 1380 2337 omittatur,
1412 2293 1463 2336 et,
1496 2288 1530 2327 si
1569 2301 1664 2327 cum
1690 2289 1799 2327 malo

211 2353 480 2401 admiscetur,
511 2352 604 2392 odio
622 2352 747 2394 etiam
763 2352 980 2392 habeatur.
999 2354 1111 2405 Ergo
1128 2354 1326 2393 voluntas
1346 2353 1388 2392 in
1412 2352 1615 2392 eiusmodi
1635 2352 1800 2393 obiecta

209 2417 454 2457 necessario
486 2431 570 2457 non
599 2417 757 2465 sertur;
790 2431 840 2457 ac
871 2417 1045 2470 proinde
1076 2418 1111 2457 si
1134 2431 1185 2458 ea
1204 2418 1330 2470 eligit,
1353 2418 1393 2457 in
1421 2424 1581 2458 tantum
1612 2417 1736 2470 eligit,
1757 2417 1799 2457 in

212 2490 412 2534 quantum
444 2482 495 2521 ad
526 2481 767 2521 eorumdem
798 2481 1007 2533 optionem
1031 2495 1076 2522 se
1097 2481 1224 2522 libere
1246 2481 1504 2522 determinat.
1529 2483 1592 2521 Ex
1623 2481 1796 2521 obiectis

211 2547 332 2595 enim,
358 2548 418 2587 sic
449 2562 474 2586 a
504 2547 666 2587 ratione
686 2547 924 2600 propositis,
948 2548 1065 2587 nulla
1087 2548 1223 2600 quoad
1245 2547 1541 2600 appetitionem
1564 2547 1798 2587 necessitas

210 2610 501 2663 proficiscitur.

257 2679 391 2729 Atque
414 2676 521 2715 haec
539 2676 762 2724 sufficiant,
776 2690 870 2716 cum
888 2677 1107 2717 sitveritas
1123 2677 1164 2717 in
1179 2677 1476 2730 Metaphysica
1490 2677 1572 2717 late
1591 2676 1796 2717 discussa.

262 2743 325 2781 57.
358 2742 616 2780 Paoposmo
647 2741 704 2780 ⁶2³.
734 2742 884 2790 Aetas,
913 2742 1001 2782 sive
1031 2743 1162 2783 bonus
1192 2743 1277 2782 sive
1299 2743 1451 2791 malas,
1479 2743 1645 2782 homini
1668 2743 1796 2783 libere

218 2805 374 2857 ayenti,
407 2805 501 2844 iure
529 2805 781 2857 imputatur.

265 2869 386 2908 Prob.
407 2869 604 2921 Imputari
630 2874 770 2908 actum
792 2869 894 2908 nihil
912 2870 1023 2909 aliud
1042 2875 1115 2918 est,
1139 2883 1263 2922 quam
1285 2869 1408 2909 alicui
1428 2869 1550 2910 tribui
1580 2875 1792 2923 tamquam

225 2945 324 2972 vero
354 2932 515 2972 auctori
537 2939 575 2972 et
596 2945 764 2972 causae.
785 2933 908 2985 Atqui
930 2933 1202 2974 honiolibere
1223 2947 1357 2986 agens
1381 2941 1444 2974 est
1464 2947 1561 2974 vere
1583 2942 1731 2975 auctor
1753 2941 1794 2974 et
