1970 3203
247 210 324 250 336
370 223 437 249 IUS
467 223 668 250 NATURAE
685 235 705 240 -
722 226 830 253 PARS
850 227 901 254 111.
930 229 996 256 IUS
1016 230 1390 260 INTERNATIONALE-
1408 233 1486 260 SEU
1506 234 1698 262 GENT1UM

869 374 1116 413 ARTicULus
1147 373 1177 412 Ι.

673 504 737 543 De
769 504 929 544 mutuis
960 503 1187 543 nationum
1217 503 1377 556 officiis.

284 639 319 677 3.
350 637 522 678 Utilitas
550 636 836 677 tractationis.
868 636 924 675 Ut
953 634 1150 674 observat
1171 634 1324 682 Vattel,
1356 633 1427 673 vix
1450 633 1535 674 fere
1556 636 1822 688 sperandum

231 713 294 744 est
324 709 367 742 ut
387 702 534 742 faciles
555 715 678 741 aures
709 701 1029 741 accommodent
1051 699 1142 739 voci
1160 699 1261 739 iuris
1291 704 1414 751 atque
1436 713 1462 739 a
1482 699 1679 740 violentia
1710 701 1812 741 abs—

230 769 416 816 tineant,
461 768 529 820 qui
559 767 717 807 viribus
756 772 1000 818 praestant,
1032 763 1128 802 durn
1166 763 1217 803 ad
1250 762 1471 803 debiliores
1510 764 1805 816 opprimendos

231 847 305 887 spe
334 835 527 887 propriae
557 834 744 873 utilitatis
773 831 1039 884 pelliciuntur
1070 832 1142 880 (1).
1174 829 1219 867 Id
1250 829 1510 881 potissimum
1541 830 1590 869 de
1622 830 1808 870 nationi-

232 905 307 941 bus
337 913 483 939 verum
515 906 589 939 est.
621 901 678 939 Ut
703 898 813 938 enirn
843 897 1009 937 funesta
1039 896 1244 949 quaedam
1274 895 1534 947 experientia
1554 895 1688 944 docet,
1710 911 1808 949 gen-

229 973 318 1015 tes,
349 980 455 1019 quae
485 965 642 1005 viribus
672 965 954 1017 praepollent,
986 963 1058 1002 vix
1087 969 1158 1002 aut
1186 975 1238 1002 ne
1269 961 1340 1001 vix
1386 961 1550 1014 quidem
1586 975 1612 1001 a
1655 963 1811 1014 proprii

229 1030 393 1082 imperii
423 1028 632 1077 limitibus,
663 1029 898 1068 vicinorum
924 1029 1089 1074 damno,
1121 1025 1344 1065 dilatandis
1365 1031 1611 1078 temperant,
1642 1032 1812 1078 propter

227 1096 360 1135 solam
391 1094 623 1134 honestatis
654 1093 840 1140 laudem,
864 1092 939 1131 sed
968 1091 1102 1138 facile,
1133 1089 1168 1129 si
1198 1095 1385 1142 possunt,
1416 1090 1555 1129 aliena
1595 1090 1807 1142 diripiunt.

226 1160 282 1198 At
312 1171 395 1198 non
417 1157 573 1197 idcirco
604 1157 741 1197 oleum
770 1168 1024 1209 operamque
1046 1153 1222 1207 perdere
1253 1153 1417 1193 dicendi
1448 1167 1604 1202 sumus,
1636 1168 1731 1194 cum
1754 1156 1806 1195 de

226 1223 539 1264 internationali
570 1223 728 1262 iustitia
756 1236 807 1262 ac
837 1222 887 1261 de
907 1221 1060 1261 mutuis
1090 1220 1363 1259 humanitatis
1393 1219 1545 1259 officiis
1575 1220 1685 1259 inter
1705 1234 1805 1273 gen-

225 1296 290 1330 tes
319 1290 542 1329 servandis
578 1294 806 1342 praecepta
835 1288 1049 1327 tradimus.
1090 1286 1225 1326 Nimis
1255 1286 1365 1326 enim
1403 1286 1647 1326 iniuriosum
1690 1297 1804 1328 esset

225 1357 412 1396 humano
434 1357 591 1409 generi,
622 1356 673 1395 ob
704 1355 839 1394 tristia
869 1354 1163 1393 nonnullorum
1194 1353 1408 1405 exempla,
1441 1352 1491 1392 de
1520 1353 1706 1392 moribus
1738 1354 1812 1394 de-

227 1434 410 1474 sperare,
427 1435 477 1460 ac
510 1421 611 1460 nihil
640 1420 844 1459 valituras
873 1420 1024 1458 ducere
1046 1425 1222 1458 naturae
1243 1417 1575 1470 praeceptiones,
1595 1418 1805 1459 adversus

226 1488 497 1540 cupiditatum
526 1487 798 1526 irritamenta.
830 1486 1039 1533 Ceterum,
1070 1483 1267 1536 quidquid
1294 1483 1357 1531 sit,
1389 1496 1554 1535 semper
1567 1485 1804 1523 consultum

226 1553 302 1593 erit
332 1559 456 1606 atque
487 1553 606 1599 utile,
639 1566 690 1592 ea
719 1565 826 1604 quae
861 1565 886 1590 a
915 1559 1065 1591 natura
1094 1558 1134 1590 et
1162 1549 1308 1589 ordine
1336 1549 1690 1602 praescribuntur,
1722 1564 1802 1603 pa-

223 1616 407 1660 tefacere
437 1628 476 1659 et
505 1620 732 1667 inculcare,
764 1625 807 1658 ut
827 1618 979 1656 harum
1009 1617 1148 1668 legum
1181 1615 1404 1654 violatores
1425 1615 1636 1654 communi
1658 1617 1807 1656 saltem

225 1685 532 1737 vituperatione
563 1685 812 1736 plectantur,
844 1688 895 1730 et,
926 1681 962 1720 si
993 1680 1082 1721 fieri
1113 1686 1266 1732 potest,
1296 1692 1322 1718 a
1351 1678 1616 1731 gravioribus
1636 1679 1802 1720 iniuriis

225 1752 455 1792 inferendis
484 1752 784 1791 deterreantur.

277 1820 314 1856 4.
345 1819 491 1858 Mutua
521 1817 715 1857 Gentium
741 1816 955 1856 habitudo.
988 1815 1045 1854 Ut
1071 1811 1225 1864 singuli
1255 1811 1449 1851 homines
1479 1817 1576 1850 sunt
1598 1825 1804 1864 personae

225 1884 444 1936 physicae,
476 1883 631 1922 innatis
660 1881 819 1920 iuribus
849 1885 1037 1927 ornatae,
1070 1886 1109 1919 et
1129 1878 1171 1917 in
1191 1878 1272 1917 hoc
1303 1877 1502 1928 aequales
1526 1876 1633 1916 inter
1655 1890 1712 1926 se3
1745 1877 1807 1917 sic

224 1963 402 2001 corpora
436 1948 631 2001 politica,
662 1953 804 1986 mutuo
834 1944 1177 1998 independentia,
1215 1955 1424 1996 personae
1458 1948 1554 1982 sunt
1594 1943 1774 1982 morales
1795 1976 1804 1992 ,

223 2027 329 2066 quae
351 2013 536 2053 vicissim
559 2011 884 2064 aequiparantur
905 2016 1097 2061 respectu
1128 2007 1293 2054 iurium,
1327 2020 1379 2047 ex
1401 2007 1483 2046 hac
1504 2007 1805 2058 personalitate

223 2078 539 2129 emergentium.
571 2078 715 2128 Neque
753 2076 794 2114 in
825 2076 905 2115 hoc
937 2075 1021 2113 ulla
1052 2072 1304 2112 discriminis
1334 2072 1437 2111 ratio
1474 2072 1633 2112 desumi
1666 2079 1801 2123 potest

223 2156 277 2182 ex
307 2142 455 2181 maiori
477 2154 651 2180 numero
682 2140 893 2180 sociorum
924 2146 996 2178 aut
1015 2137 1287 2191 amplitudine
1309 2137 1518 2189 potentiae
1547 2142 1620 2177 aut
1638 2136 1807 2176 divitia-

221 2223 314 2248 rum
344 2209 477 2261 copia.
518 2209 575 2248 Ut
605 2207 714 2248 enim
744 2207 919 2259 pusillus
949 2207 1075 2246 horno
1119 2211 1161 2244 et
1190 2204 1275 2244 fere
1305 2205 1489 2244 omnium
1521 2217 1703 2256 egenus,
1734 2208 1807 2243 aut

223 2272 402 2312 imbellis
431 2272 610 2320 viribus,
642 2285 726 2310 non
756 2271 895 2310 minus
924 2270 1051 2309 horno
1082 2274 1163 2317 est,
1194 2282 1319 2321 quam
1349 2269 1465 2308 dives
1495 2282 1546 2308 ac
1576 2268 1734 2308 viribus
1765 2274 1807 2308 et

221 2338 390 2390 ingenio
421 2344 655 2389 praestans
685 2336 746 2377 sic
767 2335 1017 2388 respublica,
1047 2342 1272 2386 utcumque
1302 2333 1495 2385 angustis
1525 2334 1729 2373 conclusa
1751 2333 1806 2372 li-

221 2404 403 2452 mitibus,
433 2410 504 2442 aut
534 2402 652 2442 rudis
683 2413 722 2443 et
752 2414 891 2441 rerum
920 2401 1098 2453 penuria
1117 2400 1331 2446 laborans,
1363 2412 1495 2451 aeque
1526 2400 1709 2440 societas
1738 2399 1806 2438 in-

221 2469 460 2521 dependens
491 2475 565 2517 est,
596 2482 646 2509 ac
678 2481 854 2519 regnum
886 2475 1109 2517 utcunque
1139 2471 1288 2517 potens
1317 2471 1356 2505 et
1387 2472 1552 2505 vastum
1578 2473 1619 2504 et
1641 2464 1803 2504 maiore

221 2534 354 2585 gradu
377 2532 514 2571 cultus
537 2532 671 2571 civilis
688 2542 897 2571 ornatum.
919 2529 1136 2569 Eiusmodi
1153 2535 1292 2569 autem
1308 2529 1552 2582 aequalitas,
1571 2536 1614 2568 ut
1629 2529 1805 2580 quisque

222 2597 344 2646 videt,
367 2610 420 2636 ex
441 2598 643 2648 specifica
662 2597 878 2637 identitate
898 2602 1074 2635 naturae
1093 2593 1290 2642 dimanat,
1312 2607 1364 2633 ac
1380 2593 1551 2646 proinde
1579 2593 1621 2631 in
1645 2593 1806 2633 iuribus

223 2661 422 2709 cernitur,
439 2674 545 2713 quae
567 2661 619 2700 ab
642 2661 830 2700 essentia
850 2661 942 2712 ipsa
965 2659 1180 2699 societatis
1201 2659 1535 2711 proficiscuntur.
1554 2658 1672 2697 Haec
1693 2666 1806 2698 certe

224 2729 317 2768 iura
346 2741 420 2780 pro
446 2727 594 2780 quavis
624 2727 825 2767 societate
856 2726 1048 2766 eumdem
1069 2725 1226 2765 habent
1255 2725 1416 2765 titulum
1445 2723 1638 2776 idemque
1663 2723 1809 2764 sunda-

226 2798 427 2842 mentum,
446 2806 595 2844 nempe
613 2800 806 2832 naturam
829 2791 1013 2832 hominis
1032 2796 1071 2830 et
1088 2790 1243 2831 facturn
1261 2788 1586 2831 consociationis
1601 2788 1806 2841 politicae·

271 2935 322 2977 (1)
348 2935 397 2968 Le
421 2934 523 2968 droit
547 2933 613 2967 des
635 2943 736 2976 flens,
759 2936 783 2966 t.
807 2933 831 2972 1,
853 2933 907 2965 liv.
935 2933 973 2971 ΙΙ,
997 2932 1047 2964 ch.
1073 2932 1095 2964 I.
