1970 3203
182 179 233 218 22
864 192 1082 220 ETHioA

184 265 322 318 quoad
351 266 730 318 apprehensionem
767 268 867 308 veri.
898 267 999 308 Idea
1029 268 1137 308 enim
1176 269 1284 310 entis
1329 277 1392 310 est
1421 271 1585 323 quidem
1625 272 1758 325 prima

183 329 297 370 notio
327 344 433 384 quae
461 331 504 371 in
533 331 654 373 nobis
684 332 884 385 exsurgit,
916 340 955 373 et
985 340 1048 373 est
1078 332 1202 373 etiam
1231 333 1336 373 ratio
1366 347 1440 373 cur
1469 335 1662 388 singulae
1685 350 1763 376 ve—

181 393 327 435 ritates
357 397 734 449 apprehendantur,
765 397 839 437 sed
867 410 951 436 non
972 397 1192 450 requiritur
1212 404 1255 437 ut
1289 411 1454 451 semper
1478 400 1673 452 explicite
1694 414 1760 440 co-

178 458 344 511 gitetur,
366 473 459 499 cum
482 466 646 501 ceterae
666 460 931 513 cognitiones
953 469 1263 513 comparantur.
1284 463 1353 503 Sic
1374 477 1493 504 amor
1523 464 1633 513 boni,
1652 466 1764 518 quod

177 525 299 565 nobis
328 526 448 578 plene
478 526 688 576 sufficiat,
718 533 783 568 est
811 527 970 580 primus
1000 529 1178 569 affectus
1209 529 1251 570 in
1281 529 1422 570 animo
1457 532 1692 584 pullulans,
1724 540 1765 572 et

178 588 314 628 forma
344 591 579 631 communis
609 591 794 632 omnium
826 592 1124 645 appetitionum
1153 601 1406 644 nostrarum;
1438 596 1512 636 sed
1542 610 1646 649 opus
1678 611 1762 637 non

179 661 242 693 est
270 660 313 692 ut
341 660 439 694 actu
469 668 633 708 semper
662 663 702 697 et
732 657 927 709 explicite
958 657 1146 697 eliciatur
1175 658 1215 697 in
1247 659 1424 712 singulis
1460 662 1761 714 posterioribus

179 719 358 761 motibus
387 722 627 763 voluntatis

804 853 1050 894 AnTlcULUs
1082 855 1134 893 II.

675 985 742 1025 De
762 986 857 1038 fine
887 987 1070 1027 hominis
1102 988 1263 1027 ultimo.

230 1115 293 1153 15.
325 1115 519 1156 Gravitas
551 1117 827 1167 quaestionis.
865 1117 1089 1158 Conclusio
1123 1119 1415 1170 praecedentis
1453 1119 1616 1160 articuli
1655 1120 1759 1168 fuit,

177 1180 364 1221 ultimum
394 1182 520 1222 finem
549 1182 732 1222 hominis
761 1197 856 1224 esse
886 1183 1138 1224 felicitatem.
1162 1185 1283 1224 Nunc
1314 1185 1671 1226 determinandum
1695 1195 1758 1228 est

174 1244 216 1284 in
247 1258 326 1298 quo
357 1246 439 1286 sita
466 1245 519 1286 sit
548 1246 629 1286 ista
658 1246 846 1296 felicitas,
867 1261 942 1288 seu
963 1261 1170 1299 quaenam
1191 1249 1245 1289 sit
1264 1263 1343 1298 res,
1366 1264 1472 1303 quae
1500 1251 1635 1303 ipsam
1657 1265 1756 1291 vere

173 1309 319 1362 gignat
347 1309 389 1348 in
418 1310 552 1350 nobis.
585 1311 702 1357 Quae
733 1325 836 1351 sane
867 1313 1055 1365 quaestio
1087 1313 1279 1365 capitalis
1300 1320 1363 1354 est
1385 1314 1426 1353 in
1448 1314 1638 1354 doctrina
1661 1328 1755 1354 mo-

172 1387 264 1413 rum
295 1379 335 1413 et
364 1374 514 1414 summi
544 1376 755 1416 momenti.
789 1376 880 1416 Nisi
911 1377 1021 1416 enim
1051 1376 1261 1416 obiectiva
1295 1377 1484 1426 felicitas,
1507 1391 1578 1418 seu
1602 1378 1755 1417 bonum

171 1453 225 1480 ex
255 1440 374 1480 cuius
404 1441 626 1493 adeptione
656 1441 800 1482 felices
831 1442 1059 1491 evadimus,
1090 1449 1190 1483 ante
1211 1442 1454 1492 constiterit;
1476 1444 1518 1483 in
1548 1444 1754 1485 incertum

171 1505 270 1547 ferri
301 1520 447 1547 omnes
477 1507 684 1547 humanas
714 1508 905 1549 actiones
935 1521 1110 1549 necesse
1140 1508 1229 1557 erit,
1260 1514 1401 1562 utpote
1431 1523 1537 1562 quae
1559 1510 1646 1550 fixo
1666 1516 1753 1550 ter—

171 1570 286 1610 mino
315 1570 606 1611 destituantur.
637 1572 710 1612 Sin
739 1585 959 1625 perperam
989 1586 1040 1612 ac
1070 1572 1174 1613 false
1209 1573 1363 1613 bonum
1392 1574 1631 1614 huiusmodi
1661 1580 1751 1614 sta-

174 1635 323 1684 bilitur,
353 1637 489 1677 omnis
518 1637 704 1677 humana
732 1638 817 1677 vita
839 1651 864 1677 a
882 1651 1009 1690 scopo
1030 1651 1107 1677 suo
1129 1638 1346 1679 deerrabit.
1368 1640 1435 1678 Ad
1465 1653 1552 1680 rem
1575 1640 1749 1680 Tullius:

176 1717 197 1740 c<
229 1703 331 1742 Fine
361 1703 403 1742 in
432 1703 698 1756 philosophia
727 1705 965 1752 constituto,
997 1704 1225 1745 constituta
1254 1710 1351 1744 sunt
1376 1706 1527 1745 omnia.
1553 1707 1659 1745 Nam
1681 1719 1754 1746 ce—

175 1770 277 1810 teris
306 1769 348 1808 in
378 1770 505 1810 rebus
533 1770 622 1811 sive
651 1772 995 1824 praetermissum
1026 1771 1115 1810 sive
1157 1771 1395 1824 ignoratum
1432 1779 1496 1812 est
1531 1772 1753 1825 quidpiam,

174 1847 259 1875 non
278 1835 370 1887 plus
390 1835 644 1876 incommodi
665 1841 740 1885 est,
763 1849 886 1889 quam
907 1836 1049 1888 quanti
1071 1849 1259 1888 quaeque
1282 1849 1425 1875 earum
1448 1841 1523 1884 est,
1545 1836 1587 1874 in
1609 1835 1757 1889 quibus

176 1899 415 1951 neglectum
437 1906 501 1940 est
515 1899 681 1953 aliquid.
700 1901 916 1939 Summum
938 1906 1078 1940 autem
1099 1900 1253 1939 bonum
1275 1899 1310 1938 si
1339 1899 1567 1952 ignoretur,
1590 1899 1755 1939 vivendi

175 1963 380 2003 rationem
411 1963 608 2016 ignorare
624 1977 801 2005 necesse
828 1970 899 2004 est.
926 1965 990 2003 Ex
1011 1977 1091 2016 quo
1113 1969 1254 2003 tantus
1275 1976 1393 2003 error
1414 1962 1695 2014 consequitur,
1713 1969 1757 2002 ut

177 2042 299 2081 quem
321 2029 363 2068 in
379 2038 543 2081 portum
560 2044 605 2071 se
616 2031 821 2083 recipiant
841 2030 949 2070 scire
966 2043 1050 2070 non
1071 2030 1244 2082 possint.
1257 2028 1448 2082 Cognitis
1464 2034 1603 2068 autem
1616 2042 1755 2068 rernm

178 2095 343 2143 finibus,
365 2109 462 2134 cum
482 2095 740 2148 intelligatur
761 2096 856 2149 quid
877 2096 928 2135 sit
950 2102 989 2136 et
1009 2096 1211 2135 bonorum
1235 2102 1466 2135 extremum
1488 2095 1758 2142 etmalorum,

177 2160 352 2202 inventa
382 2164 492 2202 vitae
520 2162 590 2201 via
619 2168 684 2202 est
714 2162 1071 2215 conformatioque
1102 2161 1285 2201 omnium
1323 2161 1555 2200 officiorum
1578 2162 1655 2212 (1).
1680 2176 1698 2198 >x

233 2228 294 2268 16.
328 2228 548 2280 opiniones
576 2229 732 2269 variae.
765 2230 812 2268 In
843 2229 924 2268 hac
955 2230 1248 2268 controversia
1283 2227 1438 2279 duplex
1466 2227 1620 2266 bonum
1642 2228 1762 2268 nobis

180 2294 372 2335 occurrit:
404 2294 636 2335 increatum
667 2300 707 2334 et
737 2301 935 2334 creatum.
968 2295 1071 2334 Cum
1093 2293 1219 2346 igitur
1242 2293 1367 2332 huius
1398 2294 1570 2333 secundi
1600 2300 1759 2333 tantum

180 2357 345 2409 adeptio
375 2358 417 2397 in
447 2358 657 2410 praesenti
686 2358 772 2397 vita
799 2367 966 2411 praesto
1001 2358 1077 2406 sit;
1110 2357 1178 2410 qui
1209 2366 1391 2397 mentem
1425 2371 1448 2396 a
1486 2357 1623 2397 futuro
1657 2371 1762 2398 aevo

183 2428 306 2476 atque
337 2438 362 2463 a
391 2425 479 2464 Deo
510 2424 770 2473 abstrahunt,
800 2425 842 2463 in
873 2424 1034 2464 obiecto
1065 2424 1202 2476 aliquo
1237 2428 1379 2463 creato
1411 2423 1563 2464 sistant
1591 2429 1764 2476 oportet,

183 2491 292 2542 quod
321 2491 387 2530 vel
415 2491 620 2531 honestas
647 2491 740 2543 ipsa
769 2491 841 2539 sit,
872 2490 938 2530 vel
974 2490 1166 2542 voluptas
1187 2523 1195 2538 ,
1236 2489 1302 2530 vel
1339 2490 1507 2529 tandem
1546 2489 1764 2542 utriusque

183 2555 430 2606 complexus
459 2556 534 2607 (2).

227 2644 276 2684 (1)
305 2643 356 2675 Dc
380 2643 542 2681 Finibus,
565 2643 622 2676 lil).
650 2645 683 2675 V

232 2696 282 2735 (2)
298 2695 454 2728 Debono
468 2697 543 2728 utili
557 2697 770 2729 mentionem
784 2706 851 2729 non
867 2696 1029 2731 facimus
1045 2696 1136 2736 quia,
1151 2697 1190 2727 ut
1204 2695 1371 2737 superius
1388 2694 1606 2736 explicatum
1624 2697 1691 2732 est,
1703 2704 1771 2728 non

190 2751 246 2780 est
262 2748 423 2786 finis,sed
437 2749 591 2781 medium
609 2749 652 2781 ad
662 2748 774 2781 finem.
792 2748 884 2780 Finis
903 2748 991 2780 enim
1006 2748 1089 2780 dicit
1101 2748 1233 2788 aliquid
1246 2747 1571 2787 absolutum‚quod
1582 2749 1770 2787 spectatur

188 2813 254 2845 per
270 2812 321 2839 se;
335 2803 419 2836 utile
434 2806 553 2836 autem
570 2803 653 2835 dicit
668 2803 800 2843 aliquid
817 2803 1014 2839 relativum,
1028 2803 1124 2842 quod
1141 2803 1329 2844 spectatur
1347 2802 1499 2843 propter
1514 2800 1617 2833 aliud.
1644 2801 1764 2833 Philo-

200 2855 305 2897 sophi
322 2865 408 2888 vero
425 2856 484 2896 qui
495 2855 676 2888 utilitas-ii
684 2856 859 2892 dicuntur,
871 2855 914 2887 ad
925 2855 1123 2896 voluptatis
1136 2855 1348 2887 defensores
1365 2855 1591 2892 revocantur,
1601 2856 1639 2886 ut
1655 2854 1767 2887 fatetu

183 2911 311 2943 Stuart
327 2910 401 2942 Mill
418 2910 450 2942 in
473 2919 540 2943 suo
566 2919 676 2952 opere
700 2909 753 2942 De
784 2909 1044 2948 L'tilz'tffl·isn·‹o‚
1067 2909 1124 2942 ubi
1148 2910 1237 2942 inter
1260 2908 1328 2941 alia
1351 2908 1402 2941 sic
1433 2907 1563 2941 scribit:
1585 2919 1600 2937 «
1625 2908 1762 2950 Opinio,
