<?xml version="1.0" encoding="UTF-8"?>
<!DOCTYPE html PUBLIC "-//W3C//DTD XHTML 1.0 Transitional//EN"
    "http://www.w3.org/TR/xhtml1/DTD/xhtml1-transitional.dtd">
<html xmlns="http://www.w3.org/1999/xhtml" xml:lang="en" lang="en">
 <head>
  <title>
</title>
<meta http-equiv="Content-Type" content="text/html;charset=utf-8" />
  <meta name='ocr-system' content='tesseract 3.04.00' />
  <meta name='ocr-capabilities' content='ocr_page ocr_carea ocr_par ocr_line ocrx_word'/>
</head>
<body>
  <div class='ocr_page' id='page_1' title='image "./institutioneseth00libe_0280.png"; bbox 0 0 1970 3203; ppageno 0'>
   <div class='ocr_carea' id='block_1_1' title="bbox 162 231 1365 272">
    <p class='ocr_par' dir='ltr' id='par_1_1' title="bbox 162 231 1365 272">
     <span class='ocr_line' id='line_1_1' title="bbox 162 231 1365 272; baseline -0.006 0"><span class='ocrx_word' id='word_1_1' title='bbox 162 231 241 272; x_wconf 77' lang='lat'>276</span> <span class='ocrx_word' id='word_1_2' title='bbox 531 241 596 268; x_wconf 81' lang='lat' dir='ltr'>ms</span> <span class='ocrx_word' id='word_1_3' title='bbox 626 239 830 267; x_wconf 80' lang='lat' dir='ltr'><strong>NATURAE</strong></span> <span class='ocrx_word' id='word_1_4' title='bbox 852 248 873 255; x_wconf 91' lang='lat'><em>-</em></span> <span class='ocrx_word' id='word_1_5' title='bbox 894 238 1002 265; x_wconf 82' lang='lat' dir='ltr'>PARS</span> <span class='ocrx_word' id='word_1_6' title='bbox 1030 238 1069 264; x_wconf 84' lang='lat'>11.</span> <span class='ocrx_word' id='word_1_7' title='bbox 1098 237 1166 265; x_wconf 82' lang='lat' dir='ltr'>ms</span> <span class='ocrx_word' id='word_1_8' title='bbox 1193 238 1365 265; x_wconf 73' lang='grc' dir='ltr'>50131Αο0</span> 
     </span>
    </p>
   </div>
   <div class='ocr_carea' id='block_1_2' title="bbox 166 317 1759 2996">
    <p class='ocr_par' dir='ltr' id='par_1_2' title="bbox 166 317 1746 560">
     <span class='ocr_line' id='line_1_2' title="bbox 166 317 1740 376; baseline -0.004 -13"><span class='ocrx_word' id='word_1_9' title='bbox 166 323 383 376; x_wconf 83' lang='lat' dir='ltr'>pertineat;</span> <span class='ocrx_word' id='word_1_10' title='bbox 417 333 551 372; x_wconf 86' lang='lat' dir='ltr'>neque</span> <span class='ocrx_word' id='word_1_11' title='bbox 580 331 605 357; x_wconf 91' lang='lat' dir='ltr'>a</span> <span class='ocrx_word' id='word_1_12' title='bbox 635 319 725 358; x_wconf 88' lang='lat' dir='ltr'>solo</span> <span class='ocrx_word' id='word_1_13' title='bbox 756 317 953 370; x_wconf 80' lang='lat' dir='ltr'>principe,</span> <span class='ocrx_word' id='word_1_14' title='bbox 984 328 1119 369; x_wconf 85' lang='lat' dir='ltr'>neque</span> <span class='ocrx_word' id='word_1_15' title='bbox 1147 330 1172 356; x_wconf 89' lang='lat' dir='ltr'>a</span> <span class='ocrx_word' id='word_1_16' title='bbox 1202 317 1291 357; x_wconf 88' lang='lat' dir='ltr'>solo</span> <span class='ocrx_word' id='word_1_17' title='bbox 1311 318 1462 370; x_wconf 88' lang='lat' dir='ltr'>populo</span> <span class='ocrx_word' id='word_1_18' title='bbox 1492 317 1581 357; x_wconf 88' lang='lat' dir='ltr'>fieri</span> <span class='ocrx_word' id='word_1_19' title='bbox 1598 317 1740 369; x_wconf 89' lang='lat' dir='ltr'>possit,</span> 
     </span>
     <span class='ocr_line' id='line_1_3' title="bbox 166 380 1744 437; baseline -0.004 -9"><span class='ocrx_word' id='word_1_20' title='bbox 166 387 239 428; x_wconf 87' lang='lat' dir='ltr'>sed</span> <span class='ocrx_word' id='word_1_21' title='bbox 273 384 487 437; x_wconf 89' lang='lat' dir='ltr'>utriusque</span> <span class='ocrx_word' id='word_1_22' title='bbox 517 396 771 423; x_wconf 90' lang='lat' dir='ltr'>consensum</span> <span class='ocrx_word' id='word_1_23' title='bbox 802 381 991 434; x_wconf 81' lang='lat' dir='ltr'>postulet.</span> <span class='ocrx_word' id='word_1_24' title='bbox 1024 381 1143 428; x_wconf 81' lang='lat' dir='ltr'>Quod</span> <span class='ocrx_word' id='word_1_25' title='bbox 1174 381 1209 421; x_wconf 90' lang='lat' dir='ltr'>si</span> <span class='ocrx_word' id='word_1_26' title='bbox 1238 380 1291 420; x_wconf 91' lang='lat' dir='ltr'>ab</span> <span class='ocrx_word' id='word_1_27' title='bbox 1320 394 1404 420; x_wconf 90' lang='lat' dir='ltr'>una</span> <span class='ocrx_word' id='word_1_28' title='bbox 1433 387 1591 422; x_wconf 87' lang='lat' dir='ltr'>tantum</span> <span class='ocrx_word' id='word_1_29' title='bbox 1613 387 1744 433; x_wconf 87' lang='lat' dir='ltr'>parte,</span> 
     </span>
     <span class='ocr_line' id='line_1_4' title="bbox 174 447 1746 505; baseline -0.004 -12"><span class='ocrx_word' id='word_1_30' title='bbox 174 454 444 505; x_wconf 77' lang='lat' dir='ltr'>discrepante</span> <span class='ocrx_word' id='word_1_31' title='bbox 474 450 607 489; x_wconf 85' lang='lat' dir='ltr'>altera</span> <span class='ocrx_word' id='word_1_32' title='bbox 627 482 636 498; x_wconf 95' lang='lat'>,</span> <span class='ocrx_word' id='word_1_33' title='bbox 664 448 933 496; x_wconf 76' lang='lat' dir='ltr'>obtrudatur3</span> <span class='ocrx_word' id='word_1_34' title='bbox 963 447 1181 500; x_wconf 83' lang='lat' dir='ltr'>illegitima</span> <span class='ocrx_word' id='word_1_35' title='bbox 1213 447 1436 488; x_wconf 87' lang='lat' dir='ltr'>iudicanda</span> <span class='ocrx_word' id='word_1_36' title='bbox 1473 453 1538 488; x_wconf 90' lang='lat' dir='ltr'>est</span> <span class='ocrx_word' id='word_1_37' title='bbox 1567 453 1606 487; x_wconf 84' lang='lat' dir='ltr'>et</span> <span class='ocrx_word' id='word_1_38' title='bbox 1635 448 1746 487; x_wconf 91' lang='lat' dir='ltr'>omni</span> 
     </span>
     <span class='ocr_line' id='line_1_5' title="bbox 169 517 558 560; baseline -0.015 0"><span class='ocrx_word' id='word_1_39' title='bbox 169 519 320 560; x_wconf 83' lang='lat' dir='ltr'>robore</span> <span class='ocrx_word' id='word_1_40' title='bbox 351 517 558 558; x_wconf 86' lang='lat' dir='ltr'>destituta.</span> 
     </span>
    </p>

    <p class='ocr_par' dir='ltr' id='par_1_3' title="bbox 167 578 1748 1017">
     <span class='ocr_line' id='line_1_6' title="bbox 221 578 1745 634; baseline -0.003 -9"><span class='ocrx_word' id='word_1_41' title='bbox 221 587 264 625; x_wconf 89' lang='lat' dir='ltr'>Id</span> <span class='ocrx_word' id='word_1_42' title='bbox 297 591 433 626; x_wconf 91' lang='lat' dir='ltr'>autem</span> <span class='ocrx_word' id='word_1_43' title='bbox 465 582 633 623; x_wconf 87' lang='lat' dir='ltr'>minime</span> <span class='ocrx_word' id='word_1_44' title='bbox 650 581 964 634; x_wconf 83' lang='lat' dir='ltr'>intelligendum</span> <span class='ocrx_word' id='word_1_45' title='bbox 987 585 1051 620; x_wconf 90' lang='lat' dir='ltr'>est</span> <span class='ocrx_word' id='word_1_46' title='bbox 1071 580 1120 619; x_wconf 89' lang='lat' dir='ltr'>de</span> <span class='ocrx_word' id='word_1_47' title='bbox 1141 578 1204 628; x_wconf 87' lang='lat' dir='ltr'>iis,</span> <span class='ocrx_word' id='word_1_48' title='bbox 1226 593 1331 632; x_wconf 90' lang='lat' dir='ltr'>quae</span> <span class='ocrx_word' id='word_1_49' title='bbox 1362 593 1445 619; x_wconf 91' lang='lat' dir='ltr'>non</span> <span class='ocrx_word' id='word_1_50' title='bbox 1467 594 1629 633; x_wconf 82' lang='lat' dir='ltr'>organa</span> <span class='ocrx_word' id='word_1_51' title='bbox 1649 580 1745 620; x_wconf 85' lang='lat' dir='ltr'>fun-</span> 
     </span>
     <span class='ocr_line' id='line_1_7' title="bbox 168 643 1748 698; baseline -0.004 -8"><span class='ocrx_word' id='word_1_52' title='bbox 168 648 434 697; x_wconf 88' lang='lat' dir='ltr'>damentalia,</span> <span class='ocrx_word' id='word_1_53' title='bbox 469 647 645 687; x_wconf 87' lang='lat' dir='ltr'>formam</span> <span class='ocrx_word' id='word_1_54' title='bbox 676 644 930 698; x_wconf 84' lang='lat' dir='ltr'>reipublicae</span> <span class='ocrx_word' id='word_1_55' title='bbox 962 643 1292 692; x_wconf 77' lang='lat' dir='ltr'>determinantia,</span> <span class='ocrx_word' id='word_1_56' title='bbox 1324 644 1397 683; x_wconf 91' lang='lat' dir='ltr'>sed</span> <span class='ocrx_word' id='word_1_57' title='bbox 1418 650 1493 684; x_wconf 88' lang='lat' dir='ltr'>aut</span> <span class='ocrx_word' id='word_1_58' title='bbox 1512 657 1655 684; x_wconf 90' lang='lat' dir='ltr'>eorum</span> <span class='ocrx_word' id='word_1_59' title='bbox 1678 658 1748 684; x_wconf 84' lang='lat' dir='ltr'>ex-</span> 
     </span>
     <span class='ocr_line' id='line_1_8' title="bbox 167 707 1746 767; baseline -0.004 -13"><span class='ocrx_word' id='word_1_60' title='bbox 167 713 449 767; x_wconf 88' lang='lat' dir='ltr'>plicationem,</span> <span class='ocrx_word' id='word_1_61' title='bbox 481 718 552 752; x_wconf 91' lang='lat' dir='ltr'>aut</span> <span class='ocrx_word' id='word_1_62' title='bbox 581 724 743 764; x_wconf 84' lang='lat' dir='ltr'>organa</span> <span class='ocrx_word' id='word_1_63' title='bbox 773 708 1025 749; x_wconf 87' lang='lat' dir='ltr'>secundaria</span> <span class='ocrx_word' id='word_1_64' title='bbox 1054 707 1346 748; x_wconf 86' lang='lat' dir='ltr'>constituenda</span> <span class='ocrx_word' id='word_1_65' title='bbox 1376 708 1615 761; x_wconf 88' lang='lat' dir='ltr'>respiciunt,</span> <span class='ocrx_word' id='word_1_66' title='bbox 1637 722 1746 762; x_wconf 85' lang='lat' dir='ltr'>quae</span> 
     </span>
     <span class='ocr_line' id='line_1_9' title="bbox 170 774 1744 833; baseline -0.004 -12"><span class='ocrx_word' id='word_1_67' title='bbox 170 785 377 833; x_wconf 80' lang='lat' dir='ltr'>potestate</span> <span class='ocrx_word' id='word_1_68' title='bbox 409 777 719 818; x_wconf 88' lang='lat' dir='ltr'>communicata</span> <span class='ocrx_word' id='word_1_69' title='bbox 749 774 1011 816; x_wconf 73' lang='lat' dir='ltr'>instrumenti</span> <span class='ocrx_word' id='word_1_70' title='bbox 1053 781 1124 814; x_wconf 92' lang='lat' dir='ltr'>aut</span> <span class='ocrx_word' id='word_1_71' title='bbox 1167 774 1399 815; x_wconf 75' lang='lat' dir='ltr'>administri</span> <span class='ocrx_word' id='word_1_72' title='bbox 1445 788 1616 816; x_wconf 89' lang='lat' dir='ltr'>munere</span> <span class='ocrx_word' id='word_1_73' title='bbox 1647 775 1744 815; x_wconf 87' lang='lat' dir='ltr'>fun-</span> 
     </span>
     <span class='ocr_line' id='line_1_10' title="bbox 169 840 1744 900; baseline -0.004 -14"><span class='ocrx_word' id='word_1_74' title='bbox 169 852 336 900; x_wconf 83' lang='lat' dir='ltr'>gantur.</span> <span class='ocrx_word' id='word_1_75' title='bbox 367 845 527 884; x_wconf 89' lang='lat' dir='ltr'>Horum</span> <span class='ocrx_word' id='word_1_76' title='bbox 564 843 674 883; x_wconf 90' lang='lat' dir='ltr'>enim</span> <span class='ocrx_word' id='word_1_77' title='bbox 720 842 877 882; x_wconf 76' lang='lat' dir='ltr'>creatio</span> <span class='ocrx_word' id='word_1_78' title='bbox 921 840 1074 893; x_wconf 89' lang='lat' dir='ltr'>optime</span> <span class='ocrx_word' id='word_1_79' title='bbox 1118 840 1323 892; x_wconf 89' lang='lat' dir='ltr'>pertinere</span> <span class='ocrx_word' id='word_1_80' title='bbox 1367 840 1420 880; x_wconf 89' lang='lat' dir='ltr'>ad</span> <span class='ocrx_word' id='word_1_81' title='bbox 1451 841 1744 882; x_wconf 87' lang='lat' dir='ltr'>auctoritatem</span> 
     </span>
     <span class='ocr_line' id='line_1_11' title="bbox 169 905 1746 964; baseline -0.004 -13"><span class='ocrx_word' id='word_1_82' title='bbox 169 916 316 964; x_wconf 83' lang='lat' dir='ltr'>potest,</span> <span class='ocrx_word' id='word_1_83' title='bbox 349 917 473 962; x_wconf 90' lang='lat' dir='ltr'>atque</span> <span class='ocrx_word' id='word_1_84' title='bbox 503 916 548 950; x_wconf 92' lang='lat' dir='ltr'>ut</span> <span class='ocrx_word' id='word_1_85' title='bbox 577 921 650 960; x_wconf 89' lang='lat' dir='ltr'>per</span> <span class='ocrx_word' id='word_1_86' title='bbox 680 909 815 960; x_wconf 79' lang='lat' dir='ltr'>legem</span> <span class='ocrx_word' id='word_1_87' title='bbox 848 906 1184 955; x_wconf 76' lang='lat' dir='ltr'>determinentur,</span> <span class='ocrx_word' id='word_1_88' title='bbox 1212 905 1301 946; x_wconf 90' lang='lat' dir='ltr'>iure</span> <span class='ocrx_word' id='word_1_89' title='bbox 1332 905 1385 945; x_wconf 91' lang='lat' dir='ltr'>ad</span> <span class='ocrx_word' id='word_1_90' title='bbox 1415 911 1661 958; x_wconf 89' lang='lat' dir='ltr'>potestatem</span> <span class='ocrx_word' id='word_1_91' title='bbox 1683 907 1746 946; x_wconf 88' lang='grc'>10-</span> 
     </span>
     <span class='ocr_line' id='line_1_12' title="bbox 167 973 628 1028; baseline -0.009 -12.964"><span class='ocrx_word' id='word_1_92' title='bbox 167 975 408 1028; x_wconf 78' lang='lat' dir='ltr'>gislativam</span> <span class='ocrx_word' id='word_1_93' title='bbox 440 973 628 1014; x_wconf 79' lang='lat' dir='ltr'>refertur.</span> 
     </span>
    </p>

    <p class='ocr_par' dir='ltr' id='par_1_4' title="bbox 167 1036 1749 1288">
     <span class='ocr_line' id='line_1_13' title="bbox 221 1036 1749 1090; baseline -0.004 -9"><span class='ocrx_word' id='word_1_94' title='bbox 221 1042 284 1082; x_wconf 85' lang='grc'>84.</span> <span class='ocrx_word' id='word_1_95' title='bbox 315 1041 412 1081; x_wconf 86' lang='lat' dir='ltr'>Eius</span> <span class='ocrx_word' id='word_1_96' title='bbox 443 1040 655 1081; x_wconf 80' lang='lat' dir='ltr'>obiectum</span> <span class='ocrx_word' id='word_1_97' title='bbox 686 1042 728 1079; x_wconf 88' lang='lat' dir='ltr'>et</span> <span class='ocrx_word' id='word_1_98' title='bbox 747 1038 915 1078; x_wconf 87' lang='lat' dir='ltr'>limites.</span> <span class='ocrx_word' id='word_1_99' title='bbox 943 1037 1143 1078; x_wconf 84' lang='lat' dir='ltr'>Exclusis</span> <span class='ocrx_word' id='word_1_100' title='bbox 1162 1037 1287 1090; x_wconf 83' lang='lat' dir='ltr'>igitur</span> <span class='ocrx_word' id='word_1_101' title='bbox 1309 1037 1444 1085; x_wconf 62' lang='grc'>1011115,</span> <span class='ocrx_word' id='word_1_102' title='bbox 1467 1050 1575 1089; x_wconf 89' lang='lat' dir='ltr'>quae</span> <span class='ocrx_word' id='word_1_103' title='bbox 1597 1037 1649 1077; x_wconf 89' lang='lat' dir='ltr'>ad</span> <span class='ocrx_word' id='word_1_104' title='bbox 1670 1036 1749 1077; x_wconf 87' lang='lat' dir='ltr'>for-</span> 
     </span>
     <span class='ocr_line' id='line_1_14' title="bbox 167 1102 1744 1160; baseline -0.004 -13"><span class='ocrx_word' id='word_1_105' title='bbox 167 1122 279 1147; x_wconf 90' lang='lat' dir='ltr'>mam</span> <span class='ocrx_word' id='word_1_106' title='bbox 312 1110 444 1160; x_wconf 84' lang='lat' dir='ltr'>ipsam</span> <span class='ocrx_word' id='word_1_107' title='bbox 476 1104 665 1158; x_wconf 78' lang='lat' dir='ltr'>gubernii</span> <span class='ocrx_word' id='word_1_108' title='bbox 695 1104 983 1144; x_wconf 87' lang='lat' dir='ltr'>renovandam</span> <span class='ocrx_word' id='word_1_109' title='bbox 1013 1103 1200 1153; x_wconf 87' lang='lat' dir='ltr'>attinent,</span> <span class='ocrx_word' id='word_1_110' title='bbox 1222 1103 1264 1142; x_wconf 90' lang='lat' dir='ltr'>in</span> <span class='ocrx_word' id='word_1_111' title='bbox 1285 1103 1336 1142; x_wconf 88' lang='lat' dir='ltr'>iis</span> <span class='ocrx_word' id='word_1_112' title='bbox 1359 1102 1550 1143; x_wconf 88' lang='lat' dir='ltr'>omnibus</span> <span class='ocrx_word' id='word_1_113' title='bbox 1572 1103 1744 1155; x_wconf 87' lang='lat' dir='ltr'>spatiari</span> 
     </span>
     <span class='ocr_line' id='line_1_15' title="bbox 171 1168 1744 1225; baseline -0.004 -13"><span class='ocrx_word' id='word_1_114' title='bbox 171 1173 319 1225; x_wconf 91' lang='lat' dir='ltr'>poterit</span> <span class='ocrx_word' id='word_1_115' title='bbox 348 1170 587 1224; x_wconf 81' lang='lat' dir='ltr'>legislativa</span> <span class='ocrx_word' id='word_1_116' title='bbox 616 1176 815 1222; x_wconf 87' lang='lat' dir='ltr'>potestas,</span> <span class='ocrx_word' id='word_1_117' title='bbox 846 1182 950 1222; x_wconf 88' lang='lat' dir='ltr'>quae</span> <span class='ocrx_word' id='word_1_118' title='bbox 979 1169 1032 1208; x_wconf 87' lang='lat' dir='ltr'>ad</span> <span class='ocrx_word' id='word_1_119' title='bbox 1063 1168 1347 1221; x_wconf 88' lang='lat' dir='ltr'>operationem</span> <span class='ocrx_word' id='word_1_120' title='bbox 1383 1168 1582 1208; x_wconf 86' lang='lat' dir='ltr'>socialem</span> <span class='ocrx_word' id='word_1_121' title='bbox 1619 1181 1744 1207; x_wconf 87' lang='lat' dir='ltr'>exer-</span> 
     </span>
     <span class='ocr_line' id='line_1_16' title="bbox 170 1234 1746 1288; baseline -0.004 -9"><span class='ocrx_word' id='word_1_122' title='bbox 170 1239 347 1279; x_wconf 86' lang='lat' dir='ltr'>cendam</span> <span class='ocrx_word' id='word_1_123' title='bbox 378 1238 442 1278; x_wconf 83' lang='lat' dir='ltr'>vel</span> <span class='ocrx_word' id='word_1_124' title='bbox 473 1237 549 1276; x_wconf 89' lang='lat' dir='ltr'>rite</span> <span class='ocrx_word' id='word_1_125' title='bbox 580 1236 839 1288; x_wconf 79' lang='lat' dir='ltr'>dirigendam</span> <span class='ocrx_word' id='word_1_126' title='bbox 870 1235 1115 1276; x_wconf 87' lang='lat' dir='ltr'>necessaria</span> <span class='ocrx_word' id='word_1_127' title='bbox 1135 1241 1233 1276; x_wconf 90' lang='lat' dir='ltr'>sunt</span> <span class='ocrx_word' id='word_1_128' title='bbox 1262 1240 1333 1274; x_wconf 90' lang='lat' dir='ltr'>aut</span> <span class='ocrx_word' id='word_1_129' title='bbox 1354 1234 1479 1274; x_wconf 87' lang='lat' dir='ltr'>etiam</span> <span class='ocrx_word' id='word_1_130' title='bbox 1501 1241 1746 1287; x_wconf 89' lang='lat' dir='ltr'>opportuna.</span> 
     </span>
    </p>

    <p class='ocr_par' dir='ltr' id='par_1_5' title="bbox 169 1300 1750 1741">
     <span class='ocr_line' id='line_1_17' title="bbox 224 1300 1748 1354; baseline -0.003 -10"><span class='ocrx_word' id='word_1_131' title='bbox 224 1305 314 1351; x_wconf 81' lang='lat' dir='ltr'>Qua</span> <span class='ocrx_word' id='word_1_132' title='bbox 344 1303 384 1342; x_wconf 93' lang='lat' dir='ltr'>in</span> <span class='ocrx_word' id='word_1_133' title='bbox 414 1316 458 1343; x_wconf 90' lang='lat' dir='ltr'>re</span> <span class='ocrx_word' id='word_1_134' title='bbox 488 1300 587 1342; x_wconf 87' lang='lat' dir='ltr'>finis</span> <span class='ocrx_word' id='word_1_135' title='bbox 618 1301 811 1354; x_wconf 87' lang='lat' dir='ltr'>politicae</span> <span class='ocrx_word' id='word_1_136' title='bbox 832 1301 1047 1341; x_wconf 88' lang='lat' dir='ltr'>societatis</span> <span class='ocrx_word' id='word_1_137' title='bbox 1068 1314 1234 1352; x_wconf 86' lang='lat' dir='ltr'>semper</span> <span class='ocrx_word' id='word_1_138' title='bbox 1255 1313 1354 1351; x_wconf 90' lang='lat' dir='ltr'>prae</span> <span class='ocrx_word' id='word_1_139' title='bbox 1376 1300 1509 1340; x_wconf 90' lang='lat' dir='ltr'>oculis</span> <span class='ocrx_word' id='word_1_140' title='bbox 1526 1300 1748 1340; x_wconf 87' lang='lat' dir='ltr'>habendus</span> 
     </span>
     <span class='ocr_line' id='line_1_18' title="bbox 169 1364 1743 1420; baseline -0.003 -12"><span class='ocrx_word' id='word_1_141' title='bbox 169 1375 260 1417; x_wconf 88' lang='lat' dir='ltr'>est;</span> <span class='ocrx_word' id='word_1_142' title='bbox 291 1374 415 1420; x_wconf 86' lang='lat' dir='ltr'>atque</span> <span class='ocrx_word' id='word_1_143' title='bbox 445 1366 597 1406; x_wconf 81' lang='lat' dir='ltr'>exinde</span> <span class='ocrx_word' id='word_1_144' title='bbox 638 1365 736 1404; x_wconf 85' lang='lat' dir='ltr'>novi</span> <span class='ocrx_word' id='word_1_145' title='bbox 767 1365 917 1405; x_wconf 87' lang='lat' dir='ltr'>limites</span> <span class='ocrx_word' id='word_1_146' title='bbox 962 1370 1230 1404; x_wconf 88' lang='lat' dir='ltr'>enascuntur.</span> <span class='ocrx_word' id='word_1_147' title='bbox 1276 1365 1380 1404; x_wconf 88' lang='lat' dir='ltr'>Nam</span> <span class='ocrx_word' id='word_1_148' title='bbox 1412 1378 1508 1404; x_wconf 89' lang='lat' dir='ltr'>cum</span> <span class='ocrx_word' id='word_1_149' title='bbox 1538 1364 1743 1404; x_wconf 86' lang='lat' dir='ltr'>eiusmodi</span> 
     </span>
     <span class='ocr_line' id='line_1_19' title="bbox 170 1429 1745 1483; baseline -0.003 -9"><span class='ocrx_word' id='word_1_150' title='bbox 170 1434 266 1474; x_wconf 85' lang='lat' dir='ltr'>finis</span> <span class='ocrx_word' id='word_1_151' title='bbox 296 1433 428 1473; x_wconf 88' lang='lat' dir='ltr'>ordini</span> <span class='ocrx_word' id='word_1_152' title='bbox 459 1432 605 1472; x_wconf 92' lang='lat' dir='ltr'>morali</span> <span class='ocrx_word' id='word_1_153' title='bbox 637 1431 865 1479; x_wconf 70' lang='lat' dir='ltr'>subiaceat,</span> <span class='ocrx_word' id='word_1_154' title='bbox 898 1430 998 1469; x_wconf 90' lang='lat' dir='ltr'>nihil</span> <span class='ocrx_word' id='word_1_155' title='bbox 1030 1429 1196 1470; x_wconf 90' lang='lat' dir='ltr'>sancire</span> <span class='ocrx_word' id='word_1_156' title='bbox 1219 1430 1446 1470; x_wconf 87' lang='lat' dir='ltr'>auctoritas</span> <span class='ocrx_word' id='word_1_157' title='bbox 1467 1436 1614 1483; x_wconf 87' lang='lat' dir='ltr'>potest,</span> <span class='ocrx_word' id='word_1_158' title='bbox 1635 1430 1745 1483; x_wconf 87' lang='lat' dir='ltr'>quod</span> 
     </span>
     <span class='ocr_line' id='line_1_20' title="bbox 173 1494 1748 1547; baseline -0.001 -11"><span class='ocrx_word' id='word_1_159' title='bbox 173 1511 333 1536; x_wconf 85' lang='lat' dir='ltr'>morum</span> <span class='ocrx_word' id='word_1_160' title='bbox 363 1497 572 1536; x_wconf 86' lang='lat' dir='ltr'>honestati</span> <span class='ocrx_word' id='word_1_161' title='bbox 604 1508 654 1534; x_wconf 89' lang='lat' dir='ltr'>ac</span> <span class='ocrx_word' id='word_1_162' title='bbox 685 1494 766 1547; x_wconf 78' lang='lat' dir='ltr'>legi</span> <span class='ocrx_word' id='word_1_163' title='bbox 801 1494 967 1534; x_wconf 86' lang='lat' dir='ltr'>divinae</span> <span class='ocrx_word' id='word_1_164' title='bbox 996 1494 1228 1534; x_wconf 87' lang='lat' dir='ltr'>reluctetur.</span> <span class='ocrx_word' id='word_1_165' title='bbox 1263 1494 1331 1534; x_wconf 84' lang='lat' dir='ltr'>Sic</span> <span class='ocrx_word' id='word_1_166' title='bbox 1363 1494 1472 1535; x_wconf 88' lang='lat' dir='ltr'>enim</span> <span class='ocrx_word' id='word_1_167' title='bbox 1502 1508 1586 1535; x_wconf 90' lang='lat' dir='ltr'>non</span> <span class='ocrx_word' id='word_1_168' title='bbox 1615 1495 1748 1535; x_wconf 90' lang='lat' dir='ltr'>bene-</span> 
     </span>
     <span class='ocr_line' id='line_1_21' title="bbox 174 1560 1748 1614; baseline -0.001 -11"><span class='ocrx_word' id='word_1_169' title='bbox 174 1565 257 1604; x_wconf 88' lang='lat' dir='ltr'>fica</span> <span class='ocrx_word' id='word_1_170' title='bbox 286 1563 360 1603; x_wconf 89' lang='lat' dir='ltr'>sed</span> <span class='ocrx_word' id='word_1_171' title='bbox 389 1563 583 1602; x_wconf 85' lang='lat' dir='ltr'>malefica</span> <span class='ocrx_word' id='word_1_172' title='bbox 612 1574 761 1601; x_wconf 82' lang='lat' dir='ltr'>revera</span> <span class='ocrx_word' id='word_1_173' title='bbox 792 1566 916 1608; x_wconf 86' lang='lat' dir='ltr'>esset,</span> <span class='ocrx_word' id='word_1_174' title='bbox 946 1574 997 1600; x_wconf 90' lang='lat' dir='ltr'>ac</span> <span class='ocrx_word' id='word_1_175' title='bbox 1027 1573 1101 1613; x_wconf 90' lang='lat' dir='ltr'>per</span> <span class='ocrx_word' id='word_1_176' title='bbox 1129 1574 1175 1600; x_wconf 91' lang='lat' dir='ltr'>se</span> <span class='ocrx_word' id='word_1_177' title='bbox 1205 1560 1297 1613; x_wconf 87' lang='lat' dir='ltr'>ipsa</span> <span class='ocrx_word' id='word_1_178' title='bbox 1327 1569 1567 1610; x_wconf 83' lang='lat' dir='ltr'>corrueret3</span> <span class='ocrx_word' id='word_1_179' title='bbox 1599 1562 1748 1614; x_wconf 88' lang='lat' dir='ltr'>quippe</span> 
     </span>
     <span class='ocr_line' id='line_1_22' title="bbox 172 1625 1750 1678; baseline -0.003 -9"><span class='ocrx_word' id='word_1_180' title='bbox 172 1643 265 1670; x_wconf 87' lang='lat' dir='ltr'>cum</span> <span class='ocrx_word' id='word_1_181' title='bbox 297 1629 336 1667; x_wconf 89' lang='lat' dir='ltr'>in</span> <span class='ocrx_word' id='word_1_182' title='bbox 369 1633 528 1667; x_wconf 86' lang='lat' dir='ltr'>tantum</span> <span class='ocrx_word' id='word_1_183' title='bbox 560 1626 641 1665; x_wconf 86' lang='lat' dir='ltr'>vim</span> <span class='ocrx_word' id='word_1_184' title='bbox 673 1632 712 1666; x_wconf 88' lang='lat' dir='ltr'>et</span> <span class='ocrx_word' id='word_1_185' title='bbox 742 1625 868 1665; x_wconf 89' lang='lat' dir='ltr'>robur</span> <span class='ocrx_word' id='word_1_186' title='bbox 897 1625 1075 1673; x_wconf 89' lang='lat' dir='ltr'>habeat,</span> <span class='ocrx_word' id='word_1_187' title='bbox 1105 1625 1147 1664; x_wconf 90' lang='lat' dir='ltr'>in</span> <span class='ocrx_word' id='word_1_188' title='bbox 1177 1632 1376 1678; x_wconf 89' lang='lat' dir='ltr'>quantum</span> <span class='ocrx_word' id='word_1_189' title='bbox 1409 1625 1498 1666; x_wconf 90' lang='lat' dir='ltr'>iure</span> <span class='ocrx_word' id='word_1_190' title='bbox 1529 1626 1642 1678; x_wconf 82' lang='lat' dir='ltr'>viget</span> <span class='ocrx_word' id='word_1_191' title='bbox 1672 1627 1750 1665; x_wconf 87' lang='lat' dir='ltr'>du-</span> 
     </span>
     <span class='ocr_line' id='line_1_23' title="bbox 174 1689 1226 1741; baseline -0.005 -8"><span class='ocrx_word' id='word_1_192' title='bbox 174 1693 295 1733; x_wconf 89' lang='lat' dir='ltr'>cendi</span> <span class='ocrx_word' id='word_1_193' title='bbox 326 1692 465 1732; x_wconf 89' lang='lat' dir='ltr'>socios</span> <span class='ocrx_word' id='word_1_194' title='bbox 495 1691 535 1730; x_wconf 91' lang='lat' dir='ltr'>in</span> <span class='ocrx_word' id='word_1_195' title='bbox 567 1692 693 1730; x_wconf 89' lang='lat' dir='ltr'>finem</span> <span class='ocrx_word' id='word_1_196' title='bbox 723 1703 748 1728; x_wconf 90' lang='lat' dir='ltr'>a</span> <span class='ocrx_word' id='word_1_197' title='bbox 778 1697 928 1728; x_wconf 88' lang='lat' dir='ltr'>natura</span> <span class='ocrx_word' id='word_1_198' title='bbox 958 1689 1226 1741; x_wconf 85' lang='lat' dir='ltr'>propositum.</span> 
     </span>
    </p>

    <p class='ocr_par' dir='ltr' id='par_1_6' title="bbox 172 1752 1755 2470">
     <span class='ocr_line' id='line_1_24' title="bbox 227 1752 1750 1806; baseline -0.003 -9"><span class='ocrx_word' id='word_1_199' title='bbox 227 1757 400 1806; x_wconf 89' lang='lat' dir='ltr'>Deinde,</span> <span class='ocrx_word' id='word_1_200' title='bbox 423 1769 517 1796; x_wconf 90' lang='lat' dir='ltr'>cum</span> <span class='ocrx_word' id='word_1_201' title='bbox 538 1755 723 1795; x_wconf 87' lang='lat' dir='ltr'>ordinem</span> <span class='ocrx_word' id='word_1_202' title='bbox 746 1754 945 1793; x_wconf 88' lang='lat' dir='ltr'>socialem</span> <span class='ocrx_word' id='word_1_203' title='bbox 959 1752 1147 1793; x_wconf 85' lang='lat' dir='ltr'>externis</span> <span class='ocrx_word' id='word_1_204' title='bbox 1168 1752 1442 1805; x_wconf 89' lang='lat' dir='ltr'>mediis,quae</span> <span class='ocrx_word' id='word_1_205' title='bbox 1460 1753 1750 1793; x_wconf 88' lang='lat' dir='ltr'>tantummodo</span> 
     </span>
     <span class='ocr_line' id='line_1_25' title="bbox 172 1818 1752 1877; baseline -0.004 -12"><span class='ocrx_word' id='word_1_206' title='bbox 172 1824 214 1865; x_wconf 90' lang='lat' dir='ltr'>in</span> <span class='ocrx_word' id='word_1_207' title='bbox 234 1829 439 1877; x_wconf 81' lang='lat' dir='ltr'>potestate</span> <span class='ocrx_word' id='word_1_208' title='bbox 460 1821 643 1862; x_wconf 87' lang='lat' dir='ltr'>hominis</span> <span class='ocrx_word' id='word_1_209' title='bbox 664 1826 772 1867; x_wconf 88' lang='lat' dir='ltr'>sunt,</span> <span class='ocrx_word' id='word_1_210' title='bbox 790 1832 1014 1872; x_wconf 87' lang='lat' dir='ltr'>procurare</span> <span class='ocrx_word' id='word_1_211' title='bbox 1032 1818 1192 1867; x_wconf 86' lang='lat' dir='ltr'>debeat;</span> <span class='ocrx_word' id='word_1_212' title='bbox 1214 1819 1282 1858; x_wconf 81' lang='lat' dir='ltr'>lex</span> <span class='ocrx_word' id='word_1_213' title='bbox 1299 1819 1526 1859; x_wconf 79' lang='lat' dir='ltr'>extendere</span> <span class='ocrx_word' id='word_1_214' title='bbox 1547 1833 1592 1859; x_wconf 91' lang='lat' dir='ltr'>se</span> <span class='ocrx_word' id='word_1_215' title='bbox 1611 1820 1752 1872; x_wconf 88' lang='lat' dir='ltr'>nequit</span> 
     </span>
     <span class='ocr_line' id='line_1_26' title="bbox 174 1885 1747 1942; baseline -0.004 -11"><span class='ocrx_word' id='word_1_216' title='bbox 174 1891 227 1931; x_wconf 88' lang='lat' dir='ltr'>ad</span> <span class='ocrx_word' id='word_1_217' title='bbox 249 1904 311 1938; x_wconf 92' lang='lat' dir='ltr'>ea,</span> <span class='ocrx_word' id='word_1_218' title='bbox 332 1903 436 1942; x_wconf 85' lang='lat' dir='ltr'>quae</span> <span class='ocrx_word' id='word_1_219' title='bbox 458 1889 622 1928; x_wconf 84' lang='lat' dir='ltr'>interna</span> <span class='ocrx_word' id='word_1_220' title='bbox 640 1886 797 1926; x_wconf 86' lang='lat' dir='ltr'>homini</span> <span class='ocrx_word' id='word_1_221' title='bbox 815 1891 923 1934; x_wconf 89' lang='lat' dir='ltr'>sunt,</span> <span class='ocrx_word' id='word_1_222' title='bbox 947 1891 986 1925; x_wconf 91' lang='lat' dir='ltr'>et</span> <span class='ocrx_word' id='word_1_223' title='bbox 1007 1886 1096 1925; x_wconf 88' lang='lat' dir='ltr'>solo</span> <span class='ocrx_word' id='word_1_224' title='bbox 1118 1885 1403 1925; x_wconf 88' lang='lat' dir='ltr'>conscientiae</span> <span class='ocrx_word' id='word_1_225' title='bbox 1433 1886 1592 1925; x_wconf 89' lang='lat' dir='ltr'>ambitu</span> <span class='ocrx_word' id='word_1_226' title='bbox 1622 1886 1747 1925; x_wconf 87' lang='lat' dir='ltr'>conti-</span> 
     </span>
     <span class='ocr_line' id='line_1_27' title="bbox 174 1950 1750 2005; baseline -0.004 -9"><span class='ocrx_word' id='word_1_227' title='bbox 174 1961 336 1997; x_wconf 87' lang='lat' dir='ltr'>nentur.</span> <span class='ocrx_word' id='word_1_228' title='bbox 360 1954 478 2002; x_wconf 81' lang='lat' dir='ltr'>Quod</span> <span class='ocrx_word' id='word_1_229' title='bbox 498 1966 581 1993; x_wconf 88' lang='lat' dir='ltr'>non</span> <span class='ocrx_word' id='word_1_230' title='bbox 603 1951 773 2005; x_wconf 86' lang='lat' dir='ltr'>perinde</span> <span class='ocrx_word' id='word_1_231' title='bbox 795 1951 1108 2003; x_wconf 82' lang='lat' dir='ltr'>intelligendum</span> <span class='ocrx_word' id='word_1_232' title='bbox 1130 1958 1205 1999; x_wconf 85' lang='lat' dir='ltr'>est,</span> <span class='ocrx_word' id='word_1_233' title='bbox 1227 1951 1345 2004; x_wconf 88' lang='lat' dir='ltr'>quasi</span> <span class='ocrx_word' id='word_1_234' title='bbox 1367 1950 1669 1991; x_wconf 89' lang='lat' dir='ltr'>conscientiam</span> <span class='ocrx_word' id='word_1_235' title='bbox 1691 1951 1750 1989; x_wconf 79' lang='lat' dir='ltr'>in·</span> 
     </span>
     <span class='ocr_line' id='line_1_28' title="bbox 174 2015 1750 2068; baseline -0.005 -7"><span class='ocrx_word' id='word_1_236' title='bbox 174 2022 329 2061; x_wconf 90' lang='lat' dir='ltr'>directe</span> <span class='ocrx_word' id='word_1_237' title='bbox 361 2020 511 2059; x_wconf 88' lang='lat' dir='ltr'>saltem</span> <span class='ocrx_word' id='word_1_238' title='bbox 542 2016 628 2056; x_wconf 89' lang='lat' dir='ltr'>suis</span> <span class='ocrx_word' id='word_1_239' title='bbox 657 2015 1023 2068; x_wconf 86' lang='lat' dir='ltr'>praeceptionibus</span> <span class='ocrx_word' id='word_1_240' title='bbox 1043 2028 1128 2054; x_wconf 89' lang='lat' dir='ltr'>non</span> <span class='ocrx_word' id='word_1_241' title='bbox 1154 2015 1398 2068; x_wconf 81' lang='lat' dir='ltr'>adstringat.</span> <span class='ocrx_word' id='word_1_242' title='bbox 1422 2017 1542 2064; x_wconf 86' lang='lat' dir='ltr'>Nam,</span> <span class='ocrx_word' id='word_1_243' title='bbox 1564 2029 1658 2056; x_wconf 92' lang='lat' dir='ltr'>cum</span> <span class='ocrx_word' id='word_1_244' title='bbox 1681 2028 1750 2054; x_wconf 88' lang='lat' dir='ltr'>au-</span> 
     </span>
     <span class='ocr_line' id='line_1_29' title="bbox 178 2081 1751 2136; baseline -0.004 -9"><span class='ocrx_word' id='word_1_245' title='bbox 178 2087 362 2135; x_wconf 86' lang='lat' dir='ltr'>ctoritas,</span> <span class='ocrx_word' id='word_1_246' title='bbox 394 2092 438 2125; x_wconf 93' lang='lat' dir='ltr'>ut.</span> <span class='ocrx_word' id='word_1_247' title='bbox 468 2084 573 2123; x_wconf 88' lang='lat' dir='ltr'>alias</span> <span class='ocrx_word' id='word_1_248' title='bbox 603 2084 700 2131; x_wconf 82' lang='lat' dir='ltr'>dixi,</span> <span class='ocrx_word' id='word_1_249' title='bbox 732 2097 757 2122; x_wconf 90' lang='lat' dir='ltr'>a</span> <span class='ocrx_word' id='word_1_250' title='bbox 787 2083 874 2123; x_wconf 88' lang='lat' dir='ltr'>Deo</span> <span class='ocrx_word' id='word_1_251' title='bbox 905 2082 1121 2135; x_wconf 78' lang='lat' dir='ltr'>procedat;</span> <span class='ocrx_word' id='word_1_252' title='bbox 1151 2083 1338 2136; x_wconf 90' lang='lat' dir='ltr'>quisquis</span> <span class='ocrx_word' id='word_1_253' title='bbox 1368 2082 1604 2123; x_wconf 88' lang='lat' dir='ltr'>auctoritati</span> <span class='ocrx_word' id='word_1_254' title='bbox 1649 2081 1751 2121; x_wconf 86' lang='lat' dir='ltr'>obe-</span> 
     </span>
     <span class='ocr_line' id='line_1_30' title="bbox 175 2148 1752 2202; baseline -0.004 -9"><span class='ocrx_word' id='word_1_255' title='bbox 175 2152 372 2193; x_wconf 85' lang='lat' dir='ltr'>dientiam</span> <span class='ocrx_word' id='word_1_256' title='bbox 407 2150 652 2202; x_wconf 74' lang='lat' dir='ltr'>denegando</span> <span class='ocrx_word' id='word_1_257' title='bbox 674 2148 840 2196; x_wconf 84' lang='lat' dir='ltr'>resistit,</span> <span class='ocrx_word' id='word_1_258' title='bbox 872 2148 1036 2188; x_wconf 78' lang='lat' dir='ltr'>divinae</span> <span class='ocrx_word' id='word_1_259' title='bbox 1057 2148 1313 2188; x_wconf 89' lang='lat' dir='ltr'>ordinationi</span> <span class='ocrx_word' id='word_1_260' title='bbox 1333 2149 1500 2198; x_wconf 86' lang='lat' dir='ltr'>resistit,</span> <span class='ocrx_word' id='word_1_261' title='bbox 1521 2154 1642 2201; x_wconf 88' lang='lat' dir='ltr'>atque</span> <span class='ocrx_word' id='word_1_262' title='bbox 1659 2148 1752 2187; x_wconf 87' lang='lat' dir='ltr'>ideo</span> 
     </span>
     <span class='ocr_line' id='line_1_31' title="bbox 175 2215 1751 2270; baseline -0.004 -10"><span class='ocrx_word' id='word_1_263' title='bbox 175 2233 325 2260; x_wconf 85' lang='lat' dir='ltr'>revera</span> <span class='ocrx_word' id='word_1_264' title='bbox 355 2223 513 2270; x_wconf 86' lang='lat' dir='ltr'>peccat.</span> <span class='ocrx_word' id='word_1_265' title='bbox 548 2216 628 2255; x_wconf 83' lang='lat' dir='ltr'>Sed</span> <span class='ocrx_word' id='word_1_266' title='bbox 659 2222 818 2255; x_wconf 88' lang='lat' dir='ltr'>tantum</span> <span class='ocrx_word' id='word_1_267' title='bbox 852 2215 912 2255; x_wconf 89' lang='lat' dir='ltr'>sic</span> <span class='ocrx_word' id='word_1_268' title='bbox 941 2215 1114 2267; x_wconf 84' lang='lat' dir='ltr'>intelligi</span> <span class='ocrx_word' id='word_1_269' title='bbox 1137 2215 1269 2263; x_wconf 86' lang='lat' dir='ltr'>debet,</span> <span class='ocrx_word' id='word_1_270' title='bbox 1291 2221 1496 2267; x_wconf 87' lang='lat' dir='ltr'>quatenus</span> <span class='ocrx_word' id='word_1_271' title='bbox 1518 2215 1672 2255; x_wconf 88' lang='lat' dir='ltr'>directe</span> <span class='ocrx_word' id='word_1_272' title='bbox 1694 2215 1751 2253; x_wconf 91' lang='lat' dir='ltr'>ci-</span> 
     </span>
     <span class='ocr_line' id='line_1_32' title="bbox 179 2281 1753 2334; baseline -0.003 -10"><span class='ocrx_word' id='word_1_273' title='bbox 179 2287 273 2326; x_wconf 86' lang='lat' dir='ltr'>vilis</span> <span class='ocrx_word' id='word_1_274' title='bbox 303 2282 564 2325; x_wconf 86' lang='lat' dir='ltr'>auctoritatis</span> <span class='ocrx_word' id='word_1_275' title='bbox 594 2288 819 2334; x_wconf 85' lang='lat' dir='ltr'>praecepta</span> <span class='ocrx_word' id='word_1_276' title='bbox 859 2281 1024 2320; x_wconf 89' lang='lat' dir='ltr'>nonnisi</span> <span class='ocrx_word' id='word_1_277' title='bbox 1054 2287 1252 2321; x_wconf 85' lang='lat' dir='ltr'>externas</span> <span class='ocrx_word' id='word_1_278' title='bbox 1282 2282 1469 2321; x_wconf 83' lang='lat' dir='ltr'>actiones</span> <span class='ocrx_word' id='word_1_279' title='bbox 1499 2281 1753 2333; x_wconf 74' lang='lat' dir='ltr'>respiciunt,</span> 
     </span>
     <span class='ocr_line' id='line_1_33' title="bbox 179 2347 1755 2402; baseline -0.004 -9"><span class='ocrx_word' id='word_1_280' title='bbox 179 2360 298 2393; x_wconf 87' lang='lat' dir='ltr'>actus</span> <span class='ocrx_word' id='word_1_281' title='bbox 312 2352 421 2391; x_wconf 87' lang='lat' dir='ltr'>enim</span> <span class='ocrx_word' id='word_1_282' title='bbox 436 2348 657 2402; x_wconf 86' lang='lat' dir='ltr'>quiinterni</span> <span class='ocrx_word' id='word_1_283' title='bbox 671 2347 839 2388; x_wconf 88' lang='lat' dir='ltr'>omnino</span> <span class='ocrx_word' id='word_1_284' title='bbox 849 2355 957 2396; x_wconf 89' lang='lat' dir='ltr'>sunt,</span> <span class='ocrx_word' id='word_1_285' title='bbox 968 2347 1196 2387; x_wconf 89' lang='lat' dir='ltr'>humanam</span> <span class='ocrx_word' id='word_1_286' title='bbox 1208 2347 1341 2387; x_wconf 90' lang='lat' dir='ltr'>aciem</span> <span class='ocrx_word' id='word_1_287' title='bbox 1354 2361 1527 2399; x_wconf 87' lang='lat' dir='ltr'>prorsus</span> <span class='ocrx_word' id='word_1_288' title='bbox 1537 2348 1755 2400; x_wconf 81' lang='lat' dir='ltr'>effugiunt,</span> 
     </span>
     <span class='ocr_line' id='line_1_34' title="bbox 178 2413 1748 2470; baseline -0.004 -12"><span class='ocrx_word' id='word_1_289' title='bbox 178 2432 229 2458; x_wconf 87' lang='lat' dir='ltr'>ac</span> <span class='ocrx_word' id='word_1_290' title='bbox 249 2417 420 2470; x_wconf 85' lang='lat' dir='ltr'>proinde</span> <span class='ocrx_word' id='word_1_291' title='bbox 441 2413 745 2468; x_wconf 76' lang='lat' dir='ltr'>gubernationi,</span> <span class='ocrx_word' id='word_1_292' title='bbox 769 2427 873 2465; x_wconf 84' lang='lat' dir='ltr'>quae</span> <span class='ocrx_word' id='word_1_293' title='bbox 896 2426 1009 2452; x_wconf 91' lang='lat' dir='ltr'>mere</span> <span class='ocrx_word' id='word_1_294' title='bbox 1038 2413 1224 2452; x_wconf 90' lang='lat' dir='ltr'>humana</span> <span class='ocrx_word' id='word_1_295' title='bbox 1254 2414 1317 2461; x_wconf 87' lang='lat' dir='ltr'>sit,</span> <span class='ocrx_word' id='word_1_296' title='bbox 1350 2413 1496 2453; x_wconf 84' lang='lat' dir='ltr'>subiici</span> <span class='ocrx_word' id='word_1_297' title='bbox 1526 2422 1748 2466; x_wconf 89' lang='lat' dir='ltr'>nequeunt.</span> 
     </span>
    </p>

    <p class='ocr_par' dir='ltr' id='par_1_7' title="bbox 179 2478 1759 2996">
     <span class='ocr_line' id='line_1_35' title="bbox 231 2478 1746 2524; baseline -0.003 -1"><span class='ocrx_word' id='word_1_298' title='bbox 231 2485 419 2523; x_wconf 90' lang='lat' dir='ltr'>Tandem</span> <span class='ocrx_word' id='word_1_299' title='bbox 436 2496 531 2524; x_wconf 90' lang='lat' dir='ltr'>cum</span> <span class='ocrx_word' id='word_1_300' title='bbox 548 2481 589 2520; x_wconf 88' lang='lat' dir='ltr'>in</span> <span class='ocrx_word' id='word_1_301' title='bbox 606 2479 759 2519; x_wconf 89' lang='lat' dir='ltr'>mutuis</span> <span class='ocrx_word' id='word_1_302' title='bbox 776 2478 1047 2519; x_wconf 85' lang='lat' dir='ltr'>relationibus</span> <span class='ocrx_word' id='word_1_303' title='bbox 1064 2479 1170 2518; x_wconf 90' lang='lat' dir='ltr'>inter</span> <span class='ocrx_word' id='word_1_304' title='bbox 1190 2479 1382 2519; x_wconf 90' lang='lat' dir='ltr'>homines</span> <span class='ocrx_word' id='word_1_305' title='bbox 1403 2479 1671 2520; x_wconf 89' lang='lat' dir='ltr'>moderandis</span> <span class='ocrx_word' id='word_1_306' title='bbox 1695 2479 1746 2518; x_wconf 92' lang='lat' dir='ltr'>ci-</span> 
     </span>
     <span class='ocr_line' id='line_1_36' title="bbox 179 2543 1753 2600; baseline -0.005 -10"><span class='ocrx_word' id='word_1_307' title='bbox 179 2549 272 2590; x_wconf 83' lang='lat' dir='ltr'>vilis</span> <span class='ocrx_word' id='word_1_308' title='bbox 294 2554 480 2600; x_wconf 82' lang='lat' dir='ltr'>potestas</span> <span class='ocrx_word' id='word_1_309' title='bbox 502 2551 702 2593; x_wconf 73' lang='lat' dir='ltr'>versetur,</span> <span class='ocrx_word' id='word_1_310' title='bbox 716 2544 951 2584; x_wconf 87' lang='lat' dir='ltr'>immiscere</span> <span class='ocrx_word' id='word_1_311' title='bbox 962 2556 1006 2583; x_wconf 84' lang='lat' dir='ltr'>se</span> <span class='ocrx_word' id='word_1_312' title='bbox 1027 2543 1303 2595; x_wconf 89' lang='lat' dir='ltr'>nequitrebus</span> <span class='ocrx_word' id='word_1_313' title='bbox 1319 2543 1382 2592; x_wconf 87' lang='lat' dir='ltr'>iis,</span> <span class='ocrx_word' id='word_1_314' title='bbox 1405 2557 1510 2596; x_wconf 87' lang='lat' dir='ltr'>quae</span> <span class='ocrx_word' id='word_1_315' title='bbox 1524 2543 1753 2583; x_wconf 88' lang='lat' dir='ltr'>relationes</span> 
     </span>
     <span class='ocr_line' id='line_1_37' title="bbox 179 2607 1756 2667; baseline -0.006 -12"><span class='ocrx_word' id='word_1_316' title='bbox 179 2613 407 2667; x_wconf 84' lang='lat' dir='ltr'>respiciunt</span> <span class='ocrx_word' id='word_1_317' title='bbox 429 2610 610 2650; x_wconf 85' lang='lat' dir='ltr'>hominis</span> <span class='ocrx_word' id='word_1_318' title='bbox 631 2610 683 2649; x_wconf 87' lang='lat' dir='ltr'>ad</span> <span class='ocrx_word' id='word_1_319' title='bbox 704 2610 848 2655; x_wconf 67' lang='lat' dir='ltr'>Deum,</span> <span class='ocrx_word' id='word_1_320' title='bbox 870 2621 1045 2661; x_wconf 85' lang='lat' dir='ltr'>quarum</span> <span class='ocrx_word' id='word_1_321' title='bbox 1063 2607 1370 2648; x_wconf 86' lang='lat' dir='ltr'>administratio</span> <span class='ocrx_word' id='word_1_322' title='bbox 1393 2609 1445 2647; x_wconf 84' lang='lat' dir='ltr'>ad</span> <span class='ocrx_word' id='word_1_323' title='bbox 1463 2608 1756 2647; x_wconf 84' lang='lat' dir='ltr'>auctoritatem</span> 
     </span>
     <span class='ocr_line' id='line_1_38' title="bbox 180 2671 1746 2733; baseline -0.008 -12"><span class='ocrx_word' id='word_1_324' title='bbox 180 2679 421 2733; x_wconf 78' lang='lat' dir='ltr'>religiosam</span> <span class='ocrx_word' id='word_1_325' title='bbox 452 2676 638 2728; x_wconf 88' lang='lat' dir='ltr'>pertinet,</span> <span class='ocrx_word' id='word_1_326' title='bbox 666 2675 714 2714; x_wconf 91' lang='lat' dir='ltr'>de</span> <span class='ocrx_word' id='word_1_327' title='bbox 736 2687 817 2726; x_wconf 86' lang='lat' dir='ltr'>qna</span> <span class='ocrx_word' id='word_1_328' title='bbox 838 2673 879 2711; x_wconf 90' lang='lat' dir='ltr'>in</span> <span class='ocrx_word' id='word_1_329' title='bbox 900 2672 1019 2712; x_wconf 87' lang='lat' dir='ltr'>tertio</span> <span class='ocrx_word' id='word_1_330' title='bbox 1051 2672 1186 2724; x_wconf 87' lang='lat' dir='ltr'>capite</span> <span class='ocrx_word' id='word_1_331' title='bbox 1215 2673 1339 2712; x_wconf 90' lang='lat' dir='ltr'>huius</span> <span class='ocrx_word' id='word_1_332' title='bbox 1370 2673 1458 2712; x_wconf 80' lang='lat' dir='ltr'>libri</span> <span class='ocrx_word' id='word_1_333' title='bbox 1482 2671 1746 2711; x_wconf 80' lang='lat' dir='ltr'>disseremus.</span> 
     </span>
     <span class='ocr_line' id='line_1_39' title="bbox 182 2735 1758 2793; baseline -0.008 -8"><span class='ocrx_word' id='word_1_334' title='bbox 182 2745 301 2793; x_wconf 79' lang='lat' dir='ltr'>Quod</span> <span class='ocrx_word' id='word_1_335' title='bbox 332 2755 414 2782; x_wconf 91' lang='lat' dir='ltr'>non</span> <span class='ocrx_word' id='word_1_336' title='bbox 450 2741 507 2779; x_wconf 91' lang='lat' dir='ltr'>ita</span> <span class='ocrx_word' id='word_1_337' title='bbox 527 2738 699 2790; x_wconf 77' lang='lat' dir='ltr'>intelligi</span> <span class='ocrx_word' id='word_1_338' title='bbox 732 2736 875 2784; x_wconf 86' lang='lat' dir='ltr'>debet,</span> <span class='ocrx_word' id='word_1_339' title='bbox 917 2735 1033 2788; x_wconf 87' lang='lat' dir='ltr'>quasi</span> <span class='ocrx_word' id='word_1_340' title='bbox 1063 2741 1243 2787; x_wconf 90' lang='lat' dir='ltr'>nequeat</span> <span class='ocrx_word' id='word_1_341' title='bbox 1274 2735 1408 2774; x_wconf 88' lang='lat' dir='ltr'>civilis</span> <span class='ocrx_word' id='word_1_342' title='bbox 1438 2740 1624 2786; x_wconf 86' lang='lat' dir='ltr'>potestas</span> <span class='ocrx_word' id='word_1_343' title='bbox 1653 2748 1758 2774; x_wconf 89' lang='lat' dir='ltr'>san-</span> 
     </span>
     <span class='ocr_line' id='line_1_40' title="bbox 182 2800 1756 2854; baseline -0.008 -2"><span class='ocrx_word' id='word_1_344' title='bbox 182 2811 319 2852; x_wconf 91' lang='lat' dir='ltr'>ctione</span> <span class='ocrx_word' id='word_1_345' title='bbox 340 2822 417 2849; x_wconf 88' lang='lat' dir='ltr'>sua</span> <span class='ocrx_word' id='word_1_346' title='bbox 438 2806 685 2846; x_wconf 88' lang='lat' dir='ltr'>confirmare</span> <span class='ocrx_word' id='word_1_347' title='bbox 707 2803 887 2847; x_wconf 83' lang='lat' dir='ltr'>decreta,</span> <span class='ocrx_word' id='word_1_348' title='bbox 918 2815 1024 2854; x_wconf 89' lang='lat' dir='ltr'>quae</span> <span class='ocrx_word' id='word_1_349' title='bbox 1053 2815 1078 2840; x_wconf 88' lang='lat' dir='ltr'>a</span> <span class='ocrx_word' id='word_1_350' title='bbox 1109 2807 1313 2853; x_wconf 86' lang='lat' dir='ltr'>potestate</span> <span class='ocrx_word' id='word_1_351' title='bbox 1339 2800 1630 2840; x_wconf 85' lang='lat' dir='ltr'>ecclesiastica</span> <span class='ocrx_word' id='word_1_352' title='bbox 1652 2801 1756 2840; x_wconf 88' lang='lat' dir='ltr'>defi-</span> 
     </span>
     <span class='ocr_line' id='line_1_41' title="bbox 182 2865 1757 2921; baseline -0.007 -3"><span class='ocrx_word' id='word_1_353' title='bbox 182 2878 269 2918; x_wconf 84' lang='lat' dir='ltr'>nita</span> <span class='ocrx_word' id='word_1_354' title='bbox 300 2880 406 2916; x_wconf 88' lang='lat' dir='ltr'>sunt.</span> <span class='ocrx_word' id='word_1_355' title='bbox 438 2872 484 2912; x_wconf 86' lang='lat' dir='ltr'>Id</span> <span class='ocrx_word' id='word_1_356' title='bbox 515 2871 622 2911; x_wconf 88' lang='lat' dir='ltr'>enim</span> <span class='ocrx_word' id='word_1_357' title='bbox 655 2869 839 2921; x_wconf 83' lang='lat' dir='ltr'>profecto</span> <span class='ocrx_word' id='word_1_358' title='bbox 871 2868 966 2907; x_wconf 86' lang='lat' dir='ltr'>licet</span> <span class='ocrx_word' id='word_1_359' title='bbox 987 2874 1025 2906; x_wconf 87' lang='lat' dir='ltr'>et</span> <span class='ocrx_word' id='word_1_360' title='bbox 1047 2873 1319 2918; x_wconf 87' lang='lat' dir='ltr'>opportunum</span> <span class='ocrx_word' id='word_1_361' title='bbox 1344 2865 1589 2919; x_wconf 81' lang='lat' dir='ltr'>quandoque</span> <span class='ocrx_word' id='word_1_362' title='bbox 1618 2874 1692 2915; x_wconf 90' lang='lat' dir='ltr'>est,</span> <span class='ocrx_word' id='word_1_363' title='bbox 1715 2874 1757 2907; x_wconf 91' lang='lat' dir='ltr'>ut</span> 
     </span>
     <span class='ocr_line' id='line_1_42' title="bbox 180 2930 1759 2996; baseline -0.007 -14"><span class='ocrx_word' id='word_1_364' title='bbox 180 2944 298 2996; x_wconf 80' lang='lat' dir='ltr'>leges</span> <span class='ocrx_word' id='word_1_365' title='bbox 316 2937 534 2980; x_wconf 89' lang='lat' dir='ltr'>Ecclesiae</span> <span class='ocrx_word' id='word_1_366' title='bbox 550 2947 660 2975; x_wconf 81' lang='lat' dir='ltr'>novo</span> <span class='ocrx_word' id='word_1_367' title='bbox 681 2933 827 2973; x_wconf 88' lang='lat' dir='ltr'>robore</span> <span class='ocrx_word' id='word_1_368' title='bbox 850 2937 1096 2984; x_wconf 82' lang='lat' dir='ltr'>augeantur.</span> <span class='ocrx_word' id='word_1_369' title='bbox 1120 2931 1251 2970; x_wconf 88' lang='lat' dir='ltr'>Immo</span> <span class='ocrx_word' id='word_1_370' title='bbox 1266 2931 1297 2971; x_wconf 91' lang='lat' dir='ltr'>si</span> <span class='ocrx_word' id='word_1_371' title='bbox 1311 2930 1544 2983; x_wconf 78' lang='lat' dir='ltr'>generatim</span> <span class='ocrx_word' id='word_1_372' title='bbox 1566 2931 1615 2971; x_wconf 90' lang='lat' dir='ltr'>de</span> <span class='ocrx_word' id='word_1_373' title='bbox 1630 2932 1759 2971; x_wconf 88' lang='lat' dir='ltr'>tutela</span> 
     </span>
    </p>
   </div>
  </div>
 </body>
</html>
