1970 3203
216 215 294 254 346
338 228 403 254 ms
432 228 634 254 NATURAE
655 239 674 244 -
695 229 803 256 PARS
824 229 874 256 111.
897 230 964 256 ms
985 231 1355 260 INTERNATIONALE
1376 234 1452 261 sssu
1474 234 1666 263 GENTIUM

216 312 370 346 scatur.
401 306 480 353 At,
511 305 636 345 rebus
666 306 898 346 inhonestis
928 307 1113 347 exclusis
1132 340 1140 356 ‚
1172 315 1314 348 cetera
1333 343 1342 358 ,
1373 311 1423 351 de
1452 312 1601 364 quibus
1637 319 1789 365 gentes

214 371 322 410 inter
350 383 395 410 se
425 371 723 423 paciscuntur,
755 372 930 413 fideliter
959 380 1189 427 sancteque
1220 377 1378 416 servari
1410 378 1590 427 debent,
1627 379 1793 419 etiamsi

216 435 419 474 iacturam
440 436 634 488 aliquam,
667 450 774 489 quae
802 437 985 476 moribus
1015 451 1100 476 non
1129 439 1400 488 contradicat,
1423 454 1567 481 secum
1598 439 1791 482 afferant.

216 501 378 540 Etenim
407 501 508 540 nihil
531 502 822 542 detestabilius
853 509 918 543 est
948 503 1121 555 perfidia
1150 504 1308 554 sociali,
1340 519 1446 558 quae
1467 521 1550 547 non
1571 509 1705 549 solum
1727 509 1793 547 al-

214 565 342 606 terius
372 567 502 618 partis
524 568 810 607 contrahentis
840 568 905 608 ius
938 570 1074 618 laedit,
1106 571 1180 610 sed
1210 572 1444 612 communis
1473 574 1589 625 pacis
1620 581 1660 616 et
1680 588 1787 614 con-

215 629 386 669 cordiae
403 629 674 671 fundamenta
694 631 826 671 diruit.
845 633 994 673 Scelus
1014 633 1095 673 hac
1115 634 1156 672 in
1177 648 1221 675 re
1243 636 1434 676 omnibus
1454 638 1648 688 gentibus
1679 639 1792 678 iniu-

214 697 317 736 riam
346 696 517 749 irrogat,
549 710 599 738 ac
630 697 804 750 proinde
834 699 1044 739 communi
1075 701 1211 741 studio
1242 703 1506 755 plectendum
1536 705 1717 746 videtur.

269 766 330 803 15.
360 764 592 804 Foederum
610 765 795 816 partitio.
815 766 880 805 Ad
902 765 1116 806 foederum
1138 768 1403 820 partitionem
1425 771 1532 822 quod
1553 771 1710 820 attinet,
1737 786 1787 813 ea

215 827 339 867 dividi
362 834 534 879 possunt
555 828 629 876 sic,
651 833 693 867 ut
713 829 796 868 alia
825 829 907 868 sint
927 844 1034 882 quae
1054 844 1142 870 rem
1174 832 1401 884 respiciant
1430 833 1482 873 ad
1512 833 1577 874 ius
1608 841 1787 876 naturae

214 893 297 932 iam
318 893 608 945 pertinentem,
621 893 704 932 alia
717 907 818 933 vero
836 907 942 946 quae
959 894 1037 934 iuri
1055 896 1236 935 naturali
1250 896 1406 949 aliquid
1420 897 1631 938 adiiciant.
1649 899 1791 939 Prima

215 960 292 999 etsi
313 960 610 1012 obligationem
632 965 809 1000 naturae
830 960 1094 1010 subaudiant,
1112 975 1204 1001 eam
1227 968 1368 1002 tamen
1389 964 1598 1005 extensive
1618 965 1792 1006 validio-

214 1038 300 1064 rem
322 1023 516 1064 efficiunt.
540 1025 657 1063 Haec
678 1023 784 1063 inter
806 1024 951 1064 civiles
965 1026 1138 1077 populos
1158 1026 1321 1067 inutilia
1340 1027 1530 1069 videntur
1551 1035 1590 1069 et
1605 1029 1790 1070 fortasse

213 1087 398 1127 alterutri
418 1087 523 1137 parti
545 1086 756 1127 iniuriosa.
779 1089 834 1127 At
854 1090 1042 1140 proficua
1058 1096 1153 1129 sunt
1168 1097 1207 1130 et
1223 1092 1470 1146 quandoque
1497 1093 1620 1133 etiam
1643 1107 1793 1133 neces-

215 1153 339 1200 saria,
353 1152 517 1204 quando
532 1165 600 1191 res
617 1152 754 1204 agitur
768 1167 862 1192 cum
877 1153 1067 1194 barbaris
1082 1155 1290 1206 gentibus,
1309 1170 1414 1208 quae
1431 1157 1615 1197 iustitiae
1626 1158 1790 1210 legibus

215 1229 319 1268 erga
338 1215 603 1267 alienigenas
621 1229 667 1256 se
688 1217 759 1256 vix
780 1222 852 1256 aut
872 1230 925 1257 ne
946 1217 1017 1256 vix
1034 1219 1198 1271 quidem
1216 1221 1346 1260 teneri
1362 1221 1630 1262 arbitrantur.
1654 1223 1791 1261 Poste-

214 1280 328 1319 riora
348 1279 661 1332 obligationem,
683 1294 790 1332 quae
812 1288 909 1321 ante
926 1296 1009 1322 non
1030 1283 1234 1332 exstabat,
1256 1284 1445 1337 gignunt;
1464 1291 1503 1324 et
1520 1285 1699 1337 dispesci
1717 1299 1788 1325 so-

214 1346 300 1386 lent
315 1345 358 1384 in
382 1346 587 1398 aequalia
604 1353 644 1386 et
666 1347 928 1400 inaequalia,
951 1354 1073 1400 prout
1094 1354 1233 1400 partes
1255 1351 1555 1390 contrahentes
1577 1350 1656 1390 sibi
1673 1350 1792 1390 vicis-

216 1412 294 1452 sim
316 1412 521 1463 spondent
542 1425 610 1451 res
632 1413 803 1452 easdem
824 1415 889 1453 vel
911 1414 1062 1454 saltem
1083 1415 1409 1468 aequivalentes,
1431 1421 1501 1455 aut
1523 1428 1606 1456 una
1627 1430 1724 1468 pars
1744 1429 1791 1457 se

214 1478 308 1529 plus
338 1477 631 1528 praestituram
662 1479 908 1530 paciscitur,
939 1494 1063 1532 quam
1094 1488 1318 1534 receptura
1346 1483 1400 1522 sit
1428 1483 1483 1522 ab
1514 1484 1656 1523 altera.

270 1545 343 1583 Est
361 1546 486 1585 etiam
503 1544 616 1584 aliud
631 1559 766 1598 genus
782 1546 994 1587 foederum
1016 1548 1309 1600 inaequalium,
1327 1563 1421 1588 cum
1438 1550 1631 1590 videlicet
1647 1564 1789 1603 respu-

216 1608 363 1657 blicae,
387 1622 492 1661 quae
512 1609 791 1658 foederantur,
814 1623 897 1650 non
930 1625 975 1651 se
995 1611 1182 1651 vicissim
1213 1615 1487 1667 aequiparant
1516 1615 1652 1667 quoad
1685 1615 1791 1655 vires

216 1673 281 1712 vel
303 1673 561 1725 dignitatem,
584 1673 657 1712 sed
685 1687 767 1712 una
786 1675 905 1714 alteri
927 1675 1205 1727 anteponitur,
1228 1691 1279 1716 ac
1310 1678 1481 1730 proinde
1502 1680 1593 1731 plus
1620 1679 1791 1719 honoris

217 1744 287 1777 aut
315 1737 418 1778 iuris
449 1738 526 1777 sibi
557 1739 771 1788 adsciscit,
803 1748 972 1781 servata
1001 1747 1141 1781 tamen
1173 1741 1344 1781 alterius
1374 1742 1709 1794 independentia.

270 1804 428 1844 Deinde
445 1804 591 1844 foedus
609 1806 818 1858 dispartiri
836 1813 970 1859 potest
987 1808 1030 1847 in
1049 1809 1165 1847 reale
1181 1810 1473 1860 etpersonale,
1492 1815 1613 1861 prout
1630 1809 1787 1848 directe

217 1876 256 1910 et
275 1870 559 1922 principaliter
580 1872 881 1923 rempublicam
904 1873 1049 1925 ipsam,
1073 1881 1146 1914 aut
1176 1887 1400 1925 personam
1430 1875 1568 1927 potius
1590 1874 1788 1928 principiS

215 1937 421 1989 respiciat.
443 1937 483 1976 Si
507 1936 617 1977 enim
630 1938 710 1977 hoc
730 1939 936 1990 posterius
953 1939 1172 1988 intercidit;
1189 1927 1407 1991 obligatio,
1428 1953 1556 1992 quam
1573 1940 1720 1980 foedus
1735 1940 1792 1980 af-

216 2000 304 2049 fert,
326 2013 420 2039 cum
443 2000 688 2041 societatem
710 2001 810 2054 liget
831 2003 871 2041 vi
894 2016 1113 2054 personae,
1137 2003 1202 2043 cui
1235 2004 1434 2051 subditur,
1465 2018 1516 2044 ea
1543 2004 1790 2053 intereunte,

216 2064 468 2104 dissolvitur.
492 2065 757 2104 Contrarium
779 2065 945 2114 accidit,
967 2067 1002 2106 si
1023 2067 1168 2108 foedus
1189 2069 1301 2108 reale
1323 2068 1386 2107 sit.
1407 2068 1580 2116 Etenim,
1604 2082 1700 2107 cum
1729 2082 1792 2108 so-

216 2131 408 2170 cietatem
437 2130 571 2182 ipsam
599 2143 671 2182 per
700 2144 745 2171 se
774 2131 1020 2184 adstringat,
1040 2141 1171 2173 morte
1192 2134 1392 2185 principis
1413 2147 1497 2173 non
1528 2134 1691 2182 desinit,
1714 2134 1788 2173 sed

216 2207 490 2235 successores
520 2194 644 2234 etiam
675 2195 727 2234 ad
758 2196 882 2235 fidem
913 2198 1165 2237 servandam
1204 2197 1372 2250 obligat.
1403 2200 1471 2237 An
1510 2211 1608 2237 vero
1647 2197 1793 2237 foedus

216 2262 381 2315 aliquod
424 2262 650 2314 putandum
682 2263 735 2301 sit
764 2264 877 2303 reale
909 2264 974 2303 vel
1003 2265 1253 2315 personale,
1285 2264 1325 2303 id
1356 2278 1407 2304 ex
1440 2265 1577 2304 verbis
1601 2297 1610 2313 ,
1646 2264 1795 2316 quibus

217 2339 465 2378 expressum
494 2332 570 2374 est,
602 2332 642 2366 et
671 2340 721 2366 ex
753 2327 1079 2367 circumstantiis
1102 2333 1140 2367 et
1167 2328 1248 2368 fine
1279 2327 1543 2380 potissimum
1576 2327 1793 2366 diiudicari

220 2392 351 2432 debet.
385 2392 467 2431 Sed
497 2391 695 2443 optimum
726 2392 803 2431 erit
833 2406 999 2432 omnem
1031 2393 1297 2432 dubitationis
1318 2395 1591 2434 occasionem
1621 2395 1792 2447 eripere,

219 2462 367 2507 aperta
396 2455 455 2495 rei
487 2456 783 2504 declaratione,
814 2469 921 2509 quae
949 2456 991 2495 in
1022 2456 1208 2496 feriendo
1231 2457 1398 2497 foedere
1428 2459 1511 2506 fiat,
1534 2459 1588 2497 ad
1619 2458 1793 2510 litigium

223 2520 420 2571 deinceps
455 2520 706 2560 evitandum.
743 2520 1174 2561 Animadvertendum
1216 2528 1357 2562 tamen
1385 2529 1473 2570 est,
1505 2521 1597 2574 ipsa
1627 2520 1795 2560 foedera

217 2583 349 2622 realia
378 2583 418 2621 in
448 2590 648 2636 perpetua
678 2584 857 2636 dispesci
890 2585 954 2624 vel
984 2585 1251 2636 temporaria,
1282 2593 1321 2625 et
1341 2599 1468 2638 saepe
1497 2599 1569 2637 pro
1591 2584 1794 2637 peculiari

217 2654 378 2688 tantum
408 2650 574 2701 negotio
604 2650 698 2689 iniri
727 2664 863 2703 posse.

267 2715 403 2767 Atque
434 2715 540 2755 haec
572 2716 621 2755 de
651 2716 830 2757 diversis
858 2718 1072 2758 foederum
1104 2719 1326 2771 speciebus
1356 2719 1563 2759 delibasse
1597 2717 1791 2758 sufficiat.

215 2780 274 2818 De
302 2779 448 2819 ritibus
470 2793 582 2829 vero,
605 2782 754 2833 quibus
776 2783 979 2822 celebrari
1004 2783 1150 2832 solent,
1173 2783 1274 2822 nihil
1296 2783 1484 2833 dicimus3
1514 2797 1608 2823 cum
1638 2784 1719 2822 hac
1751 2782 1792 2820 in

214 2856 260 2882 re
290 2842 392 2882 nihil
415 2844 735 2884 determinatum
754 2860 779 2886 a
795 2852 945 2886 natura
968 2847 1034 2896 sit,
1052 2847 1125 2887 sed
1141 2847 1282 2887 omnia
1301 2861 1326 2886 a
1349 2848 1558 2888 voluntate
1587 2854 1626 2887 et
1647 2847 1794 2888 usibus

215 2909 464 2961 populorum
494 2910 714 2962 pendeant.
