1970 3203
1627 213 1703 254 1⁶29

575 362 821 416 CAPUT
862 363 1269 417 SECUNDUM

540 509 592 535 DE
624 510 795 536 OFFICIIS
826 510 994 536 HOMINIS
1024 510 1135 536 ERGA
1166 510 1293 538 DEUM.

187 614 249 653 26,
280 615 598 666 Argumentum.
622 614 877 666 Principium
899 614 1138 654 universale
1158 628 1340 656 morum:
1361 616 1534 656 Bonum
1565 617 1703 668 estfa-

135 677 341 725 ciendam,
372 679 452 718 hoc
482 678 742 729 potissimum
772 678 930 718 homini
958 679 1199 730 praecipere
1229 679 1412 728 videtur,
1443 687 1488 720 ut
1516 682 1699 722 ordinem

135 748 296 791 servet;
331 748 415 781 tum
437 742 533 795 quia
553 742 653 782 ordo
675 743 883 794 proprium
908 750 971 783 est
991 743 1143 782 bonum
1169 750 1343 784 naturae
1365 745 1593 793 rationalis,
1616 754 1699 785 tum

135 806 229 858 quia
259 806 320 845 sic
351 807 474 845 homo
507 806 548 844 in
569 806 706 845 debita
727 806 993 858 proportione
1015 820 1059 846 se
1084 806 1210 858 ponit,
1240 814 1433 859 respectu
1461 809 1615 848 entium
1637 822 1700 849 ce-

135 877 328 911 terorum.
361 872 471 911 Ordo
502 884 614 919 vero,
645 871 806 910 actibus
836 872 1030 910 humanis
1061 872 1304 924 applicatus,
1335 878 1455 924 prout
1484 875 1615 912 Deum
1643 887 1701 913 re-

134 936 326 989 spiciunt,
353 936 493 976 officia
510 936 655 988 gignit,
677 937 824 988 quibus
845 949 947 988 erga
967 950 1173 976 summum
1196 937 1307 976 hunc
1337 950 1474 976 rerum
1497 938 1700 990 Opificem

135 1000 404 1041 devincimur.
438 1001 554 1040 Iubet
584 1000 695 1039 enim
727 1005 770 1039 ut
790 1000 965 1039 eandem
987 1000 1301 1052 dependentiam
1332 1013 1357 1039 a
1386 1001 1472 1040 Deo
1501 1001 1700 1041 electione

135 1065 268 1105 libera
296 1065 577 1117 profiteamur,
608 1077 731 1117 quam
761 1077 909 1116 reapse
939 1065 1143 1103 habemus
1173 1064 1213 1103 vi
1242 1070 1431 1103 naturae.
1465 1066 1560 1104 Non
1591 1064 1702 1104 enim

132 1129 253 1169 aliter
282 1129 382 1168 ordo
426 1137 673 1180 procuratur
703 1135 742 1168 et
771 1129 1001 1169 custoditur
1029 1129 1070 1167 in
1109 1129 1321 1168 voluntate
1344 1161 1352 1176 ,
1384 1128 1465 1167 nisi
1494 1134 1701 1179 quatenus

134 1194 397 1246 operationes
427 1194 516 1234 eius
546 1194 854 1234 conformentur
874 1208 1011 1234 rerum
1033 1199 1207 1233 naturae
1228 1200 1267 1233 et
1287 1194 1571 1233 relationibus.
1594 1194 1699 1240 Quo-

132 1259 244 1298 niam
274 1271 374 1298 vero
395 1258 461 1297 his
481 1258 644 1306 officiis,
665 1272 768 1311 erga
788 1260 920 1298 Deum
952 1258 1181 1306 servandis,
1203 1271 1358 1298 novum
1392 1259 1698 1311 quodammodo

133 1335 227 1361 cum
257 1335 453 1374 suprema
468 1322 539 1361 illa
560 1324 699 1363 Causa
720 1323 930 1362 vinculum
951 1322 1120 1370 inimus;
1142 1323 1239 1362 hinc
1261 1322 1499 1362 eorumdem
1521 1335 1699 1370 summa,

132 1387 278 1439 religio
308 1401 334 1426 a
364 1389 588 1439 relz'yando
628 1402 712 1428 non
742 1388 944 1428 immerito
986 1396 1262 1440 nuncupatur.
1306 1389 1393 1428 Nec
1424 1389 1562 1429 obstat
1591 1389 1700 1441 quod

132 1453 292 1505 religio,
324 1454 466 1494 stricte
497 1461 674 1506 sumpta,
705 1454 757 1493 sit
785 1454 1007 1506 peculiaris
1038 1454 1180 1502 virtus,
1211 1468 1315 1507 quae
1345 1455 1420 1494 Dei
1458 1457 1625 1502 cultum,
1657 1462 1699 1494 ut

132 1520 342 1572 proprium
374 1519 593 1567 obiectum,
624 1519 801 1571 respicit.
829 1522 934 1559 Nam
965 1519 1026 1559 sic
1047 1520 1171 1559 etiam
1201 1516 1402 1572 inspecta,
1432 1526 1475 1559 ut
1505 1521 1700 1560 observat

133 1584 173 1622 S.
192 1584 390 1631 Thomas,
411 1584 537 1623 habet
557 1584 779 1635 quamdam
800 1583 1127 1635 generalitatem,
1151 1588 1369 1635 propterea
1392 1584 1498 1636 quod
1515 1583 1698 1623 omnium

133 1649 330 1689 virtutum
361 1655 480 1688 actus
511 1649 674 1689 ordinat
702 1649 743 1688 in
772 1649 925 1689 bonum
956 1649 1151 1688 divinum.

769 1779 1012 1818 Anrmums
1045 1780 1074 1818 I.

625 1908 690 1947 De
720 1908 929 1961 religione
953 1909 1207 1960 generatim.

182 2038 246 2078 27.
279 2038 380 2086 Quid
410 2038 567 2089 religio.
599 2037 763 2090 Religio
791 2043 926 2089 potest
956 2051 1050 2077 esse
1080 2039 1146 2078 vel
1166 2039 1372 2079 naturalis
1402 2041 1468 2080 vel
1491 2053 1701 2093 superna-

131 2101 290 2140 turalis.
323 2101 410 2141 Erit
438 2102 782 2154 supernaturaliS,
814 2101 849 2141 si
880 2102 1044 2150 officia,
1076 2116 1180 2153 quae
1215 2104 1547 2154 comprehendit,
1577 2118 1602 2144 a
1630 2119 1701 2146 re—

133 2166 352 2207 velationis
381 2181 491 2219 penu
531 2168 757 2220 depromat.
789 2169 968 2217 Contra,
1001 2168 1078 2208 erit
1106 2169 1309 2208 naturalis
1329 2203 1340 2217 ,
1372 2170 1407 2210 si
1436 2171 1524 2210 solo
1556 2171 1697 2213 nititur

130 2232 286 2272 lumine
305 2233 484 2273 naturali
506 2238 544 2273 et
562 2235 668 2286 lege,
690 2234 896 2274 mentibus
916 2234 1071 2274 nostris
1091 2234 1336 2275 naturaliter
1363 2235 1584 2289 insculpta.
1609 2239 1696 2278 Nos

128 2294 170 2334 in
200 2296 407 2347 praesenti
436 2296 489 2336 ab
518 2302 692 2349 utraque
722 2297 954 2337 differentia
982 2298 1333 2350 praescinclimus‚
1365 2306 1403 2339 et
1432 2300 1695 2353 Religionem

127 2362 322 2414 generice
344 2362 669 2411 consideramus,
683 2369 803 2415 prout
813 2364 1110 2416 obligationem
1131 2365 1335 2415 exprimit,
1357 2379 1438 2417 qua
1448 2367 1695 2407 naturaliter

127 2438 229 2477 erga
258 2427 390 2465 Deum
419 2426 699 2476 devincimur3
729 2427 817 2466 sive
846 2427 934 2467 eius
964 2427 1329 2468 determinationes
1351 2442 1423 2480 per
1443 2430 1579 2478 fidem,
1602 2432 1690 2470 Deo

124 2491 537 2539 revelantihabitam‚
550 2492 638 2531 sive
655 2505 727 2543 per
740 2493 989 2532 evidentiam
1007 2493 1179 2533 rationis
1195 2494 1396 2533 naturalis
1415 2495 1691 2548 accipiantur,

127 2569 147 2593 ))
180 2556 355 2609 Religio,
377 2556 446 2595 ait.
466 2556 505 2595 S.
528 2556 725 2604 Thomas,
747 2556 910 2608 proprie
930 2556 1125 2607 importat
1146 2557 1331 2596 ordinem
1362 2557 1414 2596 ad
1435 2559 1579 2606 Deum;
1603 2559 1693 2611 ipse

130 2619 239 2658 enim
270 2625 344 2668 est,
374 2619 440 2659 cui
469 2618 752 2671 principaliter
773 2619 936 2671 alligari
958 2620 1166 2669 debemus,
1197 2626 1407 2674 tamquam
1436 2622 1693 2662 indeficienti

130 2685 349 2738 principi0;
385 2686 438 2725 ad
459 2698 579 2738 quem
600 2685 723 2724 etiam
744 2691 888 2725 nostra
909 2685 1055 2725 electio
1086 2685 1252 2726 assidue
1284 2686 1405 2739 dirigi
1432 2687 1563 2736 debet,
1587 2689 1693 2728 sicut

129 2748 171 2787 in
199 2748 384 2788 ultimum
412 2750 538 2788 finem
569 2749 644 2800 (1).
676 2764 696 2787 »
728 2749 837 2788 Hinc
871 2753 984 2801 patet
1012 2750 1100 2789 eius
1136 2749 1448 2790 fundamentum
1493 2763 1586 2790 esse
1617 2752 1690 2791 de-

173 2877 224 2917 (1)
251 2876 404 2910 Samma
425 2878 471 2910 th.
495 2879 536 2910 2:
559 2880 613 2911 2³³
649 2888 678 2919 q.
704 2880 866 2917 LXXXI,
889 2881 951 2911 art.
978 2881 1004 2911 1.

211 2944 494 2976 LIBERATORE—
508 2943 640 2976 Eclzica
664 2947 698 2976 et
721 2945 785 2976 Ius
808 2947 981 2977 natus-ae.
1590 2946 1608 2979 9
