1970 3203
220 186 273 228 98
934 192 1151 229 ETHl'CA

275 275 436 317 Deinde
465 276 537 317 illa
566 277 691 317 etiam
723 278 846 326 bona,
876 292 982 332 quae
1012 278 1055 318 in
1083 279 1166 318 hac
1196 278 1282 318 vita
1302 278 1570 319 corollarium
1591 277 1804 331 quoddam

221 343 416 383 naturale
445 350 541 384 sunt
572 344 746 394 virtutis,
777 351 900 399 atque
930 345 1001 385 illa
1030 346 1154 394 mala,
1186 358 1293 398 quae
1313 345 1568 386 intrinsecus
1590 359 1685 385 cum
1706 345 1810 384 vitio

222 409 484 462 copulantur,
516 423 540 449 a
570 409 780 461 perfectae
808 411 1042 451 sanctionis
1074 417 1278 463 conceptu
1310 411 1527 464 multiplici
1557 411 1724 451 ratione
1745 411 1815 451 de-

222 475 380 516 ficiunt.
411 477 520 515 Nam
552 476 758 529 turpitudo
787 476 876 517 vitii
905 491 930 517 a
960 477 1132 530 perditis
1161 477 1413 526 hominibus,
1444 478 1496 518 ob
1526 492 1710 531 pravum
1740 478 1813 518 ha-

222 543 365 591 bitum,
397 556 524 595 saepe
561 542 725 583 horrori
754 557 840 584 non
870 545 1050 598 amplius
1078 544 1281 593 habetur;
1313 549 1400 584 tum
1430 545 1562 584 celari
1590 550 1728 597 potest
1759 559 1811 585 ac

221 608 398 647 mentita
427 607 591 648 virtutis
621 614 739 649 veste
768 608 921 661 obtegi.
951 610 1137 661 Itemque
1167 608 1323 648 stimuli
1353 608 1642 649 conscientiae
1664 621 1809 649 assue-

222 670 364 711 tudine
394 670 703 720 obtunduntur,
743 686 794 712 ac
834 674 1093 725 voluptatum
1125 678 1361 712 ceterarum
1402 672 1525 726 copia
1563 673 1809 713 obruuntur.

222 735 381 775 Contra
409 735 649 776 iucunditas
678 735 843 776 virtutis
874 750 1177 789 saepenumero
1208 743 1428 789 superatur
1458 750 1483 776 a
1504 737 1809 778 tormentorum

223 800 428 848 cruciatu,
460 813 542 852 quo
571 800 709 840 iustus
739 801 932 850 afficitur,
965 815 1060 841 cum
1092 815 1157 841 ex.
1180 815 1240 854 gr.
1264 814 1289 840 a
1310 800 1564 841 nefariorum
1585 802 1811 842 calumniis

225 862 380 903 samam
412 877 533 903 suam
563 864 769 904 maculari
799 865 1015 917 conspicit,
1046 873 1117 906 aut
1146 879 1172 905 a
1201 865 1395 905 violentis
1417 872 1456 905 et
1477 865 1702 918 rapacibus
1722 880 1811 907 rem

225 928 477 969 familiarem
521 929 751 982 dilapidari,
782 931 928 971 necari
957 938 1092 980 natos,
1123 944 1298 972 uxorem
1327 932 1442 984 rapi,
1472 945 1600 985 seque
1630 932 1672 972 in
1702 939 1812 974 tene-

222 994 434 1035 bricosum
464 1008 680 1036 carcerem
713 997 845 1046 trudi,
877 1004 921 1037 ut
952 999 1187 1038 truculenta
1217 1003 1256 1038 et
1284 998 1510 1040 inhonesta
1540 1005 1674 1039 morte
1710 1000 1813 1052 peri-

225 1067 375 1100 matur.

276 1128 512 1176 Postremo,
542 1133 586 1167 ut
617 1128 1013 1178 demonstravimus,
1046 1130 1211 1183 adeptio
1244 1132 1311 1171 vel
1339 1132 1512 1172 amissio
1542 1132 1674 1173 ultimi
1703 1132 1814 1180 finis,

222 1192 466 1232 consecutio
498 1193 705 1245 quaedam
740 1195 986 1234 necessaria
1017 1202 1080 1235 est
1100 1195 1263 1235 virtutis
1285 1204 1357 1237 aut
1377 1196 1476 1235 vitii.
1499 1197 1625 1249 Ergo,
1647 1196 1813 1236 etiamsi

221 1258 477 1299 connexioni
521 1265 684 1299 tantum
714 1261 896 1301 naturali
927 1267 1040 1301 stare
1072 1262 1261 1310 velimus,
1292 1262 1344 1302 ab
1374 1262 1456 1302 illis
1486 1262 1674 1303 abstrahi
1703 1263 1813 1315 cogi·

220 1325 320 1365 tatio
351 1338 434 1364 non
465 1331 613 1378 potest,
646 1326 721 1366 sed
751 1333 930 1380 utraque.
958 1329 1073 1367 velut
1107 1328 1458 1379 complementum
1489 1335 1724 1369 ceterarum
1753 1342 1815 1369 re-

221 1391 491 1431 tributionum
521 1392 719 1432 habenda
748 1394 836 1433 erit.
869 1393 988 1440 Quod
1018 1393 1052 1433 si
1082 1394 1253 1446 insuper
1282 1395 1489 1446 quaedam
1518 1395 1723 1434 bonorum
1752 1409 1814 1435 re-

220 1459 472 1509 muneratio,
502 1474 610 1513 quae
639 1461 692 1500 ab
723 1461 946 1514 adeptione
975 1461 1107 1501 ultimi
1137 1462 1236 1502 finis
1266 1462 1571 1514 proficiscatur,
1603 1468 1643 1503 et
1663 1462 1811 1515 positi-

220 1537 367 1563 vorum
398 1524 695 1577 suppliciorum
732 1525 929 1575 incursio,
961 1535 1005 1567 ut
1035 1526 1229 1576 diximus,
1261 1527 1519 1579 adiungitur,
1545 1527 1597 1575 id,
1629 1527 1726 1583 licet
1755 1527 1813 1566 in-

222 1595 386 1629 ternam
431 1596 470 1630 et
499 1591 733 1631 naturalem
780 1593 1047 1633 sanctionem
1090 1606 1175 1632 non
1207 1594 1446 1642 constituat,
1491 1594 1566 1633 sed
1595 1600 1812 1634 externam

220 1654 357 1706 potius
384 1659 425 1694 et
455 1654 734 1704 volutariam;
764 1661 907 1695 tamen
937 1669 963 1695 a
991 1656 1174 1696 iustitiae
1205 1657 1350 1697 ordine
1381 1663 1421 1697 et
1452 1657 1616 1697 debitae
1644 1671 1814 1710 propor-

219 1720 343 1761 tionis
373 1733 573 1760 mensura
601 1722 838 1774 requiritur.

277 1786 407 1826 Obila.
439 1787 490 1825 ΙΙ.
525 1786 683 1826 Saltem
714 1801 851 1839 poena
880 1793 1056 1827 aeterna
1086 1788 1315 1829 reiicienda
1345 1797 1419 1839 est;
1451 1790 1601 1842 quippe
1622 1802 1728 1842 quae
1750 1789 1813 1829 di—

221 1851 345 1891 vinae
375 1851 625 1892 clementiae
663 1858 897 1905 repugnat;
930 1858 970 1893 et
999 1853 1073 1892 fini
1102 1854 1235 1907 ipsius
1264 1868 1425 1907 poenae
1459 1855 1676 1904 dissentit,
1707 1869 1813 1908 quae

220 1931 388 1970 semper
417 1922 585 1970 propter
615 1918 953 1958 emendationem
982 1919 1197 1972 infligitur.

273 1982 326 2022 R.
356 1982 592 2022 Clementia
621 1982 665 2021 in
695 1989 811 2022 recto
843 1990 884 2024 et
912 1983 1104 2035 sapiente
1133 1984 1419 2037 gubernatore
1448 1999 1661 2038 nunquam
1682 1985 1812 2026 detri-

219 2054 407 2087 mentum
439 2046 560 2087 debet
589 2046 745 2087 inferre
781 2047 975 2088 iustitiae.
1007 2049 1046 2087 A
1074 2047 1234 2090 iustitia
1263 2062 1363 2089 vero
1394 2056 1612 2090 aeternam
1632 2063 1812 2103 poenam

221 2112 477 2165 flagitiorum
522 2113 754 2165 postulari,
800 2113 882 2153 iam
918 2113 961 2153 in
1006 2115 1304 2167 Metaphysica
1332 2115 1591 2156 ostendimus
1622 2117 1697 2168 (1).
1730 2116 1810 2156 Hic

222 2178 465 2219 summatim
509 2179 666 2232 aliquid
694 2179 883 2219 innuam.
927 2181 976 2219 In
1005 2180 1175 2232 primis,
1216 2181 1382 2234 expleto
1412 2196 1538 2222 cursu
1569 2182 1809 2232 actionum,

223 2241 372 2294 quibus
400 2242 528 2282 homo
560 2242 602 2282 in
633 2243 701 2282 via
729 2244 857 2283 veluti
888 2244 1140 2285 constitutus
1169 2245 1318 2285 mereri
1350 2246 1415 2285 vel
1437 2246 1640 2287 demereri
1661 2253 1810 2300 potest,

222 2306 396 2346 amissio
443 2307 576 2348 ultimi
614 2309 712 2349 finis
751 2317 789 2349 et
820 2311 969 2362 culpae
1019 2317 1161 2350 reatus
1193 2324 1268 2362 per
1297 2325 1342 2351 se
1371 2312 1661 2365 irreparabilia
1688 2319 1811 2362 sunt,

221 2380 346 2426 atque
375 2373 468 2413 ideo
502 2380 701 2427 perpetuo
739 2389 951 2416 mansura.
983 2375 1156 2424 Deinde,
1179 2377 1214 2416 si
1235 2390 1372 2429 poena
1392 2385 1565 2419 aeterna
1584 2393 1668 2419 non
1685 2386 1809 2429 esset,

221 2438 389 2478 tandem
411 2440 638 2492 aliquando
656 2441 825 2482 scelesti
843 2441 1035 2482 homines
1057 2441 1280 2492 proborum
1303 2453 1458 2483 sortem
1479 2445 1813 2498 aequipararent:

221 2502 320 2554 quin
351 2516 436 2552 eos,
471 2504 568 2543 dum
599 2505 686 2546 vita
715 2507 925 2555 manebat,
957 2507 1010 2546 ad
1040 2508 1282 2547 merendum
1305 2509 1413 2557 data,
1437 2510 1690 2562 flagitiorum
1713 2524 1813 2550 suo-

222 2582 314 2607 rum
358 2570 647 2620 poenituisset.
689 2573 831 2613 Tertio
863 2573 1134 2614 comminatio
1165 2588 1328 2626 poenae
1364 2576 1564 2615 motivum
1598 2577 1815 2618 sufficiens

221 2632 374 2671 offerre
399 2632 522 2672 debet
551 2635 605 2673 ad
633 2636 827 2677 homines
859 2650 886 2676 a
915 2638 1039 2690 culpa
1069 2637 1366 2688 deterrendos,
1399 2639 1524 2680 etiam
1554 2640 1590 2680 si
1621 2641 1815 2683 omnibus

223 2696 345 2737 bonis
375 2697 501 2738 huius
541 2700 652 2740 vitae
697 2702 951 2744 renunciare
980 2710 1020 2743 et
1049 2703 1242 2756 ingentes
1271 2705 1537 2746 calamitates
1567 2706 1707 2747 subire
1738 2722 1813 2748 co-

221 2766 436 2812 gerentur.
470 2763 517 2802 Id
548 2770 700 2814 autem,
733 2773 777 2806 ut
805 2767 911 2807 ratio
943 2773 983 2807 et
1013 2768 1272 2821 experientia
1302 2770 1460 2818 suadet,
1491 2783 1652 2822 poenae
1682 2778 1813 2813 aeter-

223 2824 396 2865 nitatem
437 2828 633 2879 reposcit.
675 2831 783 2870 Nam
813 2831 938 2871 huius
968 2837 1128 2872 tantum
1159 2832 1301 2873 evasio
1332 2832 1509 2873 suadere
1539 2840 1675 2887 potest
1704 2837 1811 2877 tole-

310 2932 360 2973 (1)
382 2932 555 2975 Psyche&
581 2945 607 2968 c.
637 2937 655 2969 2
679 2947 706 2969 a.
733 2938 761 2969 4.
