1970 3203
236 209 287 249 8⁵3
922 220 1141 247 ΕΤΗῐοΑ

239 310 292 336 ex
322 295 527 336 electione
543 296 765 348 pendeant,
783 302 822 336 et
839 294 943 334 nihil
965 294 1018 335 sit
1036 294 1200 335 facilius
1221 309 1344 348 quam
1366 296 1475 349 quod
1496 296 1676 349 positum
1697 296 1820 337 estin

236 369 382 403 nostra
401 368 618 416 potestate.
638 363 750 414 Ergo
772 362 825 401 ad
845 361 1030 414 perfecte
1051 362 1305 414 operandum
1328 376 1410 402 non
1432 363 1670 416 indigemus
1692 363 1821 403 virtu-

240 430 359 470 tibus.

292 494 341 533 R.
369 493 529 533 Solutio
551 498 665 546 patet
685 506 739 533 ex
756 493 878 534 dictis
897 494 937 534 in
956 492 1077 533 thesi.
1102 493 1208 533 Nam
1229 493 1271 532 in
1291 493 1436 546 primis
1456 494 1678 547 passiones
1700 495 1816 535 obsi-

236 566 347 600 stere
377 566 554 612 possunt
583 559 656 608 ita,
680 565 724 600 ut
752 566 886 609 actus,
918 559 1081 600 etiamsi
1111 559 1152 598 in
1183 566 1331 600 nostra
1360 565 1564 612 potestate
1586 560 1651 610 sit,
1676 566 1818 600 tamen

242 623 464 663 difficulter
480 624 566 663 fiat.
584 623 756 669 Deinde,
775 623 939 664 etiamsi
962 637 987 662 a
1004 621 1271 675 passionibus
1291 623 1651 675 praescindamus,
1672 630 1813 664 tamen

239 694 372 736 actus,
402 688 455 728 ab
485 689 691 730 electione
712 689 914 742 pendens,
934 689 977 728 in
998 693 1146 728 nostra
1166 687 1331 741 quidem
1351 694 1556 742 potestate
1577 696 1643 730 est
1667 695 1710 729 ut
1731 691 1818 738 fiat,

239 756 313 796 sed
343 755 713 808 qualitercumque,
743 768 827 795 non
857 762 997 796 autern
1027 760 1070 793 ut
1105 755 1179 793 fiat
1198 750 1383 807 perfecto
1415 755 1550 803 modo,
1571 768 1721 808 nempe
1742 769 1820 795 ex—

238 822 376 874 pedite
399 855 408 871 ,
448 828 692 862 constanter
731 829 770 862 et
800 821 1116 863 delectabiliter.
1153 821 1199 860 Id
1228 821 1416 862 facultati
1447 821 1602 862 liberae
1647 835 1731 861 non
1758 827 1821 862 est

238 893 389 928 natura
417 887 602 928 insitum:
624 893 748 940 atque
776 893 997 940 propterea
1026 886 1080 925 ad
1101 885 1189 926 eius
1210 892 1331 926 actus
1351 886 1423 926 tali
1444 886 1567 926 modo
1589 886 1818 927 eliciendos

237 954 474 1006 indigemus
503 953 727 993 habitibus.

296 1018 426 1059 Obiie.
458 1019 510 1057 II.
542 1017 734 1066 Habitus,
756 1017 1010 1058 inflectendo
1041 1017 1095 1056 ad
1123 1030 1263 1065 unum,
1293 1016 1398 1058 tollit
1427 1016 1674 1057 libertatem.
1705 1017 1820 1071 Ergo

241 1098 324 1125 non
355 1084 530 1136 perficit,
562 1084 638 1124 sed
666 1084 866 1137 pervertit
895 1084 1137 1137 potentiam.

295 1149 345 1188 R.
378 1149 501 1200 Negyo
534 1148 797 1188 antecedens.
822 1149 929 1188 Nam
951 1147 1149 1200 quidquid
1168 1147 1209 1187 in
1231 1147 1370 1200 aliquo
1392 1147 1603 1200 recipitur,
1624 1147 1823 1200 recipitur

235 1213 354 1253 iuxta
383 1212 552 1252 modum
582 1212 833 1264 recipientis.
865 1212 987 1252 Unde
1017 1211 1185 1252 habitus
1214 1212 1272 1252 ita
1301 1212 1499 1264 recipitur
1526 1211 1569 1251 in
1599 1212 1783 1264 potentia
1804 1245 1812 1261 ‚

238 1289 344 1328 quae
363 1281 426 1315 est
447 1276 618 1315 domina
638 1276 702 1316 sui
723 1282 855 1325 actus,
877 1282 921 1315 ut
942 1275 1181 1315 huiusmodi
1201 1276 1428 1316 dominium
1449 1276 1618 1316 minime
1640 1276 1816 1326 aufera1;

237 1356 321 1382 non
353 1342 463 1382 enim
494 1342 607 1395 cogit
637 1342 689 1382 ad
719 1355 874 1390 unum,
905 1342 979 1382 sed
1010 1346 1169 1381 tantum
1198 1341 1383 1382 inclinat.

294 1409 424 1449 Obz'z‘c.
457 1409 531 1447 III.
563 1410 656 1448 Non
687 1409 823 1448 omnis
852 1408 986 1449 virtus
1015 1408 1206 1448 consistit
1236 1408 1277 1447 in
1308 1408 1456 1449 medio.
1477 1410 1584 1448 Nam
1614 1409 1821 1461 quaedam

241 1491 286 1517 se
315 1476 545 1516 extendunt
573 1476 626 1515 ad
646 1480 860 1515 extrema:
883 1475 989 1515 sicut
1019 1474 1225 1523 fortitudo,
1247 1488 1353 1528 quae
1375 1481 1568 1515 versatur
1588 1475 1703 1515 circa
1723 1489 1820 1515 rna-

242 1542 358 1581 xima
385 1541 583 1594 pericula.

291 1608 341 1646 R.
373 1606 442 1646 Sic
472 1606 571 1645 huic
602 1605 837 1645 difficultati
866 1606 1092 1658 respondet
1121 1607 1161 1645 S.
1194 1605 1395 1645 Thomas:
1429 1620 1449 1643 ((
1474 1605 1593 1651 Quod
1614 1607 1819 1658 quaedam

238 1674 451 1724 (virtutes)
474 1673 684 1726 attingunt
702 1672 756 1711 ad
777 1671 1022 1719 maximum,
1042 1671 1221 1723 pertinet
1241 1671 1283 1710 in
1306 1670 1365 1710 eis
1386 1671 1440 1710 ad
1466 1671 1672 1712 rationem
1694 1672 1819 1713 medii

236 1738 277 1776 in
307 1742 507 1790 quantum
537 1735 768 1774 maximum
799 1735 1009 1787 attingunt
1038 1735 1269 1775 secundum
1291 1735 1477 1787 regulam
1500 1735 1687 1785 rationis,
1710 1737 1820 1778 sicut

236 1803 354 1843 fortis
375 1802 542 1855 attingit
562 1801 748 1841 maxima
768 1800 956 1852 pericula
979 1800 1209 1840 secundum
1231 1799 1447 1850 rationem,
1470 1801 1630 1841 scilicet
1651 1801 1817 1854 quando

238 1867 371 1916 debet,
402 1872 447 1906 ut
476 1867 607 1915 debet,
639 1872 678 1906 et
708 1870 875 1917 propter
904 1864 1014 1917 quod
1044 1864 1175 1904 debet.
1209 1863 1473 1915 Superfluum
1504 1864 1616 1905 enim
1642 1872 1682 1905 et
1706 1865 1820 1905 dimi·

239 1939 385 1972 nutum
415 1931 620 1983 accipitur
650 1943 734 1969 non
765 1928 997 1969 secundum
1028 1927 1300 1981 quantitatem
1331 1927 1411 1976 rei,
1439 1929 1513 1968 sed
1543 1942 1615 1981 per
1645 1941 1820 1980 compa·
1860 1974 1863 1976 ,

238 1996 444 2037 rationem
466 1996 519 2034 ad
539 1995 730 2047 regulam
761 1992 948 2040 rationis;
969 1997 1012 2032 ut
1033 2002 1133 2044 puta
1163 1992 1418 2044 superfluum
1441 1997 1564 2040 esset,
1587 1991 1621 2031 si
1651 1992 1818 2045 quando

238 2074 320 2100 non
351 2060 482 2108 debet,
515 2060 582 2099 vel
603 2066 772 2112 propter
788 2057 897 2110 quod
918 2070 1002 2096 non
1020 2056 1153 2105 debet,
1174 2054 1373 2108 periculis
1394 2068 1439 2095 se
1461 2055 1684 2107 ingereret;
1707 2055 1821 2095 dimi-

236 2134 379 2168 nutum
411 2134 552 2167 autem
583 2126 619 2165 si
650 2139 695 2166 se
726 2138 809 2165 non
831 2125 1041 2176 ingereret
1061 2123 1226 2176 quando
1249 2127 1288 2162 et
1308 2121 1484 2175 qualiter
1505 2121 1672 2162 deberet
1696 2123 1769 2174 (1).
1794 2138 1814 2162 »

293 2193 423 2233 Obc'c'c.
457 2193 528 2231 IV.
551 2192 658 2230 Pars
681 2189 887 2230 sensitiva
901 2201 985 2228 non
1006 2193 1142 2240 potest
1161 2199 1256 2226 esse
1277 2185 1510 2226 subiectum
1532 2185 1708 2225 virtutis.
1735 2186 1818 2226 Sed

239 2258 476 2306 irascibilis,
508 2263 548 2297 et
577 2252 917 2306 concupiscibilis
938 2252 1147 2305 pertinent
1167 2251 1219 2290 ad
1240 2256 1399 2302 partem
1426 2249 1682 2289 sensitivam.
1706 2250 1817 2301 Ergo

243 2323 352 2362 male
383 2326 590 2374 ponuntar
619 2318 797 2359 virtutes
827 2317 877 2356 iis
906 2316 1222 2369 respondentes.

296 2388 345 2425 R.
377 2386 490 2425 Dist.
523 2383 628 2423 mai:
655 2383 761 2421 Pars
784 2380 988 2421 sensitiva
1008 2392 1093 2419 non
1114 2383 1251 2432 potest
1270 2392 1366 2419 esse
1393 2378 1620 2419 subiectum
1642 2378 1817 2428 virtutis,

241 2467 314 2504 per
334 2465 379 2492 se
397 2456 600 2504 spectata,
623 2462 741 2496 conc,·
758 2454 877 2501 prout
897 2447 1041 2487 subest
1057 2446 1248 2499 regimini
1270 2446 1456 2495 rationis,
1477 2460 1592 2499 negyo.
1614 2446 1817 2486 Audiatur

242 2518 282 2556 S.
315 2517 516 2554 Thomas.
550 2529 569 2552 ‹<
595 2514 700 2553 Cum
720 2512 852 2553 virtus
872 2511 1059 2551 nominet
1079 2510 1285 2564 quoddam
1315 2511 1524 2562 potentiae
1544 2511 1819 2562 complemen-

181 2598 184 2601 ·
236 2577 334 2631 tum,
357 2581 566 2635 potentiae
599 2569 817 2620 autem‘ad
837 2584 977 2619 actum
1001 2577 1241 2629 respiciant3
1263 2583 1428 2630 oportet
1447 2577 1675 2616 humanam
1691 2576 1816 2616 virtu-

239 2654 320 2687 tem
338 2646 379 2685 in
398 2646 468 2684 illa
484 2644 670 2697 potentia
687 2655 855 2696 ponere,
871 2656 977 2696 quae
993 2652 1056 2682 est
1072 2640 1320 2694 principium
1343 2646 1463 2680 actus
1479 2639 1662 2679 humani.
1684 2640 1818 2680 Actus

237 2718 375 2751 autem
393 2709 605 2747 humanus
627 2708 789 2756 dicitur,
802 2707 870 2760 qui
893 2720 977 2746 non
997 2719 1256 2759 quocumque
1275 2705 1397 2745 modo
1415 2705 1458 2743 in
1478 2703 1647 2743 homine
1664 2704 1728 2743 vel
1745 2717 1819 2756 per

236 2774 448 2815 hominem
467 2777 698 2821 exercetur,
709 2785 802 2811 cum
822 2771 863 2810 in
881 2770 1128 2823 quibusdam
1147 2770 1273 2809 etiam
1294 2769 1474 2821 plantae,
1487 2766 1673 2815 bruta,et
1688 2768 1814 2808 homi.

285 2920 333 2961 (1)
363 2919 424 2960 Oq.
449 2915 549 2957 Disp.
578 2911 756 2950 Quaestio
782 2911 834 2944 De
858 2910 1057 2944 virtutihus
1083 2909 1120 2943 in
1146 2894 1344 2948 eoinmtcni,
1369 2918 1399 2941 a.
1427 2909 1463 2941 13
1487 2908 1531 2940 ad
1557 2909 1582 2940 5.
