1970 3203
646 227 783 253 CAPUT
810 227 847 252 11.
876 225 928 252 DE
958 222 1187 252 SOCOETATE
1216 224 1332 250 cxvxm
1695 212 1773 250 251

205 302 525 355 gubernabatur.
557 301 706 354 Nequit
725 301 832 341 enim
854 306 981 340 totum
1013 299 1177 351 aliquod
1199 298 1240 337 in
1268 304 1397 337 totum
1418 297 1529 337 aliud
1550 297 1772 349 perfectius

201 367 457 415 commutari,
487 366 585 419 quin
613 367 694 405 hoc
722 365 813 418 ipso
842 372 982 417 partes
1003 363 1138 409 etiam,
1159 362 1306 415 quibus
1326 367 1453 401 totum
1475 361 1574 399 illud
1596 368 1769 400 consta-

201 429 282 476 bat,
302 442 454 468 novam
476 428 769 480 perfectionem
790 427 1030 479 suscipiant.
1055 426 1169 465 Sicut
1189 425 1314 477 igitur
1335 425 1549 464 multitudo
1571 424 1767 477 praeviae

202 492 413 532 societatis
442 491 483 530 in
514 505 666 531 novam
696 491 1024 536 multitudinem,
1057 490 1188 541 magis
1217 489 1468 541 perfectam,
1500 489 1678 536 transit;
1710 488 1771 528 sic

200 557 308 597 idem
341 558 559 597 dicendum
590 563 655 597 est
675 557 724 596 de
745 556 1004 596 auctoritate.
1027 555 1187 594 Titulus
1207 556 1343 607 igitur,
1364 555 1653 595 auctoritatem
1674 554 1772 607 poli-

200 623 326 662 ticam
356 623 397 662 in
429 623 614 664 subiecto
645 623 781 675 aliquo
812 623 1105 669 determinans,
1126 622 1301 661 naturali
1323 635 1458 669 cursu,
1482 629 1545 661 est
1566 622 1630 661 ius
1651 634 1767 674 prae-

207 686 448 734 exsistens,
479 687 586 738 quod
616 687 765 726 ceteris
794 687 1006 738 praevalet
1036 694 1227 737 respectu
1256 687 1413 725 ordinis
1445 685 1699 737 producendi
1728 685 1770 723 in

202 764 314 790 nova
343 751 590 798 conditione,
617 764 743 802 quam
773 751 904 790 induit
933 751 1161 791 multitudo.
1193 752 1337 797 Immo,
1368 751 1402 789 si
1423 764 1491 790 res
1511 750 1654 791 intime
1675 763 1771 802 per-

202 816 406 868 pendatur
432 816 502 854 illa
529 816 622 868 ipsa
650 816 749 856 iuris
779 816 1063 868 praevalentia
1089 830 1161 868 per
1181 829 1226 856 se
1246 815 1534 855 auctoritatem
1558 815 1769 855 constituit

202 894 276 934 pro
305 894 416 920 nova
444 881 590 929 forma,
619 882 660 920 in
690 896 812 935 quam
843 881 1024 921 societas
1049 881 1289 921 successive
1319 894 1364 920 se
1395 880 1587 932 explicat.
1609 881 1767 919 Aucto—

203 947 305 986 ritas
335 947 444 986 enim
474 945 586 984 aliud
614 959 697 986 non
728 954 791 986 est
818 946 1039 999 quidquam
1063 978 1070 991 ,
1101 946 1180 986 nisi
1209 946 1273 985 ius
1303 945 1480 998 ponendi
1511 945 1697 984 ordinem
1727 943 1768 982 in

168 1012 171 1015 ”
203 1010 471 1051 multitudine.
511 1012 745 1063 Utcumque
781 1018 918 1051 autem
950 1011 1164 1050 multitudo
1195 1011 1377 1050 varietur
1398 1043 1406 1059 ,
1437 1010 1501 1050 ius
1530 1010 1629 1049 illud
1658 1009 1767 1048 idem

201 1090 274 1129 per
301 1090 347 1116 se
378 1083 516 1116 manet
535 1091 545 1125 ;
567 1084 607 1116 et
621 1083 779 1117 tantum
801 1089 954 1115 novum
975 1077 1141 1116 modum
1163 1075 1360 1128 operandi
1382 1075 1631 1123 manifestat,
1653 1080 1771 1126 prout

202 1157 337 1184 novae
376 1143 599 1183 relationes
628 1143 945 1182 manifestantur
979 1142 1020 1181 in
1052 1155 1225 1194 corpore
1255 1141 1399 1181 sociali
1429 1141 1538 1194 quod
1566 1140 1772 1180 informat.

255 1210 363 1249 Hinc
401 1211 434 1250 si
465 1209 718 1262 primitivum
749 1222 922 1261 germen
952 1216 1174 1261 quaeratur
1196 1241 1204 1255 ,
1235 1221 1289 1247 ex
1318 1221 1398 1260 quo
1427 1207 1569 1247 ordine
1599 1215 1773 1247 naturae

201 1274 369 1326 politica
397 1280 581 1326 potestas
606 1272 810 1325 originem
840 1273 974 1320 ducit,
1005 1273 1103 1311 illud
1137 1272 1302 1311 nonnisi
1332 1272 1374 1310 in
1403 1271 1496 1323 ipsa
1523 1269 1772 1310 auctoritate

203 1338 432 1378 domestica
450 1338 687 1389 reperietur.
707 1338 823 1377 Sicut
839 1337 948 1377 enim
969 1336 1137 1383 familia,
1151 1337 1288 1375 adhuc
1308 1335 1606 1387 independens,
1623 1345 1768 1372 semen

204 1410 266 1443 est
293 1402 472 1443 civitatis
499 1402 661 1442 futurae
682 1435 690 1451 ,
721 1416 771 1442 ac
800 1402 1047 1441 famulorum
1078 1408 1117 1440 et
1147 1401 1430 1452 operariorum
1462 1399 1661 1439 comitatu
1690 1398 1773 1436 iam

204 1468 414 1508 civitatem
448 1467 670 1519 quamdam
706 1467 876 1519 praebet
904 1466 1145 1505 inchoatam
1182 1471 1220 1503 et
1251 1464 1375 1503 veluti
1409 1462 1675 1514 vagientem;
1708 1460 1770 1499 sic

203 1533 512 1586 paterfamilias,
543 1531 610 1585 qui
640 1532 676 1571 ei
706 1532 953 1579 dominatur,
985 1544 1067 1570 non
1097 1530 1219 1570 modo
1249 1530 1498 1570 auctoritate
1528 1535 1703 1580 paterna
1733 1528 1775 1564 in

204 1598 313 1638 filios
342 1598 506 1649 gaudet,
538 1610 682 1636 verum
713 1598 836 1637 etiam
867 1596 930 1635 ius
962 1595 1144 1647 possidet
1174 1593 1392 1633 ordinandi
1425 1598 1556 1632 totam
1587 1590 1776 1631 multitu-

205 1661 352 1709 dinem,
383 1674 489 1714 quae
525 1661 725 1700 familiam
754 1661 866 1699 illam
896 1666 1119 1711 utcumque
1150 1657 1370 1709 componit.
1397 1657 1515 1696 Haec
1536 1656 1776 1704 auctoritas,

204 1741 308 1781 quae
337 1727 566 1768 domestica
595 1727 674 1766 dici
705 1732 851 1778 potest,
884 1739 980 1765 mox
1009 1725 1050 1764 in
1080 1724 1402 1776 patriarchalem
1432 1730 1471 1762 et
1501 1722 1697 1775 paulatim
1732 1722 1774 1760 in

201 1794 411 1846 politicam
442 1793 703 1841 convertitur,
731 1800 850 1844 prout
879 1793 970 1845 ipsa
999 1792 1146 1830 domus
1176 1791 1239 1829 vel
1270 1789 1438 1836 familia,
1469 1788 1776 1829 succrescenti-

202 1858 280 1897 bus
308 1856 526 1909 nepotibus
555 1864 594 1895 et
621 1856 788 1895 famulis
817 1863 856 1896 et
885 1856 1057 1903 colonis,
1075 1855 1116 1893 in
1137 1855 1299 1901 tribum,
1320 1854 1361 1893 in
1382 1854 1588 1906 populum,
1609 1865 1660 1891 ac
1681 1859 1775 1890 tan-

205 1924 296 1963 dem
314 1923 355 1962 in
372 1923 596 1975 perfectam
614 1922 858 1962 societatem
876 1922 1039 1962 civilem
1062 1920 1394 1960 transformatur.
1412 1920 1550 1965 Quare
1571 1918 1611 1956 in
1633 1917 1781 1969 quavis

205 1987 361 2026 familia
381 1986 684 2038 independente
700 1991 815 2037 pater
836 1992 910 2033 est,
933 1992 975 2024 ut
995 1986 1051 2024 ita
1071 1984 1218 2031 dicam,
1242 1997 1316 2023 rex
1337 1983 1571 2030 inchoatus,
1594 1988 1634 2021 et
1654 1981 1779 2021 veluti

205 2052 345 2092 infans
374 2060 566 2104 respectu
595 2057 783 2091 maturae
813 2051 974 2091 aetatis.
1006 2050 1200 2090 Essentia
1228 2049 1269 2089 in
1300 2062 1348 2088 eo
1379 2054 1464 2088 tota
1493 2057 1567 2095 est,
1589 2048 1662 2087 sed
1681 2060 1784 2086 non-

207 2117 302 2156 dum
331 2117 527 2164 evoluta;
558 2116 655 2167 quia
685 2115 867 2154 nondum
899 2114 1131 2165 explicatus
1170 2120 1233 2153 est
1262 2112 1528 2164 organismus
1550 2143 1558 2158 ,
1586 2111 1627 2149 in
1657 2123 1777 2162 quem

209 2181 291 2219 vim
332 2194 451 2220 suam
481 2186 688 2220 exerceat.
727 2181 789 2219 En
822 2178 1069 2230 primigenia
1107 2187 1146 2217 et
1175 2176 1377 2217 naturalis
1407 2176 1524 2227 origo
1555 2182 1778 2214 concretae

210 2246 425 2298 potestatis
456 2246 588 2285 civilis
609 2259 617 2293 ;
648 2259 766 2297 quae,
797 2245 849 2284 ad
879 2245 1052 2297 primam
1083 2244 1266 2283 radicem
1287 2244 1395 2295 quod
1416 2243 1573 2290 attinet,
1595 2255 1688 2280 cum
1710 2255 1781 2294 pa-

210 2319 328 2350 terna
356 2312 601 2351 auctoritate
632 2310 907 2358 confunditur,
937 2323 987 2349 ac
1018 2310 1188 2362 proinde
1215 2323 1268 2349 ex
1296 2310 1377 2348 hac
1407 2308 1531 2348 etiam
1561 2315 1678 2360 parte
1699 2308 1779 2347 im-

210 2377 387 2417 mediate
416 2377 599 2429 procedit
628 2391 653 2416 a
683 2378 783 2424 Deo,
816 2391 865 2416 ex
894 2390 989 2429 quo,
1020 2383 1064 2415 ut
1091 2376 1149 2415 ait
1169 2375 1407 2428 Apostolus,
1426 2375 1565 2414 omnis
1578 2375 1781 2426 paterni—

212 2445 274 2480 tas
308 2441 350 2480 in
381 2442 496 2480 caelo
525 2444 567 2479 et
593 2440 637 2479 in
668 2444 785 2480 ter-ra
816 2441 1068 2480 nominatur
1096 2442 1169 2490 (1).

261 2506 402 2545 Brevi:
420 2519 515 2545 cum
535 2519 561 2544 a
580 2506 792 2545 societatis
813 2514 1015 2557 conceptu
1032 2512 1071 2545 et
1090 2505 1335 2545 exsistentia
1363 2505 1427 2544 ius
1444 2504 1660 2544 ordinandi
1682 2504 1779 2543 mul-

208 2570 420 2609 titudinem
451 2569 558 2609 demi
587 2576 783 2620 nequeat,
814 2582 991 2609 necesse
1021 2575 1084 2608 est
1112 2576 1155 2607 ut
1183 2568 1281 2607 illud
1310 2568 1445 2620 ipsum
1475 2568 1582 2620 quod
1604 2573 1776 2607 natura-

208 2634 288 2674 lem
319 2634 519 2686 originem
557 2633 695 2673 tribuit
724 2639 944 2674 concretae
974 2632 1184 2680 societati,
1216 2632 1366 2672 tribuat
1395 2632 1517 2672 etiam
1549 2632 1780 2671 naturalem

213 2701 414 2754 originem
431 2707 654 2741 concretae
670 2699 878 2752 potestati.
899 2699 1022 2751 Atqui
1043 2699 1219 2750 primum
1238 2698 1417 2738 familiae
1439 2698 1644 2749 competit.
1668 2699 1779 2749 Ergo

209 2763 391 2804 familiae
412 2765 605 2816 competit
622 2764 745 2803 etiam
768 2763 1006 2804 secundum.
1030 2762 1168 2808 Quare
1198 2760 1304 2801 sicut
1323 2761 1540 2801 multitudo
1562 2760 1694 2800 civilis
1714 2768 1778 2799 est

258 2903 308 2943 (1)
334 2903 392 2936 Ad
415 2904 592 2946 Ephesios
607 2931 614 2943 ,
637 2906 690 2943 111,
712 2905 759 2937 15.
