1970 3203
907 349 1103 376 1ND13x
1709 345 1785 384 377

240 421 350 455 PROP.
379 419 410 455 1.
440 421 621 458 Quaelibet
644 423 832 466 regiminis
856 423 988 466 forma,
1014 424 1119 456 modo
1146 426 1239 459 iusto
1268 424 1371 460 titulo
1399 430 1528 462 innixa
1553 432 1610 470 sit,
1638 432 1692 464 le-

478 483 609 525 9itima
645 482 822 516 censenda
851 488 904 516 est
933 488 967 516 et
996 483 1159 526 felicitati
1180 488 1408 530 populorum
1434 491 1692 533 procurandae

485 539 614 573 idonea
656 566 1544 580 ................
1602 547 1689 592 Pag.
1715 547 1782 583 261

286 611 306 633 5>
379 598 412 633 2.
441 600 482 633 Si
504 600 671 644 aptitudo
690 601 919 645 populorum
944 601 1199 644 consideretur,
1225 605 1335 638 nulla
1360 611 1410 638 est
1434 606 1569 650 forma,
1593 619 1687 652 quae

480 670 593 704 aeque
610 659 778 692 omnibus
795 661 974 699 convenit‚·
991 660 1053 693 sed
1070 661 1137 694 illa
1147 662 1392 706 praeferenda
1409 670 1469 706 est,
1489 677 1582 710 quae
1591 678 1687 708 prae

479 717 600 750 ceteris
623 716 814 760 respondet
836 717 1168 760 consuetudinibus,
1186 719 1311 761 indoli,
1329 721 1507 763 culturae,
1527 724 1688 757 nioribus

479 778 658 821 cuiusque
676 777 798 820 yentz's
829 802 1603 817 ..............
1665 795 1684 816 »
1713 784 1783 818 262

278 847 297 868 >>
372 833 404 869 3.
430 835 504 868 Illa
528 834 650 879 forma
677 846 748 879 pro
772 836 932 879 sinyulis
956 837 1161 880 quibusque
1178 839 1330 882 populis
1355 841 1473 883 aptior
1498 847 1564 883 est,
1590 854 1684 887 quae

481 893 582 937 apud
607 893 690 926 illos
718 894 936 936 leyitimitate
956 894 1096 937 yaudec
1121 920 1600 932 .........
1662 912 1682 933 >>
1716 901 1779 936 ibi.

280 966 299 987 »
375 954 407 987 4.
439 953 683 988 Gubernandi
697 953 835 986 bonitas
853 963 928 986 non
948 958 1020 986 tam
1030 954 1165 998 pendet
1180 966 1203 988 a
1219 955 1339 999 forma
1356 959 1553 1000 reyiminis,
1569 971 1683 1003 quam

479 1022 501 1043 a
521 1010 810 1054 gubernantium
837 1011 1019 1044 honestate
1061 1038 1597 1050 ..........
1660 1029 1679 1050 >>
1707 1017 1777 1051 263

276 1080 295 1101 >>
369 1066 402 1101 5.
431 1067 606 1101 Absoluta
632 1068 917 1102 cansideratione
947 1069 1101 1113 simplem
1127 1070 1342 1104 BIonarchia
1366 1075 1487 1106 ceteris
1513 1075 1681 1108 omnibus
1711 1078 1717 1086 '

474 1128 604 1171 formis
628 1129 808 1161 antecellit
820 1140 833 1169 ,·
850 1134 891 1161 at
901 1134 1050 1173 propter
1072 1130 1278 1164 humanam
1291 1133 1543 1176 infirmitatem
1560 1135 1686 1168 utilior

473 1190 525 1219 est
547 1185 763 1218 Monarchia
789 1191 982 1229 temperata
1007 1198 1050 1220 ex
1076 1188 1313 1222 Aristocratia
1337 1195 1371 1223 et
1387 1191 1614 1225 Democratia
1663 1204 1682 1225 »
1716 1193 1779 1227 ibi.

204 1243 293 1278 ART.
313 1243 403 1277 VIII.
430 1244 482 1277 De
505 1245 639 1277 recenti
663 1245 851 1287 regiminis
879 1244 1011 1287 ferma,
1041 1256 1151 1289 quam
1183 1251 1523 1291 repraesentatioam
1548 1256 1685 1283 vocant.

313 1338 316 1340 v
471 1302 511 1335 In
537 1312 608 1346 quo
633 1302 703 1337 sita
727 1302 775 1336 sit
793 1321 835 1328 —
856 1303 997 1343 Quibus
1022 1303 1214 1348 principiis
1239 1307 1507 1350 superstruitur
1541 1334 1548 1341 .
1597 1334 1605 1341 .
1657 1320 1676 1341 »
1704 1308 1778 1343 264

227 1362 342 1396 PROP.
370 1360 401 1396 1.
427 1362 523 1396 Haec
548 1362 672 1403 forma
695 1364 892 1406 reyiminis,
912 1364 990 1396 licet
1005 1363 1166 1397 absolute
1190 1365 1395 1410 imperfecta
1412 1369 1468 1408 sit,
1490 1373 1608 1401 tamen
1625 1379 1684 1401 re-

477 1423 583 1456 lative
600 1424 850 1466 praestantior
866 1425 987 1457 ceteris
1003 1434 1076 1457 esse
1094 1429 1212 1468 potest
1225 1437 1238 1466 ,·
1264 1430 1297 1459 et
1314 1427 1376 1459 ubi
1393 1427 1547 1470 legitime
1564 1430 1683 1462 intro-

444 1510 447 1512 .
472 1481 582 1514 ducta
607 1486 668 1521 est,
694 1482 784 1514 cives
809 1481 861 1514 ad
883 1481 1119 1515 obedientiam
1145 1483 1281 1527 oblz'yat
1295 1510 1597 1520 ......
1659 1499 1678 1519 »
1707 1485 1777 1520 265

271 1550 290 1571 >>
364 1536 396 1571 2.
425 1537 522 1571 Haec
538 1538 659 1582 forma
676 1539 873 1582 reyiminis,
893 1544 935 1572 ut
951 1539 1000 1572 ad
1017 1540 1152 1573 bonum
1177 1542 1393 1585 reipublicae
1405 1544 1578 1577 stabiliter
1590 1555 1682 1588 pro-

469 1598 680 1631 curandum
706 1598 835 1632 idonea
860 1599 1000 1639 evadat,
1026 1611 1049 1633 a
1067 1602 1277 1646 praecipuis
1302 1603 1430 1635 saltem
1458 1605 1561 1645 vitiis,
1587 1616 1682 1649 quae

470 1657 509 1689 in
535 1657 612 1700 ipsa
639 1662 738 1698 sunt,
767 1657 911 1691 liberari
934 1657 1071 1691 deberet
1120 1685 1599 1694 .........
1663 1673 1682 1695 >>
1707 1661 1777 1695 266

422 1713 629 1749 Solvuntur
658 1715 893 1760 difficultates
943 1742 1597 1752 ............
1659 1730 1678 1752 >>
1706 1718 1777 1753 267

195 1772 287 1806 ART.
333 1772 397 1807 IX.
426 1774 565 1810 Quibus
590 1774 706 1808 modis
730 1785 877 1808 summa
901 1781 1056 1819 potestas
1073 1778 1357 1810 transmittatur.
1386 1777 1534 1822 Triplex
1553 1779 1679 1813 modus

468 1832 684 1876 acquirendi
708 1833 906 1878 imperium
927 1852 970 1859 —
989 1832 1172 1868 Successio
1198 1846 1264 1880 per
1289 1834 1550 1870 haereditatem
1569 1855 1613 1862 -—-
1631 1836 1683 1870 De

466 1891 687 1925 successione
720 1902 784 1935 per
809 1892 1020 1926 electionem
1039 1911 1082 1918 -
1101 1893 1152 1926 De
1183 1894 1264 1927 iure
1290 1894 1461 1928 victoriae
1480 1913 1524 1920 —
1548 1894 1678 1929 Utrum

466 1949 676 1993 usurpatori
693 1949 931 1983 obediendum
957 1951 1125 1984 sit—An
1151 1951 1259 1986 liceat
1285 1952 1450 1997 Principi
1467 1953 1637 1987 abdicare
1654 1966 1673 1987 >>
1700 1954 1771 1989 270

242 2021 262 2043 >>
345 2008 391 2042 X.
418 2009 471 2042 De
494 2019 684 2052 supremae
702 2011 889 2053 potestatis
912 2011 1087 2044 ewercitio.
1113 2009 1264 2057 Triplex
1282 2011 1422 2046 functio
1441 2013 1626 2057 potestatis
1651 2025 1670 2046 >›
1698 2013 1769 2048 273

240 2069 262 2109 g
358 2066 384 2100 Ι.
410 2067 462 2100 De
486 2071 662 2110 potestate
696 2067 908 2110 leyislativa.
944 2069 1083 2102 Ceteris
1116 2073 1277 2113 praestat
1297 2071 1398 2104 —In
1431 2082 1502 2116 quo
1529 2073 1673 2117 proprie

467 2126 641 2160 consistat
659 2145 703 2151 —
721 2125 849 2160 Differt
874 2138 895 2161 a
920 2127 1000 2161 iure
1026 2129 1258 2163 constitutivo
1274 2148 1318 2156 —
1331 2129 1420 2164 Eius
1438 2131 1621 2166 obiectum
1640 2137 1675 2166 et

461 2186 596 2220 limites
621 2185 727 2230 Legis
752 2187 994 2232 propriatates
1011 2206 1054 2213 —
1069 2187 1255 2223 Praesidia
1280 2190 1527 2234 conquirenda
1577 2218 1585 2225 .
1647 2203 1666 2225 »
1694 2192 1764 2226 274

240 2249 262 2288 ἓ
350 2246 391 2280 11..
418 2247 470 2280 De
481 2251 654 2291 potestate
670 2249 884 2280 exsecutiva.
910 2247 998 2281 Eius
1018 2248 1211 2283 necessitas
1225 2268 1269 2275 —
1285 2250 1426 2291 Quibus
1451 2251 1596 2285 dotibus
1620 2252 1674 2286 in-

462 2309 602 2340 structa
628 2317 703 2339 esse
728 2306 832 2340 debet
850 2324 894 2332 —
912 2306 958 2340 Vi
983 2308 1142 2341 coactiva
1168 2308 1302 2341 instrui
1326 2309 1429 2343 debet
1457 2337 1465 2343 .
1516 2336 1523 2343 .
1575 2337 1581 2344 .
1645 2323 1664 2344 »
1692 2310 1764 2346 279

240 2368 262 2407 ἓ
333 2364 391 2398 ΙΙΙ.
417 2365 469 2399 De
488 2370 660 2410 potestate
685 2365 887 2400 iudiciaria.
917 2366 1010 2407 Quid
1028 2366 1133 2400 sit—
1148 2366 1212 2400 Est
1236 2367 1380 2412 duplex:
1407 2369 1524 2403 civilis
1542 2373 1577 2404 et
1594 2371 1669 2404 cri-

462 2423 610 2458 minalis
629 2443 673 2451 —
691 2424 741 2458 De
775 2424 910 2458 iudicio
943 2423 1041 2458 civili
1059 2444 1103 2451 —-
1120 2424 1172 2459 De
1195 2425 1331 2460 iudicio
1357 2427 1542 2462 criminali
1559 2448 1602 2454 —
1620 2428 1671 2462 De

447 2493 580 2526 >poena
613 2482 762 2528 capitali
780 2501 825 2508 —
841 2482 1095 2527 Respondetur
1128 2483 1391 2518 obiectionibus
1418 2485 1608 2519 Beccariae
1634 2490 1670 2519 et

459 2539 640 2573 Bentham
659 2559 703 2565 —
719 2539 970 2584 Respondetur
995 2541 1257 2575 obiectionibus
1281 2542 1425 2576 Ahrens
1458 2568 1466 2576 .
1517 2569 1525 2576 .
1577 2569 1584 2576 .
1646 2555 1666 2576 »
1693 2542 1763 2576 282

193 2598 283 2633 ART.
333 2599 394 2633 XI.
420 2599 473 2632 De
495 2600 719 2643 separatione
742 2600 978 2643 functionum
996 2601 1165 2645 politicae
1187 2604 1381 2646 potestatis.
1410 2602 1540 2647 Opinio
1557 2603 1667 2638 Mon-

461 2656 625 2700 tesquieu
640 2682 647 2690 .
699 2682 706 2690 .
758 2683 764 2690 .
816 2683 824 2691 .
849 2686 852 2688 .
874 2683 1582 2693 .............
1645 2672 1663 2693 >>
1691 2659 1764 2694 289

215 2716 325 2751 PROP.
351 2715 382 2751 1.
409 2716 451 2750 Si
474 2718 544 2750 tria
569 2717 635 2751 illa
660 2718 790 2750 munia
814 2719 1039 2751 auctoritatis
1063 2719 1187 2763 quoad
1203 2720 1414 2753 exercitium
1431 2720 1662 2754 consideren-

459 2782 530 2819 tur,
554 2782 719 2822 separata
740 2777 896 2811 subiecta
918 2779 1082 2821 exigunt,
1108 2779 1241 2823 quibus
1266 2779 1466 2813 insideant.
1518 2806 1525 2814 .
1575 2805 1583 2813 .
1645 2791 1664 2812 »
1695 2780 1759 2814 ibi.

260 2847 280 2869 5>
353 2835 386 2870 2.
414 2836 455 2869 Si
476 2838 682 2881 functiones
706 2837 790 2870 illae
814 2838 1048 2879 auctoritatis,
1074 2848 1149 2871 non
1167 2838 1290 2882 quoad
1306 2841 1526 2879 exercitium,
1544 2839 1606 2872 sed
1623 2841 1662 2871 in

458 2897 578 2931 radice
601 2901 814 2941 spectentur,
841 2898 1017 2930 unitatem
1042 2897 1190 2931 subiecti
1205 2900 1401 2942 postulant
1449 2925 1456 2932 .
1509 2926 1514 2933 .
1567 2926 1574 2933 .
1640 2910 1660 2932 ›>
1687 2899 1760 2933 290

416 2953 620 2989 Solvuntur
644 2954 879 3000 difficultates
915 2982 1575 2993 ............
1639 2968 1658 2990 >>
1685 2955 1754 2991 291

188 3011 279 3047 ART.
307 3011 384 3047 XII.
413 3013 464 3047 De
488 3014 746 3058 imperantium
771 3025 811 3048 ac
837 3014 1067 3048 subditorum
1092 3015 1230 3060 officiis.
1255 3016 1524 3058 Argumentum
1567 3042 1576 3050 .
1638 3027 1657 3049 >>
1685 3014 1758 3049 293
