1970 3203
224 247 302 287 356
358 258 423 285 ms
445 256 650 284 NATURAE
668 265 686 272 -
700 256 808 284 PARS
826 256 880 282 111.
902 256 968 284 ms
989 255 1361 284 INTERNATIONALE
1381 255 1459 284 εει]
1481 254 1673 283 GENTIUM

226 347 377 375 norum
400 334 683 386 repetendam.
716 331 957 372 Generatim
978 337 1119 372 tamen
1140 331 1372 371 curandum
1389 336 1463 381 est,
1480 336 1525 371 ut
1545 331 1654 370 bono
1672 335 1711 371 et
1730 330 1808 370 iuri

225 398 410 440 victricis
439 397 572 451 partis
607 397 666 438 ita
695 396 1000 449 prospiciatur3
1047 402 1092 435 ut
1121 396 1290 436 minimo
1309 429 1318 445 ,
1358 396 1493 449 quoad
1537 394 1627 436 fieri
1658 400 1808 448 potest,

228 464 396 505 devicta
423 477 529 516 gens
560 463 808 504 detrimento
839 468 880 502 et
909 462 1149 503 calamitate
1178 468 1406 515 prematur.

279 531 416 582 Atque
445 529 553 568 haec
582 528 770 568 innuisse
800 527 1008 576 sufficiat;
1040 527 1243 580 siquidem
1264 527 1329 567 ius
1355 527 1549 567 Gentium
1579 541 1663 568 non
1693 526 1805 567 latis-

225 595 340 644 sime,
373 600 574 647 quantum
605 599 729 647 patet,
761 600 800 634 et
821 593 958 646 quoad
974 606 1140 633 omnem
1162 593 1484 646 applicationem
1512 593 1812 646 principiorum

226 663 315 703 eius
345 668 585 710 tractemus,
616 662 690 702 sed
718 661 760 701 id
790 662 1010 701 dumtaxat
1039 660 1296 712 attingimus3
1328 660 1438 713 quod
1468 660 1659 701 iuvenilis
1689 660 1813 700 insti-

228 727 399 767 tutionis
438 727 592 767 limites
621 740 706 767 non
736 726 925 767 excedat.
957 724 1106 764 Fusior
1130 729 1270 764 autem
1300 725 1536 777 explanatio
1581 726 1690 777 apud
1718 725 1813 766 illos

227 794 370 849 quaeri
399 794 560 848 poterit,
591 794 659 848 qui
687 795 800 834 hanc
830 791 1051 833 materiam
1082 805 1135 831 ex
1164 791 1354 844 professo
1381 793 1640 834 evolverunt.

708 923 957 978 CAPUT
996 923 1334 976 TERTIUM

680 1076 734 1103 DE
765 1075 923 1103 SOCIALI
953 1074 1138 1102 UNITATE
1170 1072 1373 1101 GENTIUM.

279 1195 344 1236 30.
375 1195 694 1247 Argumentum.
719 1194 892 1233 Mutuas
920 1192 1107 1246 gentium
1130 1191 1357 1232 relationes
1374 1197 1560 1244 tempore
1581 1194 1667 1230 tum
1691 1191 1812 1244 pacis

227 1268 314 1303 tum
345 1262 441 1303 belli
472 1261 654 1302 breviter
693 1260 1020 1313 descripsimus;
1064 1264 1196 1300 restat
1224 1264 1269 1298 ut
1299 1259 1348 1298 de
1377 1258 1535 1298 unitate
1565 1257 1638 1297 illa
1658 1290 1667 1307 ‚
1708 1271 1814 1310 quae

227 1326 450 1366 universas
480 1330 630 1378 gentes
672 1325 901 1377 coniungat
932 1331 973 1365 et
1002 1324 1083 1364 dici
1113 1329 1250 1375 potest
1280 1316 1537 1370 etnarchica‚
1566 1321 1720 1375 aliquid
1749 1322 1815 1362 in-

229 1406 422 1433 nuamus.
455 1393 517 1432 Ea
546 1392 651 1432 enim
673 1405 895 1443 supremus
913 1390 1071 1443 gradus
1092 1389 1262 1430 socialis
1282 1388 1549 1441 perfectionis
1566 1388 1814 1438 continetur;

230 1460 432 1513 siquidem
464 1458 657 1499 stabilem
692 1463 732 1498 et
762 1458 997 1498 ordinatam
1029 1456 1156 1497 efficit
1187 1456 1444 1497 iunctionem
1475 1455 1603 1504 illam,
1635 1469 1717 1508 qua
1745 1468 1815 1494 na-

230 1525 367 1566 tiones
396 1524 482 1563 iam
511 1529 609 1564 ante
639 1523 680 1562 vi
710 1528 885 1563 naturae
929 1521 1110 1562 invicem
1151 1521 1468 1574 copulabantur.
1511 1520 1687 1560 Duobus
1715 1533 1814 1560 vero

231 1590 419 1631 articulis
452 1603 539 1630 rem
569 1590 681 1629 hanc
712 1588 1010 1642 expediemus;
1042 1601 1217 1641 quorum
1246 1587 1405 1640 primus
1434 1587 1484 1628 de
1513 1592 1666 1627 natura
1695 1592 1737 1627 et
1756 1585 1816 1625 in-

233 1656 327 1696 dole
357 1654 482 1695 huius
511 1654 728 1695 societatis
744 1668 754 1703 3
785 1654 891 1696 alter
921 1654 970 1695 de
999 1653 1214 1702 relatione,
1244 1666 1367 1706 quam
1397 1666 1491 1693 cum
1522 1651 1723 1692 societate
1743 1664 1814 1692 re-

232 1722 385 1775 ligiosa
412 1721 576 1770 retinet,
606 1721 832 1774 eloquetur.

872 1850 1117 1890 ARTicumis
1149 1850 1179 1888 Ι.

443 1983 511 2023 De
541 1984 703 2023 natura
734 1985 775 2023 et
803 1982 944 2022 indole
971 1981 1148 2022 socialis
1181 1980 1364 2022 unitatis
1390 1980 1598 2034 gentiam.

285 2117 348 2156 31.
375 2116 561 2156 Naturae
581 2115 817 2168 propensio.
837 2113 1194 2161 Quemadmodum
1209 2125 1415 2166 personae
1431 2110 1682 2161 individuae,
1704 2123 1819 2151 seor-

232 2195 325 2222 sum
358 2186 477 2222 extra
505 2180 672 2221 civilem
703 2179 948 2220 societatem
980 2178 1299 2227 consideratae,
1330 2177 1601 2218 relationibus
1630 2178 1738 2218 inter
1768 2190 1815 2218 se

232 2248 479 2290 naturaliter
508 2247 841 2299 adstringuntur,
871 2260 977 2300 quas
999 2246 1167 2286 civitate
1188 2245 1483 2286 constituenda
1504 2245 1756 2284 confirmant
1777 2249 1818 2283 et

233 2314 361 2354 latius
391 2313 629 2366 explicant3
660 2312 721 2351 sic
750 2311 957 2360 nationes,
984 2311 1060 2351 etsi
1090 2323 1163 2363 per
1197 2323 1242 2350 se
1278 2315 1491 2363 spectatae
1521 2307 1675 2348 mutuis
1709 2306 1816 2347 obli—

232 2385 383 2433 gentur
413 2379 575 2428 officiis,
607 2384 748 2419 tamen
778 2378 903 2419 ductu
924 2384 1100 2419 naturae
1119 2376 1284 2416 incitari
1305 2375 1497 2416 videntur
1525 2376 1578 2415 ad
1593 2374 1814 2428 positivam

233 2455 273 2487 et
304 2452 569 2488 constantem
600 2445 957 2486 consociationem
987 2444 1223 2493 ineundam,
1253 2444 1295 2483 in
1329 2456 1411 2496 qua
1431 2443 1643 2484 naturales
1671 2454 1816 2494 respe—

232 2517 325 2551 ctus
356 2524 461 2564 quos
494 2510 674 2551 invicem
704 2510 872 2558 habent,
902 2508 1129 2549 stabilitate
1151 2507 1309 2548 ordinis
1329 2521 1380 2548 ac
1396 2506 1577 2560 positiva
1598 2505 1817 2546 sanctione

231 2578 452 2633 donentur.

285 2645 333 2684 Id
354 2644 501 2684 iisdem
525 2643 611 2684 sere
633 2642 894 2696 argumentis
915 2641 1161 2695 persuaderi
1174 2646 1320 2695 potest,
1335 2640 1485 2694 quibus
1505 2639 1693 2693 privatas
1704 2637 1818 2691 fami-

236 2711 315 2751 lias
336 2710 389 2750 ad
420 2709 585 2750 civilem
607 2710 852 2750 societatem
873 2709 1100 2748 ineundam
1131 2708 1377 2749 naturaliter
1407 2705 1580 2759 propelli
1601 2710 1818 2746 monstra—

235 2784 320 2817 tum
353 2782 428 2818 est.
452 2778 559 2816 Nam
590 2776 831 2829 indigentiis
861 2781 949 2816 tum
978 2775 1166 2828 physicis
1187 2781 1272 2816 tum
1293 2773 1567 2813 rationalibus
1598 2771 1816 2811 nationum

235 2845 356 2897 plene
387 2843 678 2895 cumulateque
708 2843 915 2895 provideri
945 2842 1096 2895 nequit,
1127 2841 1207 2881 nisi
1237 2841 1320 2879 hac
1354 2838 1581 2879 universali
1613 2838 1816 2879 societate

236 2911 481 2963 populorum
512 2909 747 2950 constituta.
779 2909 964 2956 Quaevis
986 2909 1093 2949 enim
1115 2920 1222 2960 gens
1242 2905 1408 2947 nonnisi
1430 2906 1606 2946 aliarum
1629 2908 1815 2958 gentium

236 2990 364 3029 opera
393 2977 479 3017 fere
509 2975 766 3029 completur;
798 2989 876 3015 nec
905 2975 1001 3028 quid
1030 2975 1240 3013 humanae
1271 2978 1446 3013 naturae
1491 2972 1602 3013 vires
1645 2972 1817 3011 valeant
