1970 3203
235 241 310 281 162
572 254 637 280 IUS
668 253 869 279 NATURAE
898 253 1005 279 PARS
1035 252 1058 278 1.
1089 253 1155 280 lUs
1186 253 1451 279 lNDIVIDUALE

235 330 486 383 patrandum
517 329 614 381 eligi
645 328 787 380 possit,
818 342 870 369 ne
900 328 1050 369 abiecti
1080 329 1207 367 animi
1238 335 1276 368 et
1318 329 1449 370 timidi
1492 335 1634 370 notam
1665 329 1808 369 incur-

232 395 408 436 ramus⁶.2
442 396 501 443 Id,
522 396 603 435 nisi
624 408 784 444 amens,
815 409 937 435 nemo
967 401 1141 435 asseret.
1164 395 1335 442 Quoties
1356 395 1481 448 igitur
1507 397 1661 450 aliquid
1694 403 1812 450 turpe

236 471 299 503 est
329 476 404 515 per
434 475 494 509 se,
526 461 683 501 admitti
714 462 867 514 nequit,
891 474 1176 514 quaecumque
1194 468 1294 502 nota
1314 470 1386 501 aut
1406 462 1561 502 malum
1581 463 1810 503 immineat.

234 529 328 569 Hoc
357 528 411 567 ad
434 527 718 567 difficultatem
741 528 986 567 solvendam
1010 526 1232 567 sufficeret.
1254 529 1452 567 Attamen
1472 528 1676 569 addimus:
1707 528 1816 568 duel-

232 595 317 633 lum
349 607 432 634 non
463 607 557 634 esse
588 606 732 633 verum
753 592 950 632 indicium
975 592 1237 632 fortitudinis.
1262 592 1462 641 Primum,
1491 594 1585 647 quia
1616 594 1814 635 fortitudo

234 673 330 701 cum
362 659 726 712 praestantissima
754 658 807 697 sit
838 657 980 706 virtus,
1004 657 1234 698 consistere
1264 658 1406 711 nequit
1436 658 1477 698 in
1507 658 1684 708 actione,
1706 673 1816 712 quae

234 738 408 777 prorsus
437 725 658 764 honestate
689 729 815 763 caret.
847 722 1018 771 Deinde,
1050 722 1147 776 quia
1168 723 1331 762 etiamsi
1358 725 1588 776 appelletur
1608 724 1810 766 fortitudo

236 801 320 828 non
352 788 483 828 virtus
512 788 675 840 proprie
706 787 829 836 dicta,
851 787 924 826 sed
945 786 1123 826 audacia
1143 793 1302 826 tantum
1324 788 1449 827 animi
1474 788 1513 827 in
1544 798 1676 830 morte
1697 803 1810 841 sper-

241 852 412 902 nenda3
442 852 550 892 haec
580 853 704 892 etiam
736 864 808 902 per
839 850 1018 890 duellum
1048 850 1163 890 nullo
1186 850 1310 890 modo
1340 852 1658 892 demonstratur.
1691 853 1811 901 Nam,

237 931 333 957 cum
366 917 545 956 duellum
568 949 577 965 ‚
608 923 737 956 totum
776 922 976 968 quantum
1021 923 1096 963 est,
1140 915 1289 954 virium
1332 917 1480 956 robore
1511 923 1549 956 et
1586 917 1733 969 peritia
1763 932 1815 957 ac

238 983 487 1024 dexteritate
518 982 744 1035 pugnantis
774 981 957 1031 nitatur3
989 995 1073 1021 non
1103 990 1166 1021 est
1195 995 1268 1034 per
1297 994 1342 1021 se
1372 982 1564 1034 intrepidi
1594 983 1720 1023 animi
1744 998 1815 1023 ar—

236 1055 493 1102 gumentum.
527 1049 666 1095 Quare
697 1060 1001 1099 saepenumero
1032 1047 1162 1100 quiin
1191 1047 1363 1100 privatis
1394 1047 1631 1088 huiusmodi
1661 1048 1815 1101 pugnis

237 1111 507 1152 audacissimi
539 1111 742 1159 videntur,
766 1111 1015 1151 timidissimi
1039 1111 1347 1163 comperiuntur
1373 1112 1415 1151 in
1438 1112 1557 1160 bello,
1577 1107 1686 1165 quod
1716 1126 1817 1165 pro-

236 1179 324 1230 prie
356 1184 419 1219 est
448 1183 607 1218 certum
638 1177 835 1229 impavidi
862 1177 989 1217 animi
1020 1177 1364 1230 experimentum.

691 1374 938 1428 CAPUT
980 1374 1356 1435 QUARTUM

653 1523 705 1548 DE
736 1522 906 1548 OFFICIIS
938 1522 1108 1549 HOMINIS
1140 1522 1253 1549 ERGA
1284 1523 1405 1550 ALIOS

291 1642 354 1682 61.
385 1642 506 1682 Ratio
535 1641 805 1681 tractationis
836 1646 880 1681 et
906 1641 1092 1692 partitio.
1124 1640 1342 1688 Homines,
1375 1647 1599 1693 utcumque
1629 1640 1819 1680 acciden-

239 1706 392 1746 talibus
424 1704 670 1745 differentiis
700 1704 1013 1756 discrepantes3
1046 1710 1185 1744 tamen
1206 1737 1214 1753 ,
1246 1704 1300 1742 ad
1331 1704 1557 1744 essentiam
1588 1704 1697 1756 quod
1717 1717 1815 1756 per-

240 1772 353 1818 tinet,
386 1769 557 1810 omnino
579 1769 685 1809 inter
709 1782 754 1809 se
777 1769 1042 1817 conveniunt,
1065 1768 1184 1821 quasi
1206 1775 1346 1820 partes
1368 1769 1657 1821 homogeneae
1689 1768 1816 1808 totius

242 1836 474 1884 cuiusdam,
492 1835 600 1887 quod
617 1833 758 1887 specie
779 1834 965 1873 humana
981 1834 1227 1873 continetur.
1241 1834 1424 1886 Quisque
1440 1834 1548 1874 enim
1567 1847 1741 1886 corpore
1758 1846 1819 1872 or-

241 1901 407 1954 ganico,
428 1907 467 1940 et
484 1899 677 1939 rationali
695 1898 834 1938 animo
858 1904 1034 1947 constat,
1052 1912 1103 1937 ac
1120 1898 1384 1939 facultatibus
1402 1899 1556 1951 gaudet
1580 1898 1675 1938 inde
1696 1911 1824 1938 emer-

246 1966 452 2019 gentibus.
471 1966 611 2012 Quare
628 1971 671 2004 ut
692 1964 979 2013 sensibilitate,
997 1964 1058 2004 sic
1090 1964 1215 2005 etiam
1236 1964 1510 2017 intelligentia
1532 1970 1571 2005 et
1591 1964 1819 2004 reflexione

247 2039 287 2072 et
317 2031 447 2070 libera
477 2030 689 2069 voluntate
710 2028 921 2081 praeditus
943 2033 1016 2076 est,
1039 2035 1080 2067 et
1108 2028 1162 2067 ad
1190 2027 1486 2081 perfectionem
1518 2041 1638 2067 suam
1668 2026 1818 2079 iugiter

243 2098 482 2150 augendam
526 2096 720 2148 viresque
765 2094 1040 2147 explicandas
1079 2094 1301 2135 contendit.
1333 2095 1455 2135 Unde
1498 2094 1643 2134 eadem
1673 2099 1823 2133 natura

241 2164 428 2203 humana
456 2163 498 2201 in
529 2161 705 2214 singulis
735 2160 1009 2213 multiplicata
1039 2167 1078 2201 et
1108 2161 1228 2213 quasi
1257 2161 1405 2201 iterata
1435 2160 1700 2213 conspicitur.

296 2231 407 2270 Hinc
425 2242 571 2270 omnes
589 2227 840 2280 cognatione
857 2227 1037 2280 quadam
1050 2233 1089 2267 et
1105 2228 1285 2268 naturali
1302 2228 1501 2269 societate
1518 2226 1821 2276 devinciuntur,

246 2301 371 2348 atque
393 2294 445 2334 ad
462 2293 639 2334 eundem
657 2293 797 2339 finem,
818 2291 1009 2333 omnibus
1026 2305 1157 2344 aeque
1176 2293 1422 2344 praefixum,
1435 2296 1731 2344 promoventur
1747 2290 1823 2330 sub

246 2376 328 2402 uno
360 2361 641 2415 gubernatore
671 2360 772 2407 Deo,
795 2357 979 2397 omnium
1002 2363 1174 2410 parente
1196 2364 1235 2397 et
1254 2358 1453 2410 principe.
1477 2357 1586 2397 Hinc
1616 2357 1746 2399 oritur
1775 2363 1819 2398 ut

246 2427 370 2467 etiam
389 2431 509 2465 extra
526 2423 691 2463 civilem
722 2422 973 2470 convictum,
991 2421 1145 2462 mutuis
1167 2421 1319 2461 officiis
1339 2421 1446 2462 inter
1468 2435 1514 2461 se
1536 2427 1766 2468 teneantur,
1796 2432 1823 2458 a

244 2496 395 2529 natura
423 2486 818 2541 proficiscentibus;
847 2486 897 2525 de
927 2485 1074 2536 quibus
1095 2485 1249 2538 aliquid
1275 2486 1480 2526 disserere
1501 2490 1676 2537 oportet,
1707 2490 1821 2523 ante-

244 2567 367 2606 quam
397 2553 450 2591 ad
480 2559 633 2592 statum
664 2551 877 2598 socialem,
910 2549 1074 2602 proprie
1110 2549 1261 2589 dictum
1283 2582 1292 2598 ,
1324 2549 1556 2589 veniamus.
1587 2549 1649 2587 Ne
1679 2554 1820 2587 autem

244 2619 479 2672 argumenti
509 2617 735 2670 amplitudo
759 2630 836 2656 nos
856 2616 1022 2668 longius
1042 2615 1256 2668 pertrahat
1274 2630 1282 2665 ;
1309 2615 1361 2654 ad
1383 2614 1462 2654 tria
1481 2620 1641 2654 tantum
1663 2619 1819 2665 puncta

247 2695 485 2724 sermonem
503 2690 692 2722 nostrum
711 2685 990 2720 coarctamus.
1008 2678 1205 2728 Primum,
1223 2680 1273 2718 de
1289 2691 1431 2718 amore
1451 2690 1572 2729 quem
1589 2675 1823 2728 generatim

247 2751 374 2791 homo
403 2747 561 2788 homini
592 2747 740 2796 debet3
773 2746 920 2787 deinde
951 2746 999 2786 de
1020 2745 1109 2785 iure
1140 2743 1417 2797 proprietatis,
1439 2743 1548 2796 quod
1570 2742 1822 2795 peculiarem

247 2811 561 2854 observantiam
592 2810 798 2863 postulat;
845 2810 1022 2860 denique
1066 2810 1115 2849 de
1154 2807 1436 2848 contractibus
1465 2808 1705 2860 eloquemur
1720 2839 1729 2855 ,
1769 2819 1824 2846 ex

247 2877 396 2930 quibus
426 2887 561 2916 novae
593 2873 887 2926 obligationes,
917 2879 1081 2926 praeter
1111 2872 1336 2921 naturales,
1369 2878 1636 2912 enascuntur.
