1970 3203
218 207 296 249 138
537 221 602 248 IUs
632 220 834 247 NATURAE
855 230 876 236 ··
897 220 1005 247 PARS
1034 220 1059 246 1.
1089 220 1154 247 ms
1183 220 1452 247 INDlVIDUALE

219 296 367 337 delicet
396 309 468 348 per
498 296 592 343 hoc,
613 295 723 348 quod
744 296 875 334 Deum
897 307 1138 335 reveremur
1159 300 1198 334 et
1217 295 1488 343 honoramus,
1504 308 1625 335 mens
1646 299 1793 335 nostra

219 362 257 402 ei
287 362 501 403 subiicitur
520 396 532 411 ,
569 368 609 402 et
637 362 679 400 in
707 361 789 401 hoc
833 360 923 401 eius
955 361 1154 413 perfectio
1193 361 1396 401 consistit.
1429 362 1647 409 Quaelibet
1687 362 1797 402 enim

217 439 286 466 res
316 426 527 479 perficitur
556 439 629 478 per
656 425 749 472 hoc,
780 425 890 478 quod
923 424 1109 465 subditur
1138 438 1213 465 suo
1254 425 1468 478 superiori,
1498 426 1608 466 sicut
1640 439 1794 478 corpus

216 504 290 543 per
319 492 413 540 hoc,
447 491 556 544 quod
586 490 822 530 vivificatur
851 490 903 530 ab
933 490 1086 538 anima;
1109 499 1149 530 et
1179 494 1253 529 aer
1281 500 1354 541 per
1382 489 1475 538 hoc,
1506 490 1614 542 quod
1645 489 1792 528 illumi-

217 561 340 594 natur
369 568 395 593 a
422 555 522 595 sole.
553 556 678 595 Mens
706 560 846 595 autem
876 555 1064 594 humana
1084 553 1254 606 indiget,
1270 554 1324 592 ad
1344 554 1425 593 hoc
1446 560 1489 593 ut
1509 554 1791 607 coniungatur

217 621 319 669 Deo,
350 619 611 660 sensibilium
640 620 975 668 manucluctione3
1006 618 1104 672 quia
1130 618 1359 658 invisibilia
1389 618 1465 658 Dei
1495 632 1567 670 per
1597 633 1661 667 ea,
1688 632 1796 671 quae

217 683 328 724 facta
358 691 464 732 sunt,
495 684 707 725 intellecta
736 684 1062 736 conspiciuntur,
1092 688 1135 722 ut
1163 683 1397 735 Apostolus
1425 682 1523 722 dicit
1552 684 1610 723 ad
1635 684 1793 723 Roma-

218 762 293 788 nos
323 750 352 787 I.
376 750 428 788 Et
456 749 548 789 ideo
577 748 619 788 in
646 748 785 788 divino
816 750 929 788 cultu
958 760 1134 788 necesse
1163 755 1228 787 est
1261 746 1472 799 aliquibus
1502 747 1789 800 corporalibus

215 813 300 861 uti,
330 817 374 852 ut
403 812 476 861 eis,
507 813 626 865 quasi
656 813 789 865 signis
820 811 1066 865 quibusdam
1090 844 1099 860 ‚
1134 825 1253 852 mens
1293 811 1473 851 hominis
1504 811 1707 851 excitetur
1735 813 1789 852 ad

214 878 452 931 spirituales
482 884 613 927 actus,
644 878 793 931 quibus
824 880 912 918 Deo
951 878 1228 930 coniungitur.
1260 878 1313 918 Et
1340 877 1434 917 ideo
1464 877 1628 929 Religio
1662 877 1791 917 habet

216 944 380 996 quidem
411 943 630 984 interiores
662 950 792 992 actus,
823 943 943 996 quasi
973 943 1226 995 principales
1256 949 1297 982 et
1312 956 1383 994 per
1404 956 1449 982 se
1471 943 1524 981 ad
1544 942 1789 995 religionem

215 1010 482 1062 pertinentes;
515 1010 745 1049 exteriores
775 1023 875 1050 vero
904 1014 1039 1058 actus,
1068 1009 1188 1062 quasi
1219 1009 1507 1057 secundarios,
1539 1014 1579 1048 et
1608 1008 1661 1047 ad
1690 1008 1788 1048 inte-

216 1076 350 1117 riores
380 1082 500 1116 actus
528 1075 744 1116 ordinatos
774 1077 846 1128 (1).
873 1092 892 1115 »

273 1140 336 1180 36.
366 1140 623 1180 PRoposiTio
653 1140 711 1180 21⁶²
741 1140 835 1180 Deo
864 1140 1030 1180 debitus
1060 1144 1122 1181 est
1147 1141 1288 1180 cultas
1320 1141 1448 1181 etiam
1470 1141 1683 1194 publicas,
1714 1139 1791 1193 qai

216 1203 427 1243 nimirum
456 1203 507 1242 ab
537 1204 779 1244 hominihus
807 1204 1050 1245 societatem
1081 1205 1406 1259 efformantibus
1436 1206 1683 1245 celebretur.

269 1269 391 1309 Prob.
423 1270 561 1310 Homo
583 1303 592 1319 ‚
623 1270 659 1310 si
689 1271 822 1311 Deum
855 1271 991 1311 colere
1021 1277 1184 1312 tenetur
1205 1305 1213 1321 ‚
1245 1271 1430 1312 officium
1456 1272 1537 1312 hoc
1578 1277 1797 1325 praestare

219 1334 340 1375 debet
368 1347 453 1374 non
482 1341 604 1388 prout
633 1335 845 1377 abstracte
878 1341 918 1376 et
959 1336 1229 1389 hypothetice
1272 1336 1502 1389 concipitur
1525 1368 1533 1384 ‚
1564 1336 1639 1376 sed
1668 1342 1790 1388 prout

217 1407 315 1442 actu
344 1407 419 1450 est,
451 1409 490 1441 et
519 1401 635 1441 iuxta
664 1403 896 1442 naturalem
927 1402 1207 1443 conditionem
1235 1416 1286 1442 ac
1316 1408 1472 1443 statum
1502 1402 1544 1441 in
1569 1416 1649 1455 quo
1680 1415 1794 1454 repe-

216 1465 329 1505 ritur.
361 1465 488 1517 Atqui
517 1465 642 1505 homo
673 1479 756 1506 non
777 1466 1006 1506 solitariam
1025 1466 1152 1506 vitam
1175 1467 1297 1519 degit,
1320 1467 1394 1506 sed
1412 1467 1455 1506 in
1478 1467 1678 1507 societate
1696 1480 1791 1506 cum

216 1531 310 1571 aliis
340 1531 595 1572 constitutus
625 1537 699 1572 est.
730 1534 841 1586 Ergo
872 1534 1027 1573 cultum
1058 1535 1147 1573 Deo
1179 1538 1393 1585 praestare
1424 1533 1545 1574 debet
1574 1539 1696 1585 prout
1718 1546 1790 1573 so-

216 1598 335 1639 cialis
367 1604 441 1647 est,
473 1611 547 1638 seu
576 1604 698 1650 prout
727 1612 822 1639 cum
852 1599 945 1639 aliis
973 1599 1219 1639 societatem
1240 1599 1445 1639 efformat.
1467 1600 1513 1638 Id
1551 1612 1650 1639 vero
1672 1599 1793 1638 aliter

217 1664 325 1704 effici
356 1664 508 1715 nequit,
540 1664 622 1704 nisi
643 1678 715 1716 per
736 1666 889 1705 cultum
921 1665 1119 1705 socialem
1152 1670 1192 1704 et
1222 1664 1444 1716 publicum.

270 1728 381 1768 Hinc
410 1729 545 1768 denuo
577 1735 751 1781 apparet
782 1730 1019 1769 necessitas
1058 1729 1193 1768 cultus
1231 1728 1422 1777 externi3
1453 1728 1648 1769 homines
1679 1729 1789 1769 enim

217 1795 385 1833 nonnisi
416 1795 601 1835 externis
630 1794 763 1847 signis
792 1808 937 1835 secum
967 1794 1147 1834 invicem
1178 1795 1517 1842 communicant,
1548 1802 1588 1835 et
1617 1795 1789 1835 unitatis

216 1857 383 1897 vinculo
414 1860 673 1910 copulantur:
707 1860 796 1899 «In
825 1860 982 1898 nullum
1012 1872 1165 1898 nomen
1199 1857 1434 1910 Religionis
1454 1890 1463 1907 ‚
1493 1858 1550 1897 ait
1581 1858 1622 1898 S.
1651 1859 1798 1911 Augu-

216 1923 351 1964 stinus
373 1957 382 1972 ,
414 1924 641 1963 coadunari
671 1925 863 1964 homines
892 1937 1016 1977 posse
1039 1957 1048 1973 ‚
1089 1924 1169 1963 nisi
1199 1923 1335 1976 aliquo
1380 1922 1694 1976 signaculorum
1725 1926 1791 1965 vel

219 1996 582 2030 sacramentorum
614 1990 824 2030 consortio
854 1990 1102 2043 colligentur
1135 1992 1212 2043 (2).
1242 2004 1262 2028 »

268 2054 509 2102 Praeterea,
539 2055 674 2094 cultus
704 2054 859 2107 publici
889 2055 1087 2107 obligatio
1118 2068 1171 2095 ex
1201 2054 1305 2106 legis
1334 2054 1539 2093 naturalis
1569 2052 1786 2106 principio:

219 2118 426 2158 Ordinem
455 2133 592 2169 ser-va,
624 2121 837 2161 evidenter
865 2121 1050 2161 insertur.
1080 2123 1212 2162 Totus
1244 2120 1353 2160 enim
1369 2127 1545 2160 naturae
1572 2121 1672 2160 ordo
1702 2121 1785 2161 huc

216 2182 356 2231 tendit,
387 2189 431 2223 ut
448 2185 548 2233 Deo,
571 2198 620 2225 eo
641 2185 764 2225 modo
786 2199 863 2236 quo
884 2192 1032 2238 potest,
1053 2185 1230 2238 gloriam
1262 2184 1471 2237 praebeat.
1494 2185 1631 2224 Homo
1652 2184 1791 2237 igitur.

213 2256 258 2288 ut
287 2248 489 2290 eiusmodi
520 2256 694 2290 naturae
723 2252 974 2292 ordinationi
1004 2264 1049 2291 se
1079 2251 1337 2298 conformet,
1367 2251 1570 2302 perficere
1600 2251 1784 2302 profecto

213 2317 388 2362 tenetur,
410 2319 454 2353 ut
483 2313 626 2353 divina
655 2315 748 2355 laus
770 2322 810 2355 et
831 2315 1074 2368 obsequium
1096 2315 1148 2355 ab
1169 2315 1221 2354 iis
1243 2314 1380 2362 etiam,
1401 2314 1648 2366 quibuscum
1671 2315 1783 2364 vivit,

212 2378 458 2419 tribuantur.
489 2379 600 2420 Hinc
630 2380 829 2420 instinctu
859 2387 898 2421 et
926 2381 1087 2422 ratione
1106 2381 1305 2421 incitatur
1325 2381 1378 2420 ad
1400 2380 1506 2421 alios
1528 2381 1605 2421 sibi
1624 2382 1786 2422 socian-

213 2444 288 2484 dos
317 2445 359 2483 in
390 2446 502 2485 cultu
533 2446 698 2496 divino;
730 2448 976 2499 praesertim
1005 2447 1102 2500 quia
1131 2460 1340 2487 concursu
1369 2446 1545 2487 aliorum
1584 2448 1789 2488 maximo-

212 2522 311 2562 pere
339 2511 471 2562 pietas
502 2518 541 2552 et
572 2513 735 2553 devotio
766 2513 929 2565 privata
958 2514 1133 2554 fovetur.

269 2576 378 2617 Hinc
395 2578 523 2618 oritur
539 2579 754 2620 inclinatio
772 2586 811 2619 et
828 2580 1007 2620 debitum
1023 2581 1074 2620 ad
1092 2580 1179 2621 dies
1196 2580 1325 2621 festos
1341 2580 1615 2620 instituendos
1639 2586 1678 2622 et
1695 2586 1797 2620 tem-

213 2642 282 2694 pla
312 2649 352 2682 et
381 2655 478 2682 aras
508 2657 580 2695 pro
603 2644 741 2684 divino
762 2645 920 2685 honore
943 2646 1209 2686 dedicandas.
1234 2645 1354 2692 Quod
1379 2649 1549 2698 insuper
1571 2653 1794 2698 propterea

213 2707 337 2747 etiam
349 2709 658 2761 convenit‚quia
671 2724 764 2749 cum
777 2723 914 2750 rerum
927 2712 1203 2752 materialium
1215 2726 1372 2766 genera
1383 2713 1435 2752 ad
1448 2712 1552 2751 duas
1564 2711 1794 2763 praecipue

257 2874 307 2915 (1)
333 2874 488 2908 Summa
513 2875 551 2908 th
584 2877 630 2911 23
651 2876 710 2909 236
733 2887 764 2918 q.
790 2878 956 2915 LXXXI,
978 2888 1000 2910 a
1023 2878 1048 2909 7.

252 2927 302 2967 (2)
329 2927 469 2962 Contra
493 2929 686 2968 Faustum,
709 2929 764 2961 lib.
789 2930 887 2968 XIX,
911 2940 938 2962 c.
964 2930 1005 2963 11.
