1970 3203
448 212 585 239 CAPUT
615 210 666 237 111.
697 210 750 236 DE
780 210 952 237 OFFICIIS
982 210 1150 238 HOMINIS
1180 209 1293 236 ERGA
1322 208 1500 236 SEIPSUM
1675 195 1752 235 159

176 287 309 340 ipsum
339 286 459 327 bonis
487 286 538 325 iis
566 285 717 326 iniuste
747 286 909 338 privare
939 291 1125 326 conatur.
1158 287 1203 326 Id
1232 285 1411 326 inficiari
1436 286 1577 338 nequit
1606 285 1687 326 nisi
1715 286 1751 326 is

178 351 246 404 qui
274 350 344 389 vel·
369 354 541 388 naturae
571 349 634 388 ius
654 349 828 400 ignoret,
849 350 914 389 vel
943 349 1009 388 ius
1030 350 1081 389 ab
1099 350 1248 390 iniuria
1268 350 1405 390 collidi
1434 363 1558 402 posse
1587 354 1753 390 conten-

176 417 261 454 dat.
286 415 374 452 Nec
390 413 538 461 obstat,
555 413 662 465 quod
679 413 915 452 huiusmodi
944 413 1044 452 iuris
1066 413 1249 453 defensio
1267 420 1412 453 contra
1428 413 1511 452 vim
1535 413 1748 452 inimicam

175 491 270 519 cum
291 478 442 517 damno
473 476 736 529 aggressoris
766 477 970 516 societur:
1000 477 1332 529 quandoquidem
1363 477 1559 516 damnum
1580 476 1680 516 illud
1709 477 1746 516 ei

184 543 380 595 imputari
410 543 545 590 debet,
577 542 644 595 qui
674 549 820 595 sponte
850 549 890 581 et
919 542 1125 594 flagitiose
1155 555 1201 582 se
1231 542 1273 581 in
1308 543 1530 583 discrimen
1561 542 1748 591 adduxit;

174 620 260 647 non
292 619 391 646 vero
420 606 482 645 illi
509 606 577 659 qui
606 606 772 658 proprio
804 605 1002 658 prospicit
1031 605 1153 653 bono,
1189 611 1228 645 et
1252 606 1317 645 ius
1352 620 1397 646 se
1427 607 1565 646 tuendi
1594 620 1678 646 non
1707 620 1748 646 a-

179 670 314 718 mittit,
345 676 511 722 propter
539 670 786 722 pravitatem
820 671 1004 710 alterius.

231 737 349 776 Haec
371 735 489 783 ratio,
510 749 605 775 cum
625 735 834 787 generalis
855 735 922 784 sit,
938 735 1119 775 ostendit
1134 734 1259 774 etiam
1283 734 1636 786 propulsationem
1652 734 1752 774 iniu·

180 803 269 841 riae
290 801 456 842 extendi
477 814 600 854 posse
615 814 744 853 usque
765 801 818 840 ad
829 800 1092 853 aggressoris
1114 814 1272 848 necem,
1295 799 1329 839 si
1349 799 1437 839 eius
1452 800 1648 840 violentia
1665 813 1749 839 non

182 870 314 920 possit
342 867 460 908 aliter
480 867 635 920 repelli,
667 867 789 906 modo
811 873 1031 907 serventur
1052 867 1324 913 conditiones,
1354 879 1459 918 quas
1478 866 1748 906 moderamen

131 954 141 964 ι
183 933 420 984 inculpatae
441 931 593 971 tutelae
612 930 871 983 praescribit.
890 931 1007 977 Quod
1028 943 1131 970 sane
1152 931 1218 970 ius
1238 930 1474 982 impugnari
1496 930 1653 982 nequit,
1674 931 1753 969 nisi

188 995 350 1036 dicatur
378 995 504 1033 homo
535 995 626 1046 plus
647 994 778 1033 teneri
808 994 861 1033 ad
883 995 1183 1033 consulendum
1205 994 1312 1034 bono
1334 995 1485 1043 alieno,
1516 1008 1641 1047 quam
1665 1007 1753 1042 suo;

185 1062 294 1113 quod
323 1068 435 1100 certe
460 1060 727 1100 falsissimum
759 1067 821 1100 est
850 1067 996 1100 contra
1027 1060 1204 1099 ordinati
1234 1060 1390 1100 amoris
1419 1063 1619 1113 regulam.

237 1125 422 1164 Adverte
453 1130 591 1163 tamen
621 1123 857 1164 huiusmodi
886 1124 950 1164 ius
972 1125 1163 1176 propriae
1184 1124 1439 1164 defensionis
1455 1138 1582 1177 usque
1603 1125 1656 1164 ad
1678 1125 1746 1164 in-

185 1188 497 1240 teremptionem
521 1188 784 1240 aggressoris
813 1201 838 1226 a
855 1196 1005 1227 natura
1027 1188 1199 1228 concedi
1221 1188 1395 1240 quidem,
1416 1188 1490 1227 sed
1512 1188 1600 1227 eius
1631 1201 1750 1227 usum

186 1268 449 1307 nequaquam
471 1253 666 1305 praecipi.
685 1255 778 1293 Non
796 1253 905 1293 enim
923 1260 965 1293 ut
982 1254 1108 1293 vitam
1139 1261 1289 1301 servet,
1307 1267 1411 1306 quae
1432 1266 1504 1305 per
1533 1267 1578 1293 se
1599 1255 1752 1293 bonum

185 1321 405 1374 physicum
435 1321 650 1359 dumtaxat
680 1325 743 1359 est
772 1325 811 1359 et
840 1319 1004 1372 quidem
1034 1320 1087 1359 ad
1121 1319 1376 1358 individuam
1406 1333 1627 1371 personam
1658 1333 1756 1371 per-

186 1385 337 1438 tinens,
367 1383 544 1434 obligari
574 1383 665 1435 quis
696 1389 832 1435 potest
862 1384 915 1422 ad
943 1383 1164 1431 actionem,
1195 1398 1220 1423 a
1249 1398 1329 1436 qua
1358 1391 1574 1434 tantopere
1604 1390 1756 1423 natura

190 1449 399 1495 abhorret,
417 1447 551 1500 qualis
582 1454 644 1486 est
673 1447 851 1487 hominis
880 1447 1121 1487 interfectio.
1152 1447 1403 1488 Praesertim
1434 1448 1530 1500 quia
1559 1461 1604 1488 se
1634 1448 1759 1487 absti-

194 1512 330 1551 nendo
351 1525 377 1550 a
406 1511 445 1550 vi
476 1510 716 1563 aggressori
748 1511 1006 1562 opponenda,
1036 1510 1162 1550 altius
1192 1510 1345 1550 bonum
1375 1517 1564 1563 spectare
1593 1516 1756 1562 potest,

191 1577 387 1616 nimirum
408 1576 575 1616 virtutis
604 1576 846 1616 exercitium
869 1583 908 1616 et
937 1583 1150 1617 aeternam
1171 1577 1436 1629 aggressoris
1468 1578 1657 1617 salutem.
1679 1578 1761 1616 Ex-

191 1641 325 1693 ceptio
356 1647 496 1680 tamen
525 1640 615 1680 fieri
646 1640 780 1680 debet:
810 1653 861 1680 ne
891 1640 950 1688 is,
982 1640 1049 1692 qui
1078 1641 1395 1692 aggressionem
1426 1640 1577 1691 patitur
1598 1672 1606 1688 ,
1638 1653 1684 1679 se
1713 1640 1755 1679 in

195 1704 336 1746 lethali
366 1706 487 1757 culpa
509 1704 667 1744 versari
698 1704 898 1753 consciat,
927 1710 998 1743 aut
1018 1709 1132 1743 certo
1154 1703 1260 1743 sciat
1289 1711 1456 1756 propter
1476 1703 1539 1743 sui
1557 1703 1757 1743 interem—

191 1771 371 1824 ptionem
402 1771 556 1810 bonum
587 1783 805 1809 commune
834 1769 1068 1822 periclitari.
1106 1771 1226 1808 Tunc
1256 1769 1364 1808 enim
1401 1768 1566 1816 officio,
1597 1782 1676 1821 quo
1708 1783 1752 1809 se

191 1833 382 1874 ordinato
413 1846 554 1873 amore
584 1833 753 1885 diligere
785 1847 835 1873 ac
865 1833 1020 1872 bonum
1051 1846 1271 1872 commune
1305 1833 1466 1884 privato
1497 1833 1605 1872 bono
1635 1838 1758 1872 ante-

190 1912 349 1951 ponere
379 1899 509 1947 debet,
539 1899 592 1938 ad
621 1899 704 1937 vim
734 1899 773 1937 vi
803 1899 1084 1951 repellendam
1114 1898 1397 1950 adstringitur.

243 1964 306 2004 59.
339 1964 595 2003 Pizoposmo
625 1961 680 2002 2²².
710 1962 930 2011 thellttm,
961 1975 1033 2002 sete
1055 1962 1281 2014 privatum
1298 1964 1523 2010 certamen,
1557 1963 1760 2002 insanum

193 2030 254 2066 est
282 2029 320 2064 et
349 2026 549 2065 illicitum
578 2027 672 2065 iure
702 2029 898 2065 naturae.

246 2092 369 2132 Prob.
402 2093 464 2132 Ne
493 2091 779 2144 aequivocatio
809 2092 992 2144 irrepat,
1026 2092 1440 2132 animadvertendum
1475 2098 1538 2132 est
1567 2106 1644 2132 nos
1674 2106 1759 2132 non

196 2156 308 2208 loqui
329 2156 379 2195 de
399 2168 553 2208 genere
582 2155 650 2195 illo
671 2155 911 2195 certaminis
933 2155 1170 2207 singularis,
1199 2156 1307 2207 quod
1328 2156 1494 2207 publica
1514 2156 1760 2196 auctoritate

195 2221 248 2260 ad
278 2222 430 2261 bellum
459 2221 686 2261 finiendum
716 2220 952 2270 assumitur;
984 2227 1027 2260 ut
1057 2221 1234 2261 victoria
1263 2221 1320 2260 illi
1355 2222 1460 2273 parti
1491 2221 1763 2270 adiudicetur,

199 2287 316 2327 cuius
346 2288 464 2327 miles
484 2287 618 2326 victor
639 2286 825 2327 exsistat.
858 2287 903 2325 Id
926 2286 1047 2334 enim,
1070 2300 1321 2339 quamquam
1342 2287 1531 2326 absolute
1553 2300 1578 2325 a
1598 2286 1760 2326 ratione

197 2353 478 2404 prohibeatur,
509 2366 614 2404 quae
642 2352 753 2392 iubet
784 2366 835 2392 ne
858 2353 1048 2392 fortunae
1079 2352 1371 2400 committatur,
1395 2353 1505 2404 quod
1534 2352 1764 2404 aptioribus

196 2420 236 2455 et
269 2414 551 2454 securioribus
578 2416 724 2455 mediis
745 2415 920 2455 obtineri
940 2421 1085 2467 potest;
1115 2422 1255 2455 tamen
1275 2416 1317 2454 in
1342 2416 1548 2468 aliquibus
1580 2415 1762 2454 circum-

195 2480 361 2520 stantiis
382 2480 543 2519 licitum
564 2489 637 2529 est,
660 2482 766 2521 sicut
786 2482 942 2520 licitum
965 2488 1027 2522 est
1043 2481 1205 2520 bellum.
1225 2481 1306 2520 Sed
1324 2482 1376 2520 ad
1397 2482 1576 2520 duellum
1598 2481 1764 2533 proprie

195 2546 350 2585 dictum
380 2559 615 2586 sermonem
645 2546 934 2598 restringimus
956 2547 1062 2598 quod
1085 2546 1262 2586 describi
1285 2553 1432 2598 potest:
1463 2547 1665 2585 Duorum
1687 2550 1763 2585 αιιί

188 2610 390 2661 pluriam
419 2614 633 2649 certamen
645 2610 824 2662 privata
842 2623 972 2649 causa
995 2614 1033 2648 et
1050 2609 1224 2662 privata
1246 2610 1503 2649 auctoritate
1523 2613 1764 2662 susceptum

194 2674 428 2727 designatis
451 2679 579 2715 antea
603 2675 750 2722 armis,
774 2675 994 2723 iudicibus,
1018 2676 1107 2713 loeo
1126 2678 1166 2714 et
1181 2678 1364 2728 tempore
1380 2675 1648 2728 confligendi.
1672 2675 1764 2713 Hoc

197 2741 386 2779 certandi
416 2755 551 2793 genus
581 2741 808 2781 asserimus
839 2742 1033 2781 insanum
1065 2746 1104 2781 et
1132 2741 1318 2780 illicitum
1352 2755 1457 2790 esse,
1488 2747 1628 2793 utpote
1650 2741 1765 2780 falsis

202 2802 416 2854 principiis
446 2804 649 2854 innixum,
671 2805 854 2857 ineptum
885 2805 957 2844 fini
977 2813 1145 2857 propter
1176 2817 1298 2857 quem
1318 2805 1554 2853 assumitur,
1586 2811 1626 2844 et
1653 2804 1764 2843 iniu-

204 2872 314 2906 stum
344 2873 493 2907 natura
522 2881 610 2908 sua.
