1970 3203
381 211 519 237 CAPUT
548 210 598 236 111.
629 209 681 235 DE
708 209 858 236 NORMA
887 209 1160 236 OPERATIONIS
1190 207 1396 236 HUMANAE
1648 196 1699 235 95

144 303 163 326 «
187 288 252 328 Ad
280 286 507 339 perfectam
538 285 613 325 Dei
643 285 867 326 bonitatem
898 287 1074 338 pertinet
1102 287 1211 339 quod
1240 286 1342 326 nihil
1362 285 1639 326 inordinatum
1659 284 1702 323 in

135 353 261 393 rebus
286 352 529 404 relinquat...
552 351 636 391 Sub
674 351 816 391 ordine
837 358 976 392 autem
996 353 1190 401 iustitiae,
1211 367 1317 406 quae
1339 353 1392 393 ad
1413 351 1704 404 aequalitatem

138 418 312 466 reducit,
343 417 751 470 comprehenduntur
772 431 834 465 ea,
854 431 960 470 quae
981 419 1160 458 debitam
1181 419 1450 472 quantitatem
1472 418 1703 465 excedunt,

139 480 304 522 excedit
337 487 474 520 autem
496 481 620 520 homo
643 480 824 520 debitum
847 494 949 521 suae
970 482 1210 534 quantitatis
1229 483 1417 534 gradum,
1439 482 1535 521 dum
1557 481 1705 520 volun-

137 551 263 584 tatem
293 557 411 583 suam
435 543 599 584 divinae
616 545 819 584 voluntati
838 545 1029 597 praefert,
1052 546 1345 586 satisfaciendo
1366 547 1401 586 ei
1423 553 1570 586 contra
1589 545 1703 585 ordi-

135 622 243 658 nem,
262 622 369 661 quae
381 609 544 661 quidem
561 610 849 662 inaequalitas,
865 612 1029 659 tollitur,
1047 612 1142 650 dum
1156 618 1301 651 contra
1314 613 1566 652 voluntatem
1585 625 1704 651 suam

133 676 258 715 homo
281 675 433 728 aliquid
451 679 535 727 pati
565 676 736 727 cogitur,
754 676 982 716 secundum
1014 676 1315 716 ordinationem
1335 679 1405 727 (1).
1429 692 1447 714 ))
1472 678 1616 716 Poena
1645 682 1708 716 est

133 741 252 794 quasi
273 741 429 780 reactio
460 741 634 780 rationis
657 748 696 780 et
711 741 890 782 iustitiae
908 742 961 781 ad
978 742 1164 781 ordinem
1181 743 1464 794 perturbatum
1482 742 1708 782 restituen-

137 808 247 856 dum;
271 812 310 847 et
325 807 547 859 iudex,quo
567 807 714 847 iustior
727 814 802 855 est,
817 820 866 847 eo
885 808 1020 859 magis
1036 807 1336 847 inexorabilem
1359 808 1607 848 sententiam
1622 808 1710 848 fert.

188 870 393 910 Probatur
423 871 604 910 secundo
635 884 686 910 ex
717 871 940 911 sanctitate
971 871 1121 910 divina.
1153 873 1260 910 Nam
1290 871 1500 911 sanctitati
1546 871 1710 911 divinae

137 940 344 985 repugnat
372 940 415 972 ut
444 933 720 974 obedientiam
750 948 775 973 a
804 934 1051 986 pervicacia,
1074 935 1265 974 virtutem
1296 949 1321 975 a
1344 935 1453 983 vitio,
1474 934 1517 973 in
1539 935 1704 974 entibus

136 1013 162 1038 a
191 1012 236 1038 se
265 999 602 1051 dependentibus,
634 1002 817 1053 practice
847 1013 930 1040 non
966 1001 1232 1041 discriminet.
1264 1002 1310 1041 Id
1340 1015 1438 1042 vero
1469 1015 1704 1054 conseque-

137 1072 260 1113 retur,
290 1066 325 1105 si
354 1066 544 1107 honestis
583 1067 766 1107 moribus
796 1067 1022 1119 praemium
1046 1100 1054 1115 ,
1085 1067 1307 1120 pravisque
1328 1081 1506 1119 poenam
1529 1080 1611 1107 non
1632 1080 1704 1107 re-

139 1132 350 1184 penderet,
380 1132 454 1171 sed
476 1132 639 1184 aequali
668 1139 779 1172 sorte
801 1140 885 1171 tum
906 1132 1037 1172 bonos
1058 1138 1141 1171 tum
1165 1133 1298 1172 malos
1319 1133 1501 1173 donaret.
1525 1133 1709 1185 Itemque

135 1196 169 1235 si
200 1195 340 1235 odium
369 1208 448 1248 quo
478 1196 682 1236 sanctitas
713 1197 850 1236 scelus
885 1196 1158 1248 prosequitur,
1188 1209 1385 1248 amorque
1414 1209 1494 1248 quo
1515 1195 1707 1235 virtutem

137 1261 280 1314 diligit,
311 1261 353 1300 in
374 1261 654 1313 gubernatore
675 1268 716 1301 et
734 1261 920 1314 principe
943 1262 1230 1313 potentissimo
1251 1262 1404 1302 efficax
1426 1268 1500 1310 est;
1522 1262 1706 1314 profecto

140 1325 323 1376 exigitur
339 1331 382 1363 ut
399 1325 536 1365 virtuti
554 1325 749 1377 praemia,
770 1326 998 1365 sceleribus
1014 1339 1175 1377 poenae
1196 1335 1479 1378 congruentes
1499 1332 1705 1379 aptentur.

121 1395 132 1406 ·
193 1388 399 1427 Probatur
421 1388 541 1427 tertio
571 1402 622 1429 ex
653 1389 791 1428 divina
821 1389 1026 1441 sapientia
1055 1396 1095 1430 et
1124 1390 1392 1442 providentia.
1416 1393 1521 1431 Nam
1544 1390 1706 1442 providi

149 1453 405 1506 legislatoris
425 1452 628 1505 sapientia
648 1453 793 1505 poscit,
815 1460 858 1492 ut
879 1453 1117 1501 efficaciter,
1139 1460 1337 1505 quantum
1356 1455 1484 1501 decet,
1506 1455 1558 1503 ad
1574 1455 1712 1506 legum

144 1516 452 1556 observantiam
487 1516 675 1556 subditos
705 1517 899 1569 impellat.
930 1518 1086 1557 Curare
1116 1517 1238 1569 igitur
1269 1517 1400 1564 debet,
1432 1526 1474 1556 ut
1496 1517 1567 1569 qui
1598 1518 1713 1569 leges

144 1583 393 1631 custodiunt,
424 1582 566 1622 felices
596 1583 788 1631 evadant;
819 1583 885 1634 qui
916 1589 1063 1622 contra
1091 1583 1260 1630 violant,
1292 1582 1431 1622 miseri
1458 1582 1710 1622 efficiantur.

147 1646 399 1686 Praesertim
429 1646 470 1684 id
507 1647 646 1685 locum
676 1646 831 1694 habet,
863 1660 958 1685 cum
987 1647 1040 1685 ad
1069 1647 1205 1698 legem
1240 1646 1555 1685 custodiendam
1585 1658 1712 1697 saepe

145 1712 312 1764 magnis
340 1711 464 1752 huius
493 1711 602 1751 vitae
633 1711 752 1751 bonis
782 1712 970 1751 nuntium
1000 1712 1160 1752 mittere
1189 1725 1364 1752 necesse
1387 1712 1440 1751 sit
1460 1726 1511 1752 ac
1531 1724 1711 1763 magnas

147 1777 408 1818 calamitates
437 1776 667 1823 incurrere·
700 1784 846 1817 contra
874 1778 925 1817 ad
954 1778 1090 1830 legem
1111 1777 1349 1817 violandam
1372 1791 1498 1830 saepe
1518 1777 1709 1817 homines

148 1843 247 1896 suga
290 1843 530 1895 gravissimi
572 1842 823 1883 incommodi
863 1848 936 1883 aut
964 1856 1106 1884 amore
1135 1844 1410 1895 praegrandis
1445 1843 1714 1884 emolumenti

129 1906 433 1947 sollicitentur.
465 1908 661 1958 Itemque,
684 1921 777 1946 cum
800 1908 932 1959 prima
959 1908 1075 1948 radix
1108 1907 1244 1947 omnis
1264 1908 1528 1959 appetitionis
1549 1908 1601 1946 sit
1622 1907 1713 1946 feli-

152 1970 270 2018 citas,
302 1970 445 2022 nequit
472 1970 597 2009 homo
627 1971 743 2010 iuxta
772 1971 1004 2023 sapientiae
1025 1971 1210 2010 ordinem
1233 1972 1286 2009 ad
1307 1971 1442 2022 legem
1464 1970 1715 2010 servandam

151 2035 331 2083 invitari,
363 2035 443 2074 nisi
473 2035 593 2074 simul
625 2035 703 2087 ipsi
733 2043 986 2076 monstretur
1014 2037 1096 2076 hac
1126 2037 1194 2075 via
1223 2050 1267 2076 se
1289 2037 1341 2075 ad
1362 2036 1601 2078 felicitatem
1623 2049 1717 2076 esse

152 2107 462 2153 perventurum.
496 2101 702 2150 Similiter,
734 2115 828 2141 cum
861 2103 981 2141 radix
1011 2102 1146 2142 omnis
1170 2102 1404 2142 aversionis
1424 2103 1477 2142 sit
1492 2102 1715 2154 i'ugamali;

150 2166 291 2218 nequit
320 2166 444 2205 homo
475 2174 753 2218 congruenter
782 2180 807 2205 a
827 2166 1050 2206 violatione
1070 2166 1175 2218 legis
1197 2166 1402 2215 deterreri,
1424 2165 1503 2205 nisi
1520 2178 1717 2217 magnam

151 2232 436 2271 calamitatem
468 2245 519 2271 ea
548 2232 771 2272 violatione
802 2245 848 2272 se
878 2232 1106 2272 subiturum
1136 2233 1254 2271 sciat.

212 2295 299 2334 Nec
330 2295 447 2334 dicas
475 2295 668 2335 sufficere
699 2296 807 2347 quod
837 2297 929 2348 ipsa
960 2297 1067 2348 legis
1088 2296 1276 2336 custodia
1295 2297 1347 2335 sit
1377 2296 1528 2335 bonum
1550 2296 1719 2342 morale,

157 2357 248 2397 eius
280 2370 380 2397 vero
402 2358 680 2410 transgressio
715 2359 770 2398 sit
799 2360 967 2399 malum.
998 2361 1104 2399 Nam
1134 2359 1173 2397 in
1205 2359 1349 2411 primis
1379 2367 1527 2411 quotus
1549 2359 1721 2411 quisque

153 2428 218 2461 est
249 2428 333 2460 tam
353 2422 621 2472 praecellenti
644 2422 793 2461 virtute
816 2430 999 2470 ornatus,
1020 2422 1088 2474 qui
1109 2423 1189 2462 hac
1212 2430 1368 2461 tantum
1392 2422 1539 2461 ductus
1560 2421 1720 2460 ratione

151 2488 288 2539 legem
311 2487 521 2526 custodire
538 2487 649 2535 velit,
671 2487 917 2539 praesertim
933 2488 972 2526 in
991 2488 1158 2527 casibus
1180 2487 1489 2535 difficilioribus,
1510 2486 1552 2525 in
1574 2487 1720 2539 quibus

159 2553 347 2591 humana
369 2552 557 2593 debilitas
578 2553 697 2604 plura
718 2553 957 2593 adiumenta
985 2553 1185 2605 requirit?
1206 2555 1294 2592 Lex
1315 2559 1466 2602 autem,
1487 2566 1582 2593 cum
1604 2567 1720 2592 com-

158 2615 402 2654 munitatem
432 2616 655 2666 respiciat,
686 2616 856 2664 motiva,
888 2616 1035 2668 quibus
1064 2616 1240 2664 fulcitur,
1276 2617 1466 2657 omnibus
1497 2630 1723 2656 accommo-

157 2679 258 2717 dare
305 2678 436 2718 debet.
468 2679 626 2719 Deinde
648 2711 656 2727 ,
700 2680 767 2719 hic
798 2694 880 2720 non
925 2686 1136 2731 spectatur
1178 2681 1272 2733 quid
1315 2681 1501 2721 subiecto
1530 2681 1721 2720 sufficere

161 2743 305 2793 possit,
337 2744 410 2784 sed
431 2743 527 2796 quid
549 2746 773 2786 conveniat
797 2760 848 2786 ex
869 2753 984 2798 parte
1006 2747 1206 2798 sapientis
1226 2747 1488 2799 legislatoris,
1505 2747 1572 2799 qui
1591 2744 1723 2785 ordini

207 2884 257 2923 (1)
285 2884 423 2918 Contra
450 2887 622 2926 Gentiles,
646 2888 698 2920 lib.
725 2889 779 2927 111,
803 2899 830 2921 c.
857 2889 923 2921 146.
