1970 3203
497 216 634 242 CAPUT
663 216 687 242 1.
719 216 771 242 DE
804 217 896 243 FINE
932 216 1208 243 OPERATIONIS
1238 215 1444 242 HUMANAE
1713 205 1761 243 31

190 288 397 329 obiectum
418 289 536 328 fieret
555 289 681 328 menti
702 302 904 341 praesens
934 303 1016 330 non
1044 290 1280 330 immediate
1306 304 1376 342 per
1406 291 1601 343 seipsum,
1622 291 1696 331 sed
1718 291 1758 329 vi

185 355 366 402 alterius,
383 367 531 405 nempe
549 354 586 393 vi
607 356 999 407 repraesentationis
1019 357 1175 404 idealis‚
1195 357 1236 396 in
1253 369 1335 409 qua
1354 357 1673 407 splendesceret,
1696 370 1761 397 se-

181 431 259 469 que
281 424 476 469 tanquam
498 418 539 457 in
556 420 725 471 speculo
743 419 1084 471 conspiciendum
1103 420 1332 461 exhiberet.
1355 420 1475 460 Hanc
1495 420 1696 459 visionem
1718 434 1757 459 a-

178 481 283 533 liqui
304 488 457 521 vocant
479 481 792 530 almtractivam,
811 482 884 521 sed
901 483 1000 522 mihi
1021 496 1103 522 non
1124 484 1271 534 placet.
1294 485 1400 522 Nam
1423 483 1658 523 huiusmodi
1680 483 1752 522 de-

186 547 416 586 nominatio
433 547 627 599 competit
647 548 782 599 potius
800 548 1039 599 cognitioni,
1063 562 1185 600 quam
1208 549 1257 588 de
1275 550 1362 589 Deo
1383 549 1586 589 habemus
1606 549 1648 587 in
1668 549 1748 588 hac

181 613 280 660 vita,
302 626 375 664 per
394 613 556 665 species
576 627 658 653 non
681 615 849 665 infusas
871 614 943 654 sed
966 614 1204 654 abstractas
1225 629 1250 653 a
1270 615 1392 654 rebus
1413 614 1691 662 sensibilibus,
1711 620 1753 654 et

184 692 290 731 quae
321 678 360 716 vi
380 678 710 718 ratiocinationis
731 692 808 719 nos
825 679 865 717 in
886 679 1067 732 aliquam
1090 680 1211 719 valde
1232 688 1396 720 tenuem
1419 688 1457 719 et
1478 679 1757 732 imperfectis-

142 776 145 780 ι
191 744 340 785 simam
370 744 558 783 notitiam
588 745 663 784 Dei
694 745 890 797 perducit.

241 810 358 848 Haec
381 808 491 848 dicta
511 816 606 848 sunt
623 808 888 861 hypothetice
905 821 977 860 pro
996 814 1106 849 statu
1126 821 1238 848 mere
1261 808 1450 856 naturali,
1468 808 1534 860 qui
1552 807 1759 859 possibilis

182 880 271 913 est:
301 879 343 911 at
373 872 422 912 de
453 872 562 913 facto
583 886 666 912 non
683 873 813 922 datur,
838 886 933 912 cum
954 873 1129 912 Divinae
1151 872 1322 912 bonitati
1353 871 1553 924 placuerit
1582 871 1758 910 evehere

184 939 395 979 hominem
424 938 478 977 ad
498 939 622 978 finem
653 940 1014 991 supernaturalem
1047 938 1215 978 visionis
1236 938 1463 986 intuitivae,
1490 937 1542 976 ad
1564 950 1685 989 quam
1716 939 1756 975 in

184 1003 266 1043 hac
297 1001 381 1041 vita
419 1002 647 1054 disponitur
677 1011 715 1043 et
746 1011 1013 1056 promovetur
1042 1016 1114 1055 per
1143 1002 1320 1055 gratiam
1352 1001 1697 1041 sanctificantem.

234 1068 374 1107 Dices:
392 1068 469 1107 Illa
488 1068 594 1109 visio
618 1068 830 1109 indirecta
852 1074 890 1110 et
911 1069 1130 1122 arquitc'va
1152 1081 1235 1107 non
1256 1068 1442 1120 expleret
1462 1066 1625 1119 penitus
1655 1066 1758 1105 desi-

184 1135 342 1175 derium
360 1134 499 1183 animi,
516 1135 582 1187 qui
603 1142 713 1175 certe
734 1136 906 1176 ulterius
927 1141 1097 1187 cuperet
1113 1133 1251 1173 videre
1268 1134 1401 1185 ipsam
1432 1132 1657 1173 essentiam
1680 1132 1756 1171 Dei

185 1200 226 1239 in
256 1214 313 1250 se,
345 1201 532 1241 revelata
563 1200 683 1249 facie,
715 1202 804 1242 sine
836 1203 917 1241 ullo
949 1200 1097 1240 medio.

220 1265 503 1317 ,Respondem
527 1265 620 1304 Non
637 1266 822 1317 expleret
841 1266 1040 1313 absolute,
1059 1277 1175 1313 conc,
1193 1277 1273 1303 non
1292 1264 1478 1316 expleret
1496 1263 1683 1310 relative,
1700 1261 1756 1300 ni-

185 1327 332 1366 mirum
353 1328 489 1380 quoad
509 1328 675 1367 modum
694 1338 911 1369 creaturae
929 1334 1270 1376 consentaneum,
1294 1342 1411 1381 nego.
1430 1328 1545 1368 Visio
1565 1326 1758 1366 intuitiva

184 1391 350 1443 propria
366 1398 428 1431 est
444 1391 574 1430 solius
591 1392 680 1440 Dei,
698 1400 738 1433 et
755 1394 869 1432 nulla
885 1400 1026 1433 creata
1042 1406 1160 1432 mens
1176 1392 1474 1432 rationabiliter
1491 1391 1588 1443 angi
1607 1396 1755 1441 potest,

184 1454 292 1506 quod
312 1454 391 1506 ipsi
411 1467 494 1494 non
514 1454 717 1494 tribuatur
739 1457 887 1496 modus
908 1457 1193 1508 cognoscendi
1214 1457 1404 1508 proprius
1431 1463 1606 1497 naturae
1626 1454 1758 1493 infini-

183 1527 262 1557 tae.
294 1518 573 1558 Nihilominus
594 1520 702 1571 quod
722 1520 827 1559 visio
851 1520 1059 1572 arguitiva
1079 1532 1163 1559 non
1193 1520 1358 1572 expleat
1378 1520 1567 1559 absolute
1593 1517 1756 1557 deside—

182 1584 286 1623 rium
317 1585 520 1633 videntis,
554 1585 720 1624 exhibet
750 1585 1078 1637 congruentiam
1108 1598 1180 1624 cur
1210 1586 1324 1625 Deus
1362 1585 1540 1637 benigne
1580 1583 1756 1624 voluerit

182 1651 374 1702 supplere
404 1650 609 1690 defectum
628 1650 925 1702 intelligentiae
957 1657 1123 1690 creatae
1144 1651 1375 1690 elevatione
1396 1651 1450 1689 ad
1479 1656 1632 1690 statum
1653 1663 1753 1702 gra—

182 1715 277 1764 tiae,
307 1717 350 1756 in
371 1730 452 1769 qua
481 1716 697 1768 participet
726 1717 857 1768 ipsam
890 1716 1072 1755 divinam
1102 1716 1408 1757 beatitudinem.

239 1780 366 1820 Obz'c‘c.
392 1782 462 1820 IV.
487 1780 602 1820 Finis
637 1780 805 1819 ultimus
839 1779 979 1832 nequit
1011 1793 1105 1820 esse
1128 1780 1180 1827 id,
1211 1780 1264 1819 ad
1293 1779 1401 1832 quod
1439 1780 1563 1819 homo
1598 1780 1755 1819 nullam

181 1845 490 1896 proportionem
506 1845 644 1884 habet.
661 1845 786 1896 Atqui
802 1844 940 1891 homo,
958 1850 1097 1895 utpote
1115 1844 1255 1883 finitus
1275 1844 1429 1882 nullam
1447 1842 1753 1895 proportionem

181 1910 309 1950 habet
337 1911 390 1950 ad
426 1911 571 1959 Deum,
602 1910 669 1963 qui
701 1918 765 1950 est
793 1910 991 1950 infinitus.
1024 1910 1135 1963 Ergo
1164 1909 1206 1948 in
1237 1910 1324 1949 Deo
1354 1908 1449 1948 finis
1478 1908 1646 1948 ultimus
1675 1908 1754 1947 ho—

185 1976 308 2016 minis
339 1978 482 2029 reponi
510 1977 662 2028 nequit.

234 2043 282 2081 R.
296 2043 407 2082 Dc'st.
429 2043 530 2082 min.
549 2042 714 2082 Nullam
734 2040 1040 2094 proportionem
1061 2040 1186 2079 habet
1203 2039 1511 2092 magnitudinis,
1535 2052 1654 2085 conc;
1672 2038 1753 2077 ha-

178 2105 384 2155 bitudinis,
403 2119 520 2158 neyo.
539 2107 688 2154 Homo,
702 2106 796 2158 quia
812 2104 1008 2145 limitibus
1024 2102 1388 2151 circumscribitur,
1400 2103 1555 2142 nullam
1573 2114 1750 2154 propor—

180 2170 334 2211 tionem
352 2170 664 2223 maynz'tudc'nis
680 2170 733 2209 ad
754 2170 886 2209 Deum
908 2167 1044 2215 habet3
1062 2167 1263 2218 siquidem
1287 2166 1376 2206 eius
1392 2166 1571 2213 realitas,
1587 2170 1752 2206 utcum-

179 2246 258 2284 que
279 2240 414 2283 aucta,
436 2247 661 2286 numquam
688 2233 891 2272 infinitum
922 2231 1175 2283 aequiparat.
1197 2232 1252 2270 At
1284 2230 1588 2283 proportionem
1628 2229 1753 2268 habet

179 2299 445 2339 habitudinis
465 2312 540 2339 seu
560 2299 743 2345 ordini&
760 2298 962 2350 siquidem
992 2296 1266 2348 intelligentia
1288 2302 1328 2336 et
1348 2297 1559 2335 voluntate
1585 2293 1751 2346 gaudet,

181 2377 357 2416 quarum
379 2365 584 2405 obiectum
614 2370 677 2405 est
706 2378 848 2404 verum
883 2376 964 2415 qua
985 2375 1127 2401 verum
1149 2368 1224 2410 est,
1246 2368 1285 2401 et
1315 2362 1468 2401 bonum
1498 2375 1579 2413 qua
1599 2361 1750 2400 bonum

179 2437 254 2480 est;
276 2432 382 2471 haec
403 2437 554 2478 autem,
575 2437 618 2470 ut
654 2430 765 2478 talia,
799 2435 940 2469 carent
974 2428 1183 2468 limitibus.
1221 2428 1428 2473 Quocirca
1465 2427 1517 2467 ad
1539 2440 1682 2466 verum
1712 2433 1752 2465 et

178 2496 331 2536 honum
352 2496 558 2537 infinitum
578 2501 843 2548 comparatur
865 2501 908 2535 ut
924 2493 1192 2547 persectc'bz'le
1213 2493 1266 2533 ad
1279 2494 1520 2547 perficiens.
1542 2493 1589 2532 Id
1612 2501 1752 2533 autem

179 2562 334 2603 sufficit
357 2569 401 2602 ut
422 2564 536 2603 Deus
552 2561 683 2614 possit
699 2574 792 2601 esse
814 2561 908 2600 finis
930 2559 1124 2608 hominis,
1148 2572 1231 2599 non
1254 2559 1416 2612 quidem
1449 2559 1609 2599 infinito
1630 2558 1751 2597 modo

178 2628 252 2667 sed
267 2629 383 2668 finito
405 2628 684 2680 attingendus
704 2629 790 2667 Nec
807 2626 949 2666 instes:
969 2627 1116 2673 Deum,
1134 2631 1273 2677 utpote
1294 2625 1361 2678 qui
1378 2625 1554 2677 simplex
1577 2629 1650 2671 est,
1667 2637 1750 2662 non

179 2704 304 2742 posse
329 2706 412 2732 non
432 2698 563 2732 totum
597 2692 756 2745 attingi.
782 2694 887 2733 Nam
920 2692 1069 2734 obiecti
1106 2689 1351 2743 simplicitas
1373 2689 1555 2729 excludit
1589 2687 1752 2739 quidem

177 2761 330 2805 partes,
353 2769 529 2809 quarum
551 2770 634 2796 una
654 2757 855 2808 capiatur,
873 2758 962 2798 sine
982 2757 1076 2803 alia;
1094 2761 1135 2795 at
1151 2754 1319 2794 minime
1341 2751 1524 2792 excludit
1539 2751 1695 2803 gradus
1712 2750 1751 2788 in

184 2816 276 2868 ipsa
292 2820 571 2871 perceptione,
593 2827 797 2872 quatenus
819 2826 997 2874 nequeat
1017 2832 1110 2860 esse
1131 2817 1351 2871 perfectior
1372 2822 1443 2856 aut
1463 2814 1749 2867 imperfectior,

181 2882 230 2920 ln
257 2882 337 2923 hoc
358 2884 535 2926 habetur
555 2886 718 2938 quidem
741 2887 934 2935 varietas,
957 2899 1062 2939 quae
1083 2884 1259 2937 pendeat
1280 2896 1333 2923 ex
1354 2881 1604 2934 perfectione
1627 2885 1749 2918 natu-
