1970 3203
227 207 304 248 284
614 216 680 243 ius
709 215 912 242 NATURAE
932 223 944 229 -
963 215 1071 242 PARS
1102 216 1138 242 11.
1169 215 1235 242 ius
1264 215 1436 244 socmLE

230 295 402 335 Debitus
433 294 542 334 enim
575 294 677 334 ordo
707 298 804 334 tunc
834 292 1011 332 habetur
1030 324 1039 340 ‚
1070 306 1165 332 cum
1193 306 1263 333 res
1292 293 1333 333 in
1364 295 1630 348 proportione
1662 294 1807 348 dispo·-

228 365 391 407 nuntur‚
424 372 548 412 quam
579 370 723 398 earum
744 363 896 397 natura
916 357 1109 409 postulat.
1133 357 1281 397 Debita
1303 364 1442 399 autern
1463 358 1674 412 proportio
1698 359 1807 400 inter

226 433 367 466 actum
397 425 614 464 hum-anun
644 424 815 477 eiusque
845 423 1124 472 consectaria,
1154 423 1196 462 in
1217 423 1298 464 hoc
1322 425 1517 466 cernitur:
1541 434 1584 467 ut
1606 426 1809 479 quemad-

227 490 395 529 modum
427 503 481 529 ex
509 488 676 528 actione
707 488 888 528 honesta
908 487 1073 541 adeptio
1094 487 1191 527 boni
1212 495 1252 529 et
1274 489 1479 542 voluptas,
1501 490 1563 531 sic
1583 496 1732 531 contra
1753 504 1807 532 ex

226 556 334 609 turpi
356 556 554 595 damnum
578 563 619 596 et
637 555 753 594 dolor
769 554 978 596 obveniat.
1002 555 1090 594 Nec
1112 554 1191 594 nisi
1214 560 1425 608 tamquam
1446 569 1533 596 rem
1550 557 1672 597 valde
1690 570 1808 609 prae-

228 630 453 675 posteram,
485 622 662 662 docente
682 627 845 670 natura,
868 620 1186 661 consideramus
1211 623 1350 662 scelus
1371 635 1465 661 cum
1486 622 1695 673 felicitate,
1719 625 1807 663 vir-

227 694 356 727 tutem
387 700 481 726 cum
513 686 682 726 miseria
703 685 981 726 coniunctam.
1013 684 1133 732 Quod
1153 684 1376 737 aliquando
1396 687 1634 738 permittere
1657 687 1734 728 etsi
1757 687 1811 727 di-

226 754 349 794 vinae
371 753 659 806 providentiae
681 765 765 792 non
785 758 1003 804 repugnet,
1020 765 1125 804 quae
1146 751 1263 791 brevi
1284 752 1408 792 huius
1429 753 1521 793 aevi
1542 753 1697 794 circulo
1721 767 1807 794 non

228 818 447 870 expletur,
479 823 619 857 tamen
649 816 798 869 oppido
829 815 1003 856 dedecet
1032 816 1331 868 providentiam
1362 817 1497 858 civilis
1528 818 1805 868 auctoritatis,

226 896 332 936 quae
361 882 404 921 in
433 882 513 921 hac
546 881 629 920 vita
659 881 878 921 dumtaxat
908 880 988 919 vim
1021 894 1141 920 suam
1172 887 1370 929 exercet,
1401 888 1441 921 et
1468 882 1627 923 idcirco
1658 896 1683 921 a
1713 883 1802 923 Deo

225 948 414 987 instituta
444 954 534 996 est,
572 955 614 986 ut
643 945 775 986 ordini
807 945 953 985 sociali
998 952 1037 986 et
1067 945 1323 998 temporario
1355 947 1557 986 consulat.
1590 947 1646 986 Ut
1675 947 1806 1000 igitur

227 1015 317 1054 eius
347 1014 524 1067 partium
557 1019 620 1052 est
649 1013 851 1060 actiones,
883 1025 989 1064 quae
1019 1011 1140 1051 civile
1161 1012 1316 1051 bonum
1338 1019 1506 1065 augent,
1528 1013 1802 1063 remunerari;

227 1081 288 1121 sic
320 1082 373 1120 ad
403 1081 591 1120 eamdem
624 1085 783 1132 spectat
812 1078 1077 1126 nocentibus,
1109 1079 1176 1130 qui
1208 1078 1327 1118 civile
1358 1079 1510 1118 bonum
1542 1078 1806 1127 imminuunt,

230 1161 389 1201 poenas
418 1147 621 1200 infligere.
654 1147 811 1186 Curare
842 1145 952 1186 enim
985 1144 1155 1184 omnino
1186 1145 1305 1185 debet
1336 1152 1378 1184 ut
1408 1145 1448 1184 in
1479 1145 1623 1185 ordine
1645 1178 1654 1194 ,
1685 1158 1807 1197 quem

227 1214 421 1261 custodit,
451 1212 662 1265 flagitium
690 1225 775 1252 non
807 1211 1042 1263 sospitetur‚
1075 1211 1147 1250 sed
1177 1210 1313 1263 potius
1344 1211 1397 1250 ad
1418 1210 1592 1250 rationis
1613 1224 1804 1251 normam

236 1277 467 1330 privatione
498 1277 595 1316 boni
625 1282 665 1316 et
696 1276 839 1316 dolore
868 1276 1089 1316 afficiatur.
1124 1275 1169 1314 Id
1190 1283 1328 1315 autem
1346 1289 1427 1315 non
1457 1276 1569 1315 aliud
1591 1281 1713 1315 sonat
1729 1276 1813 1317 nisi

227 1344 291 1383 ius
313 1342 503 1382 sumendi
521 1354 710 1394 poenam;
743 1340 945 1394 siquidem
967 1341 1064 1380 boni
1085 1341 1274 1393 privatio,
1308 1349 1474 1393 propter
1496 1348 1657 1393 turpem
1678 1341 1805 1382 actio-

227 1423 323 1450 nem
344 1409 513 1457 inflicta,
537 1421 696 1460 poenae
719 1407 887 1448 nomine
913 1408 1168 1460 designatur.

283 1473 358 1513 Cui
388 1478 635 1525 argumento
666 1472 828 1512 accedit
858 1486 1088 1525 poenarum
1118 1472 1389 1512 inflictionem
1420 1473 1571 1526 requiri
1601 1472 1740 1522 etiam,
1762 1479 1806 1514 ut

229 1539 421 1591 exemplo
452 1545 490 1578 et
521 1537 656 1577 timori
687 1538 740 1578 sit
771 1537 935 1578 ceteris.
967 1537 1087 1576 Multi
1113 1537 1222 1576 enim
1244 1544 1342 1578 sunt
1361 1537 1427 1590 qui
1450 1538 1504 1577 ad
1525 1537 1711 1578 ordinem
1733 1551 1808 1578 so-

228 1605 377 1645 cialem
408 1605 661 1645 servandum
693 1617 835 1644 amore
865 1604 1030 1644 honesti
1061 1617 1145 1643 non
1166 1603 1436 1642 adducuntur.
1462 1605 1552 1643 Hoc
1575 1616 1675 1656 ergo
1700 1616 1808 1656 poe-

228 1686 375 1712 narum
398 1679 513 1712 metu
536 1676 691 1711 terrere
722 1675 894 1723 oportet,;
916 1676 959 1709 ut
980 1671 1128 1710 saltem
1152 1683 1205 1709 ex
1230 1669 1329 1721 suga
1358 1669 1455 1708 mali
1486 1669 1665 1718 sensilis,
1696 1669 1806 1722 quod

228 1737 466 1784 abhorrent,
498 1737 550 1775 ad
582 1736 752 1784 crimen,
784 1735 893 1788 quod
923 1734 1116 1787 diligunt,
1148 1733 1389 1786 fugiendum
1421 1734 1701 1786 impellantur.

288 1802 476 1854 Denique
509 1807 674 1853 propter
694 1800 823 1853 ipsius
844 1799 1035 1840 nocentis
1058 1799 1273 1839 utilitatem
1295 1812 1429 1851 poena
1449 1799 1680 1852 requiritur.
1703 1800 1810 1839 Nam

228 1881 305 1920 ope
335 1867 444 1906 illius
472 1880 632 1906 nocens
662 1866 774 1906 facto
804 1866 980 1906 addiscit
1011 1865 1169 1905 crimen
1199 1865 1357 1904 homini
1389 1878 1471 1904 non
1495 1864 1707 1916 prodesse,
1740 1865 1816 1905 sed

229 1934 366 1987 potius
397 1934 547 1973 obesse
571 1947 578 1972 :
609 1940 733 1985 atque
762 1933 821 1972 ita
849 1932 903 1972 ad
932 1932 1096 1972 facilius
1125 1931 1454 1982 resipiscendum
1486 1930 1704 1969 adducitur
1736 1931 1812 1982 (1).

230 2001 369 2047 Quare
401 2000 574 2038 effectus
605 2006 644 2038 et
673 2011 829 2046 scopus
859 2010 1019 2049 poenae
1052 1996 1201 2048 triplex
1231 2002 1323 2036 est:
1357 2002 1399 2034 ut
1427 1996 1587 2035 laesum
1619 1993 1810 2034 ordinem

229 2070 448 2111 restauret,
475 2070 519 2102 ut
548 2063 715 2102 nocenti
745 2063 970 2110 medeatur,
1003 2068 1047 2102 ut
1077 2062 1313 2113 exemplum
1345 2061 1411 2100 det
1441 2059 1605 2100 ceteris,
1628 2058 1811 2099 Proinde

231 2142 366 2181 poena
406 2128 524 2167 simul
559 2134 621 2167 est
652 2128 927 2180 reparatrix,
961 2125 1243 2173 medicinalis,
1274 2126 1563 2179 eaeemplarz's,·
1595 2137 1702 2177 quae
1732 2124 1812 2164 tria

231 2196 273 2234 in
305 2194 543 2234 sanciendis
567 2193 712 2245 poenis
735 2206 899 2245 semper
920 2206 1017 2245 prae
1039 2193 1172 2232 oculis
1202 2192 1396 2232 habenda
1415 2200 1532 2240 sunt;
1556 2204 1810 2244 quamquam

231 2277 314 2303 non
345 2275 509 2314 semper
540 2262 685 2301 eodem
715 2260 838 2300 modo
870 2268 909 2300 et
939 2259 1103 2312 aequali
1125 2272 1324 2299 mensura
1345 2258 1561 2311 procurari
1583 2258 1753 2310 possint.

275 2436 325 2476 (1)
352 2437 407 2468 Ad
431 2445 507 2468 rem
529 2436 766 2476 Taparellius:
791 2448 807 2465 «
825 2438 909 2469 Cosi
927 2434 1064 2477 compie
1084 2433 1260 2474 (nimirum
1276 2430 1490 2469 auctoritas)
1508 2430 1528 2461 il
1547 2427 1662 2470 primo
1680 2427 1811 2459 dovere

234 2493 367 2525 sociale
401 2497 430 2525 si
455 2503 561 2525 verso
595 2492 615 2524 il
641 2493 886 2533 delinquente,
911 2495 941 2524 si
966 2499 1074 2523 verso
1110 2488 1158 2529 gli
1182 2487 1376 2523 associati,
1401 2489 1430 2518 si
1454 2494 1561 2517 verso
1585 2483 1608 2515 il
1631 2483 1812 2514 Creatore.

233 2548 351 2579 Verso
376 2547 396 2578 il
422 2548 647 2587 delinquente
665 2573 672 2585 ,
695 2547 828 2588 perche
851 2545 947 2578 collo
973 2542 1153 2577 scernarlo
1186 2542 1219 2573 di
1244 2541 1322 2572 beni
1346 2538 1518 2571 materiali
1552 2536 1601 2578 gli
1623 2534 1815 2577 procaccia

233 2602 368 2640 quanto
392 2603 408 2631 {-
435 2601 480 2631 da
503 2600 547 2632 lei
572 2610 615 2632 un
639 2600 864 2632 incitamento
890 2597 923 2629 al
948 2598 1035 2629 bene
1061 2598 1190 2628 onesto
1208 2620 1215 2631 ‚
1238 2603 1323 2625 vero
1349 2593 1437 2624 hene
1463 2590 1543 2622 dell'
1563 2597 1670 2621 uomo
1696 2588 1755 2629 qui
1778 2587 1811 2619 in

231 2655 352 2690 terra;
378 2662 484 2684 verso
509 2653 557 2691 gli
583 2652 764 2690 associati,
787 2651 920 2692 perche
946 2657 1125 2688 corregge
1144 2646 1238 2678 nella
1252 2646 1307 2677 lor
1325 2646 1441 2676 mente
1454 2642 1474 2674 il
1490 2640 1673 2673 disordine
1691 2639 1725 2672 di
1739 2638 1817 2680 giu-

232 2706 326 2739 dizio
349 2706 541 2738 formatovi
565 2706 624 2738 dal
649 2706 774 2738 delitto
798 2705 912 2743 felice;
935 2711 1044 2735 verso
1069 2702 1090 2733 il
1109 2701 1279 2733 Creatore
1294 2709 1311 2730 e
1329 2697 1534 2730 ordinatore
1553 2703 1722 2735 supremo
1741 2691 1814 2725 del-

234 2761 256 2792 l’
272 2760 449 2792 universal
474 2759 621 2797 soc-ieta,
645 2760 777 2800 perche
803 2758 960 2791 sostiene
985 2752 1279 2796 imprescrittibili
1303 2752 1336 2783 le
1359 2748 1497 2782 nozioni
1515 2749 1548 2780 (11
1563 2746 1725 2779 naturale
1739 2746 1814 2787 giu—

234 2812 347 2850 stizia,
372 2812 464 2845 sulle
488 2810 583 2852 quali
607 2811 641 2842 la
664 2810 804 2843 societa
828 2808 1028 2842 universale
1052 2808 1089 2839 fu
1112 2804 1336 2847 appoggiata
1359 2803 1404 2834 da
1427 2801 1473 2833 lui
1490 2800 1545 2833 nel
1562 2799 1711 2832 crearla.
1730 2799 1815 2831 Cosi

232 2865 309 2897 vien
334 2865 490 2906 riparato
515 2863 570 2895 nel
594 2863 732 2903 triplice
757 2871 824 2894 suo
851 2862 995 2902 aspetto
1020 2859 1041 2890 l'
1057 2858 1179 2890 ordine
1203 2855 1335 2887 violato
1361 2853 1419 2886 dal
1445 2852 1684 2892 delinquente:
1703 2850 1814 2882 l'indi-

240 2918 391 2953 viduata
416 2918 436 2949 il
463 2916 607 2953 sociale,
631 2915 871 2947 l'unixersale.
888 2928 903 2944 »
923 2912 1063 2954 Sagyyio
1088 2910 1126 2943 dt·
1147 2909 1286 2941 Diritto
1303 2907 1482 2940 namet-ale
1499 2917 1568 2939 ecc.
1589 2905 1672 2938 diss.
1693 2905 1719 2937 3.
1737 2914 1767 2936 c.
1781 2904 1807 2936 6.
