1970 3203
207 212 287 252 250
580 227 644 253 ms
672 227 875 254 NATURAE
896 238 914 246 -
938 230 1046 256 PARS
1074 230 1112 256 11.
1140 231 1207 259 1us
1238 232 1412 260 soclALE

213 302 540 355 patresfamilias
570 304 791 356 aequalem
814 304 1096 345 conditionem
1123 308 1442 359 praeseferrent.
1465 310 1616 351 Posset
1645 310 1785 363 utique

211 369 363 422 aliquis
393 369 434 408 in
466 369 548 410 hac
577 371 643 410 vel
672 370 743 410 illa
776 370 869 411 dote
900 378 1117 424 praestare
1147 375 1310 423 ceteris,
1341 381 1381 416 et
1410 377 1547 429 magis
1578 390 1674 417 esse
1693 377 1785 417 ido-

208 448 315 475 neus
345 436 398 475 ad
428 436 726 488 rempublicam
749 437 1138 488 administrandam
1159 440 1233 479 sed
1254 440 1295 479 id
1313 453 1395 480 non
1426 442 1538 482 aliud
1568 442 1790 495 praeberet

210 499 292 539 nisi
321 513 480 539 meram
500 501 779 553 capacitatem
801 502 1046 554 imperandi;
1078 517 1196 544 mera
1217 509 1356 544 autem
1379 506 1595 557 capacitas
1626 519 1710 546 non
1731 512 1795 546 est

214 565 289 613 ius,
319 565 673 617 quemadmodum
704 567 889 619 potentia
908 580 992 607 non
1014 573 1078 608 est
1107 573 1239 608 actus.
1267 568 1406 614 Quare
1435 569 1477 608 in
1499 583 1549 609 ea
1571 570 1795 623 hypothesi

212 628 308 668 licet
329 629 437 669 ratio
458 629 704 678 inculcaret,
727 631 965 684 eligendum
988 645 1083 672 esse
1106 632 1174 684 qui
1200 633 1385 672 omnium
1407 634 1796 685 praestantissimus

213 699 463 745 appareret;
495 700 635 734 tamen
667 695 759 735 sola
779 695 940 743 electio,
963 709 1016 736 ex
1047 696 1176 737 libero
1199 710 1414 738 consensu
1444 703 1536 737 orta
1563 698 1677 738 illum
1698 705 1795 739 actu

210 759 441 812 principem
478 760 727 801 institueret.

266 825 386 864 Haec
408 857 416 873 ‚
437 824 479 864 in
501 825 725 878 hypothesi
748 826 798 865 de
819 826 1038 878 repentina
1060 827 1273 868 creatione
1295 828 1510 869 societatis
1531 841 1583 868 ex
1614 828 1795 874 familiis,

213 891 330 930 nullo
361 898 488 931 antea
505 891 652 931 sociali
672 892 837 932 vinculo
857 892 965 933 inter
985 906 1030 933 se
1053 894 1271 946 copulatis.
1289 895 1445 935 Verum
1466 895 1507 935 id
1536 894 1703 935 nonnisi
1716 909 1796 947 per

214 957 413 997 accidens
425 957 670 1010 contingere
691 964 826 1010 potest
843 958 1080 1011 aliquando,
1103 974 1198 1000 cum
1217 974 1282 1001 ex.
1300 975 1362 1013 gr.
1379 961 1561 1002 familiae
1579 967 1650 1002 aut
1670 961 1795 1001 etiam

212 1023 406 1064 homines
427 1024 627 1063 individui
648 1024 870 1078 naufragio
889 1058 897 1074 ‚
921 1027 986 1066 vel
1016 1039 1161 1066 amore
1192 1027 1395 1068 libertatis
1412 1061 1421 1076 ‚
1444 1029 1509 1067 vel
1532 1027 1791 1079 demigrandi

213 1090 362 1138 studio,
384 1095 596 1142 tamquam
618 1091 790 1139 surculi,
813 1105 839 1131 a
859 1093 1003 1132 nativa
1019 1093 1161 1133 radice
1192 1093 1440 1133 scinduntur
1465 1100 1504 1134 et
1523 1107 1632 1133 novo
1663 1093 1790 1133 veluti

214 1162 380 1196 terreno
403 1157 731 1197 committuntur.
754 1158 837 1198 Aut
858 1159 984 1198 etiam
1004 1159 1242 1208 intervenit,
1273 1173 1367 1199 cum
1389 1160 1606 1200 multitudo
1628 1160 1694 1200 vel
1715 1173 1792 1200 ex-

213 1218 416 1259 tinctione
447 1220 563 1260 totali
593 1221 746 1261 veteris
777 1222 997 1274 dynastiae
1018 1255 1027 1270 ‚
1058 1223 1124 1262 cui
1154 1224 1294 1263 nullus
1323 1237 1549 1264 successor
1584 1223 1796 1275 legitimus

214 1283 462 1336 designatus
493 1285 557 1332 sit,
579 1286 644 1325 vel
667 1293 781 1325 motu
812 1286 949 1339 aliquo
970 1286 1138 1338 politico
1169 1287 1356 1327 funditus
1376 1301 1598 1335 concussa,
1629 1289 1797 1339 proprio

214 1354 378 1389 rectore
408 1349 615 1395 viduetur.
646 1351 694 1390 In
725 1351 844 1391 hisce
874 1352 1045 1392 casibus
1076 1351 1309 1404 inopinatis
1339 1357 1499 1391 certum
1535 1357 1609 1399 est,
1640 1352 1797 1390 nullam

213 1412 341 1453 aliam
374 1414 486 1453 viam
516 1422 738 1466 suppetere
767 1415 820 1454 ad
850 1415 1008 1454 ordinis
1039 1416 1287 1468 principium
1327 1415 1653 1456 restaurandum
1678 1447 1687 1463 ‚
1717 1414 1798 1454 nisi

214 1490 467 1517 consensum
501 1478 744 1530 explicitum
765 1480 831 1519 vel
861 1480 1009 1520 saltem
1032 1480 1279 1533 implicitum
1307 1480 1531 1529 sociorum,
1564 1479 1631 1533 qui
1663 1480 1800 1532 publi-

214 1555 309 1582 cam
338 1543 632 1584 auctoritatem
664 1544 735 1584 uni
764 1552 836 1585 aut
865 1545 1052 1598 pluribus
1084 1546 1318 1595 conferant,
1341 1552 1412 1585 aut
1431 1546 1556 1586 etiam
1589 1545 1667 1585 sibi
1698 1545 1798 1585 reti—

214 1616 343 1649 neant
371 1611 424 1650 ad
454 1610 643 1663 regimen
665 1613 865 1665 populare
893 1613 1247 1653 constituendum.
1279 1614 1420 1661 Quare
1448 1613 1489 1652 in
1513 1613 1798 1665 propositione

217 1674 426 1714 diximus:
452 1689 535 1728 per
565 1677 761 1716 accidens
791 1677 881 1717 fieri
911 1690 1036 1729 posse
1067 1684 1110 1716 ut
1139 1691 1284 1725 causa,
1316 1690 1422 1729 quae
1458 1676 1691 1716 subiectum
1722 1689 1798 1728 po-

214 1740 353 1780 liticae
384 1741 648 1781 auctoritatis
678 1742 934 1791 determinet,
965 1743 1018 1782 sit
1044 1756 1291 1784 consensus.

267 1806 323 1845 At
351 1806 477 1858 longe
508 1806 628 1846 aliter
668 1820 713 1846 se
747 1820 815 1846 res
844 1807 995 1854 habet,
1033 1808 1068 1847 si
1098 1812 1333 1860 spontanea
1362 1817 1402 1847 et
1444 1805 1649 1846 naturalis
1680 1805 1799 1858 origo

216 1869 433 1909 societatis
464 1870 765 1910 consideretur.
796 1872 915 1911 Haec
941 1871 1052 1911 enim
1084 1878 1260 1910 naturae
1290 1884 1440 1919 cursu,
1472 1878 1516 1910 ut
1544 1882 1696 1922 corpus
1726 1882 1797 1908 or-

215 1935 412 1988 ganicum
445 1936 737 1989 complicatius
768 1944 808 1976 et
828 1937 1064 1989 perfectius,
1096 1937 1310 1978 enascitur
1338 1950 1390 1977 ex
1411 1936 1582 1990 praevio
1613 1935 1791 1988 quodam

217 2003 461 2054 organismo
493 2002 652 2051 sociali,
683 2003 751 2056 qui
781 2004 981 2056 paulatim
1005 2003 1209 2043 evolvitur
1238 2009 1278 2043 et
1308 2003 1552 2056 explicatur,
1584 2003 1717 2042 donec
1738 2002 1797 2041 in-

217 2074 378 2120 tegram
412 2068 712 2119 perfectionem
735 2069 926 2121 attingat.
949 2069 1089 2115 Quare
1119 2069 1195 2117 vis,
1217 2082 1323 2121 quae
1349 2074 1490 2121 partes
1520 2068 1648 2117 uniat,
1672 2073 1711 2107 et
1732 2080 1802 2106 no-

218 2146 317 2171 vum
339 2145 491 2184 corpus
513 2140 635 2185 regat
655 2146 738 2172 non
761 2134 1024 2174 extrinsecus
1045 2134 1308 2174 accersenda
1327 2141 1390 2173 est
1412 2138 1450 2173 et
1466 2132 1592 2172 veluti
1614 2131 1799 2172 creanda

218 2199 269 2239 de
301 2198 456 2247 nihilo;
489 2199 563 2237 sed
593 2198 634 2237 in
659 2199 795 2250 priore
827 2199 865 2238 vi
887 2199 1192 2247 continebatur,
1220 2200 1392 2252 eiusque
1422 2206 1485 2239 est
1510 2199 1681 2238 ulterior
1702 2210 1795 2237 evo-

220 2264 320 2302 lutio
350 2276 424 2316 pro
455 2263 576 2303 novis
606 2263 880 2303 relationibus
911 2270 950 2304 et
980 2263 1167 2316 partibus
1198 2263 1424 2316 organicis,
1453 2263 1495 2302 in
1518 2276 1623 2315 quas
1645 2274 1798 2315 corpus

223 2327 304 2366 iam
337 2334 435 2367 ante
466 2327 691 2376 exsistens,
722 2328 969 2380 explicatur.

276 2394 327 2433 Et
343 2407 443 2434 sane
460 2393 594 2433 civilis
612 2393 808 2442 societas,
825 2407 898 2434 seu
915 2406 1069 2445 corpus
1086 2392 1312 2445 politicum,
1338 2406 1421 2432 non
1448 2392 1531 2432 ictu
1561 2391 1672 2431 oculi
1695 2403 1799 2430 con-

222 2459 340 2508 ditur3
373 2460 446 2499 sed
475 2459 684 2511 gradatim
715 2466 891 2500 naturae
920 2473 1045 2498 cursu
1067 2458 1300 2498 succrescit
1319 2472 1373 2498 ex
1404 2458 1554 2497 minori
1584 2456 1798 2503 societate,

229 2538 336 2577 quae
353 2538 404 2565 ex
423 2525 580 2565 familia
595 2526 636 2564 in
655 2539 822 2578 pagum,
841 2539 893 2565 ex
911 2538 1020 2577 pago
1041 2524 1081 2564 in
1095 2524 1251 2573 urbem,
1275 2538 1328 2565 ex
1344 2525 1445 2564 urbe
1464 2524 1506 2563 in
1527 2522 1798 2576 provinciam,

226 2598 267 2632 et
289 2592 457 2631 tandem
479 2593 520 2630 in
543 2592 712 2632 Statum
742 2592 906 2645 proprie
929 2592 1082 2631 dictum
1105 2591 1380 2644 progreditur.
1403 2592 1450 2630 In
1471 2589 1664 2630 omnibus
1684 2587 1803 2628 hisce

224 2657 419 2709 passibus
430 2657 542 2709 prior
557 2658 814 2699 consociatio
828 2658 1057 2711 amplificat
1067 2671 1170 2698 sane
1182 2657 1368 2710 seipsam
1381 2662 1420 2697 et
1431 2668 1565 2696 novas
1575 2654 1804 2694 relationes

222 2722 328 2762 inter
357 2721 557 2771 membra,
582 2723 730 2775 quibus
753 2731 932 2771 constat,
965 2722 1130 2771 evolvit;
1163 2728 1205 2762 at
1234 2734 1460 2774 numquam
1479 2719 1682 2772 principio
1713 2718 1799 2758 for-

226 2786 323 2825 mali
348 2786 503 2826 ordinis
526 2793 565 2826 et
595 2786 767 2827 unitatis
787 2787 1033 2828 destituitur.
1065 2788 1158 2825 Hoc
1181 2799 1281 2825 vero
1312 2784 1573 2838 principium,
1605 2790 1801 2823 concrete

223 2857 455 2903 spectatum
479 2883 487 2898 ,
519 2850 631 2889 aliud
661 2864 754 2891 esse
790 2864 874 2891 non
900 2856 1037 2903 potest
1071 2850 1150 2889 nisi
1182 2851 1371 2901 superior
1399 2849 1488 2902 ipse
1508 2882 1516 2898 ,
1552 2862 1578 2888 a
1608 2862 1684 2901 quo
1718 2847 1799 2886 im-

221 2914 448 2966 perfectior
479 2914 662 2954 societas
683 2946 692 2963 ‚
735 2928 841 2967 quae
870 2916 911 2954 in
943 2913 1232 2965 perfectiorem
1262 2913 1544 2961 convertitur,
1584 2911 1669 2951 iam
1699 2916 1798 2950 ante
