1970 3203
201 167 278 208 328
572 182 637 208 ms
667 182 868 209 NATURAE
890 194 910 199 -
932 184 1039 210 PARS
1069 185 1106 211 11.
1137 185 1204 212 ms
1235 185 1407 212 soeiALE

196 257 237 296 in
271 271 456 308 corpore,
490 261 692 297 transeat.
723 259 844 311 Negyo
876 272 1153 311 consequen&
1184 264 1224 299 et
1253 260 1305 299 ad
1335 260 1538 300 rationem
1572 260 1775 309 additam,

194 321 294 359 dist:
332 321 582 361 Contentum
614 327 656 360 ut
687 335 783 373 pars
813 323 1099 374 quantitativa,
1130 323 1345 363 subiicitur
1375 325 1622 374 continenti,
1656 338 1776 371 ωηο,-

194 391 436 425 contentum
465 394 511 426 ut
541 386 687 435 forma,
721 401 838 439 ηθῃο.

249 448 423 489 Etiamsi
453 451 753 491 concederetur
782 453 891 503 quod
921 453 1120 493 obiiciunt
1150 453 1393 502 adversarii,
1418 455 1654 496 Ecclesiam
1677 468 1776 495 esse

196 514 240 552 in
271 515 391 554 Statu
421 523 461 555 et
491 529 574 556 non
607 517 848 566 viceversa;
881 526 1020 558 tamen
1051 519 1162 558 nullo
1193 520 1316 559 modo
1356 528 1627 573 sequeretur,
1670 521 1781 573 quod

198 577 278 629 ipsi
307 578 500 628 inferunt,
533 581 606 620 sed
629 581 765 632 potius
788 588 1031 635 sequeretur
1052 584 1299 636 oppositum.
1323 586 1427 624 Nam
1451 586 1642 625 Ecclesia
1664 592 1776 625 esset

198 640 241 680 in
273 642 394 682 Statu
424 657 508 683 non
538 652 583 685 ut
613 659 711 697 pars
740 646 782 685 in
813 654 908 695 toto,
943 647 1292 699 quemadmodum
1323 648 1403 687 dici
1425 655 1559 700 potest
1579 649 1628 689 de
1649 649 1779 689 socie-

198 706 355 746 tatibus
384 707 654 750 inferioribus
684 711 873 751 eiusdem
905 712 1061 751 ordinis
1082 712 1229 760 civilis,
1253 723 1369 765 prout
1393 720 1455 753 est
1475 713 1692 765 provincia
1713 714 1779 754 vel

200 773 474 825 municipium
504 784 698 828 respectu
729 777 856 817 totius
887 778 1154 830 reipublicae.
1188 779 1270 819 Sed
1300 788 1412 819 esset
1432 779 1474 818 in
1497 781 1616 820 Statu
1636 793 1780 832 quem-

201 840 426 880 admodum
457 841 593 881 forma
624 850 688 882 est
716 844 756 882 in
788 844 976 893 materia,
1007 858 1130 898 quam
1161 846 1349 898 perficit;
1381 847 1447 885 vel
1478 846 1617 894 etiam,
1652 851 1696 885 ut
1729 846 1781 884 di-

204 904 400 944 stinctius
431 906 590 958 loquar,
624 914 736 947 esset
756 908 796 946 in
829 909 949 948 Statu
980 909 1331 961 quemadmodum
1361 910 1502 949 anima
1527 918 1591 951 est
1620 910 1662 949 in
1693 923 1781 949 cor-

200 983 314 1022 pore,
346 973 454 1024 quod
485 972 694 1012 informat.
727 974 830 1020 Quis
859 983 999 1014 autem
1031 975 1139 1015 dicet
1169 975 1351 1015 animam
1375 976 1522 1015 subiici
1544 976 1720 1028 corpori,
1744 982 1784 1015 et

199 1050 285 1077 non
307 1039 444 1090 potius
466 1052 618 1091 corpus
641 1039 835 1080 animae?
864 1042 928 1080 Ad
950 1055 1036 1081 rem
1060 1044 1102 1081 S.
1125 1043 1337 1083 Thomas:
1362 1058 1381 1081 «
1406 1043 1646 1082 Saecularis
1674 1049 1783 1094 pote-

200 1108 290 1140 stas
322 1102 512 1142 subditur
541 1104 760 1156 spirituali,
792 1105 901 1145 sicut
921 1119 1074 1158 corpus
1095 1106 1274 1156 animae;
1298 1113 1338 1146 et
1358 1107 1451 1146 ideo
1473 1119 1556 1146 non
1579 1114 1642 1146 est
1664 1120 1778 1145 usur-

199 1174 344 1219 patum
374 1168 572 1208 iudicium
603 1170 638 1209 si
669 1171 900 1223 spiritualis
931 1172 1151 1211 praelatus
1183 1185 1228 1212 se
1259 1172 1509 1212 intromittat
1540 1174 1590 1212 de
1621 1179 1784 1224 tempo-

199 1231 371 1280 ralibus,
391 1240 589 1285 quantum
605 1235 658 1273 ad
669 1248 720 1274 ea
735 1235 776 1274 in
794 1236 941 1287 quibus
959 1236 1149 1276 subditur
1166 1237 1202 1276 ei
1219 1236 1452 1276 saecularis
1470 1242 1655 1288 potestas
1677 1237 1783 1287 (1).»

256 1297 411 1336 Verum
432 1299 660 1351 propositio
691 1300 774 1347 illa,
805 1300 846 1338 in
876 1300 1213 1340 consideratione
1246 1300 1426 1340 relativa
1458 1307 1520 1340 est
1552 1312 1715 1347 manca;
1740 1298 1787 1337 in

203 1361 543 1403 consideratione
574 1364 770 1404 absoluta
801 1371 864 1403 est
894 1377 1067 1415 prorsus
1097 1364 1215 1403 salsa.
1252 1366 1359 1404 Nam
1401 1364 1578 1404 relative
1609 1363 1671 1403 sic
1702 1364 1786 1403 Ec-

204 1428 337 1467 clesia
368 1436 431 1467 est
462 1429 505 1468 in
535 1430 667 1477 Statu,
699 1437 742 1470 ut
770 1431 893 1469 etiam
927 1432 1069 1470 Status
1098 1431 1150 1469 sit
1170 1430 1212 1469 in
1235 1431 1440 1470 Ecclesia.
1464 1430 1659 1470 Ecclesia
1675 1430 1784 1469 enim

205 1498 269 1531 est
297 1491 339 1530 in
371 1492 491 1531 Statu
520 1494 657 1546 quoad
688 1493 857 1545 negotia
877 1494 1134 1546 temporalia,
1157 1508 1263 1546 quae
1284 1495 1448 1547 legibus
1470 1494 1662 1533 civilibus
1685 1502 1786 1534 tem-

200 1563 413 1610 perantur,
446 1568 593 1598 contra
624 1561 768 1599 Status
797 1566 859 1600 est
889 1560 929 1598 in
963 1561 1156 1601 Ecclesia
1187 1561 1324 1613 quoad
1345 1561 1514 1612 negotia
1534 1560 1787 1612 spiritualia,

204 1637 312 1676 quae
343 1625 506 1677 legibus
536 1626 756 1666 Ecclesiae
786 1626 1071 1666 subiiciuntur.
1093 1628 1148 1666 At
1177 1626 1218 1665 in
1248 1640 1377 1666 sensu
1407 1627 1611 1675 absoluto,
1636 1628 1780 1670 Status

206 1703 299 1730 esse
329 1691 371 1730 in
404 1692 609 1740 Ecclesia,
641 1705 725 1731 non
755 1693 949 1732 Ecclesia
979 1706 1073 1732 esse
1102 1693 1144 1731 in
1176 1694 1294 1733 Statu
1324 1693 1502 1733 dicenda
1533 1700 1607 1732 est.
1630 1693 1782 1732 Eccle-

206 1755 271 1794 sia
302 1755 415 1793 enim
446 1755 634 1795 altiorem
669 1757 996 1808 amplioremque
1026 1758 1151 1796 finem
1182 1757 1364 1809 respicit,
1395 1764 1434 1797 et
1465 1757 1600 1808 magis
1631 1762 1784 1796 exten-

208 1818 330 1863 ditur,
361 1832 486 1871 quam
519 1820 683 1869 Status;
715 1820 918 1872 siquidem
949 1827 1078 1859 totum
1117 1821 1259 1860 orbem
1298 1821 1586 1873 complectitur
1606 1854 1614 1869 ,
1654 1828 1693 1860 et
1732 1821 1784 1859 ad

203 1886 331 1924 finem
361 1899 604 1937 supremum
635 1894 757 1939 atque
787 1887 1067 1927 universalem
1098 1888 1279 1927 hominis
1320 1888 1457 1940 dirigit
1496 1889 1661 1928 actione
1692 1902 1788 1929 sua.

207 1951 403 1990 Iamvero
432 1951 531 1991 finis
560 1952 731 1992 inferior
762 1953 898 1992 altiori
928 1953 1091 2000 subest,
1122 1961 1162 1992 et
1192 1953 1375 1993 societas
1410 1954 1566 1994 arctior
1596 1954 1647 1993 ab
1688 1967 1783 1992 am-

205 2017 336 2069 pliore
368 2019 747 2070 comprehenditur.

260 2085 349 2123 Nec
382 2097 480 2124 vero
513 2084 592 2124 dici
623 2092 759 2137 potest
789 2086 984 2126 Ecclesia
1005 2086 1129 2125 dividi
1150 2086 1191 2125 in
1213 2086 1404 2126 diversas
1426 2086 1641 2125 Eoolesias
1664 2092 1789 2137 prout

206 2149 391 2188 societas
422 2149 557 2189 civilis
578 2150 620 2188 in
642 2150 832 2190 diversos
855 2151 996 2190 Status
1028 2151 1285 2202 dispescitur.
1312 2151 1418 2190 Nam
1440 2150 1634 2189 Ecclesia
1661 2148 1793 2188 maxi-

205 2228 301 2255 mae
319 2215 624 2256 universalitati
646 2216 874 2255 maximam
894 2217 1017 2255 etiam
1036 2217 1236 2257 unitatem
1258 2216 1457 2268 adiungit;
1482 2224 1521 2256 et
1542 2216 1687 2256 eadem
1706 2227 1789 2254 om-

204 2279 305 2319 nino
335 2287 399 2319 est
429 2280 471 2319 in
493 2279 671 2331 singulis
692 2280 947 2332 regionibus,
971 2280 1038 2320 ubi
1060 2281 1184 2332 viget:
1216 2280 1314 2320 Fiet
1334 2293 1466 2319 anam
1487 2279 1595 2318 ovile
1617 2282 1658 2318 et
1679 2290 1788 2317 unas

202 2344 364 2382 Pastor
386 2346 459 2396 (2).
493 2345 599 2383 Tum
621 2344 745 2384 etiam
768 2344 936 2384 minime
958 2344 1226 2396 cogitandum
1248 2351 1311 2384 est
1332 2343 1567 2384 Ecclesiam
1591 2341 1715 2381 veluti
1748 2341 1790 2379 in

208 2408 369 2446 Statum
400 2408 574 2460 ingredi,
605 2423 699 2449 cum
731 2408 867 2460 potius
899 2409 1041 2448 Status
1061 2421 1208 2447 omnes
1228 2408 1270 2446 in
1292 2407 1528 2447 Ecclesiam
1549 2405 1790 2458 ingredian-

205 2479 284 2512 tur.
303 2475 451 2513 Exstat
468 2475 576 2514 enim
598 2475 855 2515 institutione
877 2474 1019 2514 divina
1037 2475 1145 2513 haec
1168 2488 1324 2526 magna
1343 2475 1528 2514 societas
1545 2471 1788 2525 spiritualis,

208 2551 314 2590 quae
343 2552 489 2580 omnes
512 2547 662 2592 gentes
691 2540 839 2579 invitat
859 2548 982 2591 atque
1003 2539 1056 2578 ad
1077 2552 1123 2578 se
1147 2546 1280 2588 vocat;
1311 2546 1575 2592 gentesvero,
1607 2550 1701 2576 cum
1732 2536 1789 2576 illi

206 2605 417 2644 vocationi
446 2607 713 2658 respondent,
736 2607 777 2645 in
799 2606 932 2658 ipsam
963 2606 1134 2654 intrant,
1165 2614 1208 2645 ut
1229 2607 1402 2645 flumina
1423 2606 1577 2644 intrant
1594 2604 1635 2642 in
1653 2617 1781 2643 mare.

268 2671 398 2711 Obiic.
423 2673 474 2710 II.
499 2673 541 2711 Si
563 2673 763 2712 Ecclesia
781 2673 894 2712 nullo
917 2673 1038 2712 modo
1061 2673 1251 2712 subditur
1271 2671 1462 2712 societati
1483 2670 1690 2723 politicae,
1715 2670 1790 2710 sed

210 2739 346 2789 potius
376 2737 609 2787 viceversa;
641 2745 816 2778 externa
835 2745 1035 2791 potestas,
1057 2738 1251 2778 nimirum
1272 2737 1467 2778 Pontifex
1490 2738 1721 2785 Romanus,
1745 2735 1788 2775 in

253 2843 303 2884 (1)
326 2845 481 2878 Summa
506 2844 552 2877 th.
577 2846 618 2877 2.·
644 2847 699 2878 2²⁰
726 2855 758 2886 q.
783 2847 857 2884 LX,
881 2856 911 2878 a.
935 2847 962 2878 6.
989 2847 1034 2878 ad
1058 2847 1085 2878 3.

253 2897 307 2938 (2)
333 2898 428 2932 ΙΟΑΝ.
454 2899 499 2938 X,
521 2899 568 2931 16.
