1970 3203
381 255 517 282 CAPUT
545 255 595 281 111.
626 254 677 280 DE
707 253 854 280 NORMA
891 252 1167 279 OPERATIONIS
1199 251 1405 278 HUMANAE
1621 237 1673 277 89

118 347 201 374 non
229 338 417 372 movetur
445 331 497 371 ab
527 330 621 379 alia,
650 330 730 369 nisi
758 329 929 381 imperio
959 334 998 368 et
1026 327 1221 376 iussione,
1251 339 1357 380 quae
1393 324 1558 378 proprie
1588 323 1681 364 obe-

117 398 311 439 dientiam
339 403 524 450 generat.

165 467 228 506 92.
258 465 513 504 Paoposmo
543 463 600 502 21³
621 462 890 502 Autonomc'a
922 460 1117 508 rationis,
1139 473 1269 512 quam
1291 459 1524 499 adstruunt
1553 457 1683 496 ratio-

117 528 310 575 nalistae,
344 527 516 567 insania
545 529 615 567 est.

164 594 287 633 Prob.
317 592 571 632 Autonomia
590 592 774 639 rationis,
797 591 850 630 ad
869 589 1164 641 obligationem
1186 587 1477 639 explicandam
1497 600 1580 627 non
1601 600 1674 626 as-

111 656 235 696 sumit
265 656 345 696 nisi
375 656 578 696 rationem
608 656 754 708 ipsam.
786 655 885 693 Vult
913 653 1022 694 enim
1053 658 1096 691 ut
1125 651 1290 691 animus
1320 652 1531 690 humanus
1559 650 1600 689 in
1627 664 1676 690 o*

111 720 293 771 perando
336 733 420 759 non
450 719 629 772 accipiat
658 717 1070 764 determinationem,
1101 715 1180 756 nisi
1212 729 1238 754 a
1266 729 1311 755 se
1329 747 1337 762 ,
1381 715 1563 767 qualibet
1592 713 1676 753 alia

113 787 287 826 exclusa
302 793 518 838 potestate,
540 786 658 825 cuius
678 785 849 837 imperio
867 784 1077 824 subiectus
1093 782 1145 822 sit
1163 783 1237 833 (1).
1254 783 1308 821 At
1326 794 1424 821 vero
1446 780 1488 819 id
1509 780 1676 820 omnino

112 858 330 905 repugnat.
362 854 468 893 Nam
494 852 536 891 in
558 851 699 904 primis
718 851 822 890 ratio
845 851 1029 889 humana
1050 848 1257 888 declinare
1278 847 1420 899 nequit
1449 846 1585 886 ideam
1606 859 1678 885 su-

113 917 244 968 premi
261 916 475 956 cuiusdam
493 915 626 963 Emis,
644 929 669 954 a
684 929 764 967 quo
781 913 975 968 quidquid
990 914 1149 952 finitum
1168 916 1230 952 est
1246 910 1531 951 exsistentiam
1555 922 1681 948 acce-

115 980 229 1031 perit.
261 981 373 1032 Ergo
408 979 619 1019 declinare
641 979 780 1031 nequit
801 979 936 1018 ideam
972 976 1151 1029 supremi
1174 975 1390 1016 cuiusdam
1424 973 1682 1026 imperantis,

115 1043 181 1095 qui
201 1045 293 1096 lege
314 1056 390 1082 nos
411 1043 657 1095 adstringat,
679 1043 857 1095 velitque
877 1049 1091 1081 servatum
1109 1040 1294 1080 ordinem
1316 1051 1437 1091 quern
1454 1037 1576 1077 rebus
1596 1037 1677 1076 im-

113 1107 260 1157 posuit.
284 1106 601 1155 Rationalistae,
625 1107 721 1145 dum
744 1106 999 1145 contrarium
1022 1110 1218 1152 statuunt,
1239 1103 1378 1142 animo
1400 1102 1584 1141 humano
1602 1113 1683 1139 mo-

114 1172 209 1210 dum
240 1170 437 1222 operandi
467 1170 660 1218 tribuunt,
691 1170 758 1223 qui
789 1170 864 1210 Dei
894 1169 1023 1209 solius
1044 1177 1107 1208 est
1133 1166 1337 1220 proprius.

165 1235 337 1284 Deinde,
355 1235 391 1275 si
413 1240 455 1273 ut
475 1234 758 1274 rationalistae
779 1236 934 1280 volunt,
955 1234 1070 1273 illam
1092 1233 1227 1272 ideam
1248 1243 1366 1270 mens
1387 1235 1530 1269 nostra
1551 1227 1682 1268 decli‘

14 1292 21 1342 l
111 1306 240 1347 naret;
272 1306 368 1338 tunc
400 1299 533 1338 omnis
563 1299 830 1351 obligationis
866 1299 977 1338 notio
1013 1304 1250 1343 corrueret,
1280 1295 1390 1348 quod
1419 1307 1501 1333 non
1532 1305 1679 1331 omnes

24 1390 31 1428 N
112 1365 401 1405 rationalistae
446 1365 552 1404 velle
582 1365 785 1406 videntur.
833 1366 884 1404 Et
916 1378 1018 1404 sane
1062 1363 1259 1416 obligatio
1281 1360 1524 1402 exercitium
1554 1358 1679 1397 iuris-

32 1430 39 1496 ’Ἃ
115 1428 307 1467 dictionis
346 1435 386 1468 et
423 1429 639 1480 potestatis
677 1429 719 1467 in
750 1429 959 1481 obligante
991 1427 1209 1474 subaudit,
1252 1433 1374 1477 atque
1416 1424 1507 1462 ideo
1540 1421 1679 1460 distin-

116 1493 295 1535 ctionem
336 1494 512 1546 exquirit
541 1494 649 1533 inter
679 1494 932 1546 obligantem
963 1501 1002 1534 et
1032 1493 1283 1544 obligatum,
1314 1505 1387 1531 seu
1417 1490 1523 1529 inter
1551 1500 1681 1539 supe-

116 1559 265 1599 riorem
298 1566 336 1599 et
366 1560 585 1599 subditum.
621 1559 746 1611 Atqui
775 1559 880 1598 ratio
911 1558 1090 1598 hominis
1121 1558 1172 1597 ab
1202 1558 1291 1609 ipso
1322 1556 1489 1596 homine
1517 1568 1602 1595 non
1625 1553 1680 1592 di-

115 1625 363 1677 stinguitur,
402 1639 496 1664 cum
534 1638 617 1664 non
655 1626 707 1665 sit
743 1625 823 1664 nisi
863 1625 950 1664 eius
990 1625 1184 1671 facultas;
1216 1624 1344 1662 multo
1374 1629 1512 1662 autem
1543 1622 1681 1661 minus

50 1700 53 1735 ,1
117 1688 374 1728 considerari
415 1695 550 1740 potest
578 1695 790 1741 tamquam
821 1689 988 1727 homine
1022 1688 1234 1739 superior,
1267 1701 1361 1726 cum
1392 1686 1568 1726 facultas
1599 1698 1681 1724 non

51 1747 57 1802 l
115 1755 170 1794 sit
197 1754 276 1793 nisi
298 1755 407 1794 velut
427 1754 746 1795 instrumentum
777 1754 952 1795 subiecti
982 1754 1034 1793 ad
1055 1753 1163 1806 quod
1183 1753 1368 1804 pertinet.
1390 1753 1499 1804 Ergo
1522 1753 1563 1790 in
1580 1764 1678 1791 sen-

116 1818 244 1859 tentia
273 1818 626 1859 rationalistarum
657 1820 822 1858 animus
850 1819 1060 1858 humanus
1081 1818 1193 1857 omni
1219 1816 1472 1869 obligatione
1493 1816 1579 1854 veri
1601 1829 1681 1855 no-

63 1890 64 1894 ’
116 1881 238 1921 minis
268 1883 510 1931 solveretur;
541 1896 592 1922 ac
623 1884 794 1935 proinde
816 1883 1070 1923 incredibilis
1099 1882 1353 1934 perturbatio
1381 1880 1564 1920 ordinem
1587 1893 1682 1919 mo—

120 1949 249 1988 ralem
282 1958 323 1988 et
349 1948 565 1987 iuridicum
594 1949 820 1989 invaderet.

177 2011 299 2050 Ratio
338 2012 380 2050 in
409 2011 530 2052 nobis
559 2013 805 2065 principium
845 2020 907 2053 est
937 2011 1203 2065 obligationis
1233 2025 1315 2051 non
1345 2010 1581 2063 gignendae
1612 2008 1686 2048 sed

127 2075 475 2126 cognoscendae;
516 2082 638 2128 atque
665 2077 757 2116 ideo
788 2090 870 2116 non
902 2077 1020 2116 aliter
1051 2075 1231 2128 spectari
1260 2081 1413 2127 potest,
1443 2073 1523 2114 nisi
1552 2073 1683 2112 instar

117 2138 364 2188 praeconis,
407 2137 476 2190 qui
514 2139 681 2179 nomine
720 2141 916 2180 Auctoris
946 2147 1120 2179 naturae
1157 2140 1371 2192 loquatur,
1402 2146 1440 2178 et
1461 2152 1532 2191 per
1560 2126 1681 2190 quem

117 2203 275 2241 Auctor
317 2206 490 2240 naturae
533 2202 653 2242 nobis
696 2216 772 2242 sua
811 2203 929 2244 iussa
970 2203 1211 2256 promulget.
1252 2201 1506 2254 Principium
1545 2206 1683 2240 autem

117 2267 253 2319 ipsam
284 2266 577 2320 obligationem
608 2268 787 2320 gignens
818 2277 880 2309 est
909 2268 1135 2308 auctoritas
1166 2267 1253 2315 Dei,
1283 2267 1349 2307 cui
1375 2275 1585 2319 tamquam
1606 2266 1682 2305 do-

124 2333 234 2372 mino
264 2333 466 2372 subiectio
497 2340 536 2373 et
565 2333 801 2374 obedientia
830 2349 855 2374 a
885 2340 1077 2374 creatura
1106 2333 1288 2374 debetur.

161 2462 211 2502 (1)
238 2472 253 2491 «
271 2462 489 2495 L'assoluta
516 2464 753 2501 presunzione
784 2465 878 2497 della
911 2464 1047 2496 morale
1075 2473 1203 2496 umana
1238 2464 1302 2495 che
1339 2462 1504 2501 l'uomo,
1530 2462 1684 2504 indipen-

118 2516 341 2547 dentemente
372 2515 419 2547 da
451 2515 518 2547 Dio
542 2526 560 2548 e
587 2517 796 2549 dall'ordine
819 2518 954 2550 morale
979 2519 1063 2550 dato
1094 2518 1140 2548 (la
1164 2516 1230 2548 Dio
1247 2542 1254 2553 ,
1285 2515 1389 2547 abbia
1413 2515 1609 2548 solamente
1633 2514 1689 2547 nel

121 2578 187 2601 suo
211 2570 377 2610 pensiero
400 2570 422 2601 il
445 2569 616 2611 principio
639 2580 658 2602 e
681 2570 703 2602 il
727 2574 919 2603 contenuto
944 2570 1065 2611 d‘ogni
1087 2570 1252 2602 moralita
1276 2579 1294 2601 e
1317 2569 1351 2601 la
1366 2569 1501 2601 facolta
1517 2568 1551 2601 di
1566 2570 1687 2600 adem-

73 2635 75 2647 ε
119 2623 240 2663 pierla,
262 2624 334 2656 tale
359 2626 375 2656 e
400 2624 422 2655 il
446 2626 624 2656 carattere
647 2624 908 2657 fondamentale
931 2625 1027 2657 della
1048 2624 1203 2656 filosofia
1226 2623 1414 2655 raziolista
1433 2649 1440 2660 ,
1462 2623 1540 2654 anzi
1568 2623 1690 2655 dell'u-

72 2649 77 2718 l
118 2675 294 2707 niversale
322 2677 497 2708 tendenza
525 2676 718 2709 scientifica
750 2676 847 2708 della
875 2676 1044 2708 Riforma.
1069 2688 1084 2705 »
1116 2675 1245 2707 Storia
1276 2674 1378 2706 della
1409 2674 1594 2716 Filosofla
1626 2673 1685 2705 del

77 2720 82 2794 ἶ
117 2727 257 2759 Diritto
281 2727 322 2760 di
346 2729 526 2760 FEDEmco
551 2729 676 2761 GIULIO
701 2730 834 2765 STAHL,
857 2727 910 2759 lib.
937 2728 976 2765 ΙΙ,
1002 2737 1074 2759 sez.
1097 2728 1125 2759 8.
1149 2726 1372 2758 Traduzione
1398 2727 1456 2758 dal
1479 2727 1638 2758 tedesco.

159 2782 334 2814 Moralem
355 2782 638 2814 rationalismum
652 2782 720 2814 alia
733 2783 790 2814 via
811 2782 948 2814 induxit
972 2780 1178 2813 Rosminius
1195 2789 1264 2821 ope
1281 2780 1370 2812 entis
1384 2778 1688 2815 universalissimi,

121 2835 175 2867 eui
199 2835 321 2867 detulit
349 2835 556 2876 dignitatem
588 2836 680 2877 legis
705 2836 809 2869 simul
833 2839 867 2868 et
898 2835 1129 2876 legislatoris,
1152 2835 1236 2866 Eius
1261 2834 1471 2866 sententiam
1495 2834 1584 2865 satis
1608 2833 1685 2864 fuse

84 2901 85 2927 l
122 2889 299 2922 confutavi
320 2891 353 2924 in
376 2891 585 2924 Periodico:
609 2892 647 2923 L’
665 2891 898 2924 Aecademia
928 2899 1092 2922 romana
1116 2888 1156 2921 di
1180 2888 1215 2920 S.
1251 2888 1446 2919 Tommaso
1471 2886 1686 2928 εἰἈίμιίηο,

123 2940 194 2972 vol.
221 2941 351 2980 quinto.
