1970 3203
246 265 297 305 50
929 278 1148 304 ETHICA

242 368 335 395 esse
366 355 591 407 potentiam
623 355 831 395 diversam
862 355 913 395 ab
944 356 1156 396 intellectu
1186 357 1458 410 speculativo.
1491 358 1559 400 Sic
1591 359 1700 399 enim
1731 360 1818 400 ait:

243 435 261 457 α
286 420 332 459 Id
353 419 461 472 quod
477 419 791 459 accidentaliter
812 433 858 460 se
878 420 1005 461 habet
1026 421 1079 460 ad
1101 421 1251 462 obiecti
1273 422 1488 472 rationem,
1505 438 1629 476 quam
1654 425 1822 477 respicit

241 485 381 537 aliqua
411 484 606 537 potentia,
637 498 720 524 non
751 485 1008 528 diversificat
1038 488 1279 540 potentiam.
1313 489 1476 529 Accidit
1495 490 1605 530 enim
1631 494 1820 533 colorato

241 549 350 601 quod
379 549 430 589 sit
460 549 586 589 homo
617 555 689 589 aut
718 563 919 603 magnum
949 557 1021 591 aut
1049 565 1237 604 parvum.
1268 552 1390 592 Unde
1420 555 1560 595 omnia
1584 556 1821 597 huiusmodi

243 613 389 652 eadem
420 612 556 652 visiva
576 614 762 665 potentia
783 615 1163 668 apprehenduntur.
1185 616 1351 656 Accidit
1370 626 1510 659 autem
1531 620 1655 660 alicui
1683 635 1827 674 appre-

246 678 379 716 henso
409 690 482 728 per
511 677 766 718 intellectum
798 680 907 731 quod
939 679 1153 720 ordinetur
1181 681 1235 720 ad
1266 694 1382 734 opus,
1407 683 1471 722 vel
1493 697 1577 723 non
1599 685 1822 726 ordinetur.

244 741 483 781 Secundum
504 743 586 783 hoc
607 750 746 783 autem
769 744 965 784 differunt
982 744 1218 785 intellectus
1234 746 1519 797 speculativus
1536 755 1575 788 et
1596 750 1822 800 practicus.

245 807 353 846 Nam
372 806 607 849 intellectus
629 810 912 861 speculativus
934 817 1008 858 est,
1032 810 1100 863 qui
1121 810 1230 862 quod
1248 811 1534 862 apprehendit,
1556 827 1640 853 non
1658 815 1825 855 ordinat

243 870 296 909 ad
326 883 442 924 opus,
474 873 547 913 sed
577 873 630 912 ad
661 875 794 914 solam
826 875 1015 915 veritatis
1047 875 1441 915 considerationem.
1475 878 1824 919 Practicus.vero

242 935 479 978 intellectus
510 938 669 986 dicitur,
700 939 769 991 qui
800 940 891 988 hoc,
925 939 1034 992 quod
1064 939 1349 992 apprehendit,
1371 940 1534 981 ordinat
1554 942 1607 981 ad
1628 955 1744 995 opus.
1769 944 1821 982 Et

243 1001 324 1040 hoc
356 1009 417 1041 est
447 1003 556 1054 quod
586 1004 869 1056 Philosophus
892 1004 989 1044 dicit
1012 1004 1054 1043 in
1076 1006 1110 1044 3.
1133 1005 1200 1044 De
1221 1004 1380 1053 anima,
1402 1005 1511 1058 quod
1531 1006 1820 1058 speculativus

245 1066 379 1108 differt
410 1082 434 1107 a
465 1069 660 1121 practicO,
686 1070 785 1120 fine,
817 1071 925 1110 unde
955 1085 981 1110 a
1008 1071 1093 1110 fine
1125 1070 1417 1112 denominatur
1445 1077 1614 1124 uterque
1645 1074 1720 1125 (1).
1754 1088 1773 1110 »

793 1201 1032 1241 Solvuntur
1062 1202 1347 1255 dffcultates.

296 1329 359 1369 40.
395 1328 525 1369 Obiic.
557 1331 588 1369 Ι.
614 1331 841 1383 Dispositio
865 1334 1053 1385 corporis
1074 1331 1209 1371 influit
1228 1331 1270 1370 in
1300 1331 1496 1371 iudicium
1518 1333 1686 1372 morale.
1713 1333 1825 1385 Ergo

242 1395 441 1435 iudicium
471 1398 630 1437 morale
661 1398 714 1437 ad
746 1399 944 1438 sensilem
975 1399 1216 1439 facultatem
1246 1398 1436 1450 pertinet.

295 1463 343 1500 R.
375 1462 486 1501 Dz'st.
520 1463 787 1503 antecedens:
819 1465 960 1504 Influit
990 1463 1242 1512 extrinsece,
1271 1468 1442 1516 propter
1461 1477 1613 1503 nexum
1635 1463 1742 1504 inter
1760 1464 1826 1504 fa-

245 1526 421 1565 cultates
452 1526 643 1567 diversas
672 1527 855 1567 hominis
878 1561 886 1576 ,
921 1531 1149 1574 transeat,-
1180 1527 1314 1567 influit
1342 1527 1596 1568 intrinsecus
1617 1560 1626 1577 ‚
1658 1535 1826 1582 propter

245 1591 491 1630 exercitium
521 1591 660 1646 ipsius
684 1593 874 1642 actionis,
911 1608 1030 1646 neyo.
1063 1596 1169 1633 Tum
1201 1606 1307 1645 neyo
1338 1606 1608 1646 consequens.

295 1657 359 1695 Ex
389 1657 686 1698 constitutione
718 1658 906 1710 corporis
929 1665 969 1698 et
991 1659 1189 1711 temperie
1209 1671 1435 1698 nervorum
1457 1659 1646 1708 efficitur,
1669 1665 1712 1699 ut
1734 1672 1825 1700 sen-

241 1721 418 1762 sibilitas
451 1722 619 1775 (quippe
643 1736 750 1776 quae
769 1724 940 1776 organis
964 1724 1110 1776 utitur)
1133 1723 1186 1763 ad
1206 1723 1394 1764 actiones
1415 1723 1576 1776 aliquas
1598 1730 1637 1764 et
1659 1723 1824 1764 obiecta

240 1786 530 1827 vehementius
552 1788 618 1827 vel
638 1787 856 1828 remissius
877 1788 1083 1836 incitetur;
1105 1795 1228 1840 atque
1251 1787 1402 1827 exinde
1429 1787 1615 1828 nascitur
1637 1787 1824 1839 (propter

238 1851 415 1891 humani
444 1852 664 1905 compositi
694 1853 915 1904 unitatem)
944 1859 986 1893 ut
1008 1853 1204 1893 iudicium
1227 1852 1378 1893 mentis
1398 1866 1524 1904 saepe
1546 1852 1818 1905 perturbetur,

240 1929 291 1955 ac
322 1916 519 1956 voluntas
548 1916 709 1957 sortiter
738 1917 955 1957 alliciatur.
989 1918 1146 1957 Verum
1176 1916 1216 1955 id
1238 1930 1333 1956 cum
1353 1916 1506 1955 iudicio
1532 1915 1628 1955 boni
1648 1915 1821 1956 'moralis

240 1982 340 2021 nihil
372 1995 594 2022 commune
622 1984 762 2024 habet:
795 1990 835 2024 et
865 1997 1005 2036 saepe,
1037 1982 1240 2023 eiusmodi
1270 1981 1539 2035 cupiditatum
1570 1983 1747 2022 tumultu
1768 1982 1821 2022 es-

238 2048 499 2088 servescente
521 2081 529 2097 ,
559 2048 685 2088 immo
717 2049 841 2090 etiam
872 2049 1160 2089 debacchante
1192 2048 1346 2100 (modo
1378 2060 1498 2087 usum
1528 2048 1703 2088 rationis
1734 2062 1819 2088 non

238 2114 426 2167 adimat),
458 2122 576 2168 turpe
607 2117 658 2156 ab
689 2116 868 2156 honesto
891 2116 1045 2169 optime
1067 2114 1424 2163 discriminamus,
1448 2114 1525 2155 etsi
1550 2114 1821 2155 vehementer

240 2194 413 2221 sensum
442 2182 610 2221 alliciat.

292 2249 385 2288 Iure
402 2249 540 2301 itaque
558 2249 643 2290 veri
660 2249 884 2302 sapientes,
897 2249 939 2288 in
959 2248 1124 2289 entibus
1135 2248 1224 2287 solo
1242 2260 1370 2287 sensu
1386 2247 1586 2299 praeditis
1603 2248 1818 2289 notionem

230 2314 336 2359 ¹boni
358 2316 423 2355 vel
440 2316 537 2355 mali
559 2316 732 2355 moralis
750 2316 910 2355 nullam
932 2328 1027 2355 esse
1048 2315 1293 2363 docuerunt;
1315 2313 1521 2367 siquidem
1542 2314 1582 2354 in
1603 2315 1684 2355 illis
1704 2316 1818 2355 notio

236 2379 350 2417 nulla
369 2379 478 2419 inest
497 2379 711 2419 relationis
738 2386 777 2419 et
797 2379 954 2419 ordinis
977 2385 1016 2420 et
1037 2378 1277 2432 quidditatis
1297 2391 1447 2427 rerum,
1470 2392 1575 2431 quae
1595 2379 1714 2420 ideas
1737 2393 1816 2432 ge-

235 2446 403 2486 nerales
434 2446 623 2499 exquirit.
657 2447 818 2495 Quare,
849 2460 947 2486 curn
976 2447 1102 2486 homo
1133 2447 1196 2497 (ut
1225 2444 1486 2486 conscientia
1515 2445 1663 2498 cuique
1693 2447 1816 2488 testis

237 2511 317 2561 est)
349 2510 619 2562 generalibus
650 2510 753 2551 ideis
782 2511 1011 2551 instructus
1032 2511 1084 2550 sit
1106 2515 1144 2550 et
1165 2509 1377 2550 evidenter
1406 2512 1626 2551 honestum
1665 2524 1690 2550 a
1711 2512 1817 2564 turpi

237 2572 466 2626 distinguat
486 2589 495 2623 3
527 2575 709 2627 cognitio
740 2575 943 2616 eiusmodi
975 2576 1028 2616 ad
1049 2574 1234 2614 animum
1256 2579 1414 2614 tantum
1436 2573 1607 2627 eiusque
1630 2574 1819 2626 spiritua-

236 2637 297 2676 les
327 2636 550 2678 facultates
570 2639 790 2680 referenda
811 2649 886 2682 est.
910 2642 1072 2681 Sensus
1093 2646 1233 2680 autem
1254 2645 1293 2679 et
1314 2651 1475 2692 organa
1495 2639 1683 2691 corporis
1705 2653 1815 2680 non-

235 2701 317 2740 nisi
347 2700 581 2741 administri
612 2710 732 2753 sunt,
765 2711 804 2744 et
835 2705 1097 2746 conditiones
1134 2704 1175 2743 in
1207 2703 1417 2756 praesenti
1446 2707 1558 2742 statu
1587 2703 1815 2746 iunctionis

234 2764 363 2804 animi
385 2779 480 2805 cum
501 2779 688 2819 corpore,
710 2768 763 2808 ad
783 2769 1020 2809 intellectus
1038 2768 1329 2816 evolutionem,
1352 2767 1587 2820 requisitae,
1611 2769 1813 2820 quemad-

235 2832 405 2871 modum
432 2833 475 2872 in
506 2834 791 2887 Psychologia
822 2835 1074 2888 explicatum
1107 2842 1181 2876 est.

281 2975 331 3016 (1)
357 2976 512 3010 Summa
536 2976 580 3009 tlz.
609 2977 630 3010 I.
655 2987 685 3019 p.
714 2987 744 3019 q.
770 2979 934 3015 LXXIX,
957 2989 986 3011 a.
1012 2978 1040 3012 2.
