1970 3203
219 212 296 253 302
589 224 657 251 lus
685 223 887 250 NATURAE
911 233 929 239 -
953 224 1060 252 PARS
1088 225 1126 252 11.
1156 226 1222 253 ms
1253 226 1426 255 sociALE

223 304 323 346 tant,
355 297 395 336 in
418 310 497 350 quo
519 297 720 349 peculiari
738 298 867 338 virtus
887 299 1147 351 professione
1177 301 1349 341 colatur.
1369 304 1476 344 Nam
1499 305 1565 357 qui
1587 305 1652 345 ius
1668 306 1798 348 habet

224 365 276 403 ad
298 365 436 413 finem,
467 365 531 404 ius
552 364 677 405 habet
706 365 759 404 ad
785 365 933 415 media;
965 373 1003 406 et
1024 367 1188 419 quidem
1220 368 1273 407 ad
1294 369 1430 409 media
1460 385 1566 423 quae
1583 372 1661 425 ipsi
1690 373 1801 415 intra

223 430 453 469 honestatis
485 430 696 479 ambitum,
728 432 1026 484 opportuniora
1056 433 1259 473 videntur.

269 497 358 536 111.
388 498 599 538 Felicitati
628 497 780 538 civium
809 499 1146 541 incumbendum.
1178 502 1420 544 Auctoritas
1453 518 1536 544 non
1566 505 1688 545 modo
1733 506 1799 545 iu-

216 562 322 601 rium
354 562 535 602 cautioni
557 563 790 612 consulere,
823 577 968 604 verum
1000 564 1123 604 etiam
1156 565 1264 606 bono
1287 572 1327 606 et
1342 566 1527 607 felicitati
1549 569 1702 608 civium
1724 582 1793 620 po-

217 629 338 668 sitive
369 628 559 679 opitulari
590 628 710 669 debet
740 636 779 669 et
808 631 861 670 ad
891 631 1224 684 amplitudinem,
1257 633 1523 685 splendorem
1541 668 1549 684 ,
1575 635 1795 688 ⁴perfectio-

214 707 392 747 nemque
422 694 636 735 societatis
666 696 993 747 comparandam
1014 695 1155 736 adniti.
1189 697 1309 736 Bona
1329 704 1469 737 autem
1500 699 1712 739 societatis
1745 699 1799 738 ad

215 759 294 798 duo
324 772 482 811 genera
511 759 786 799 reducuntur:
817 761 1049 800 materialia
1078 761 1272 801 nimirum
1306 769 1346 802 et
1374 762 1619 815 spiritualia.

267 826 355 865 119.
385 826 498 866 Bona
527 825 775 865 materialia.
807 824 958 864 Officio
976 832 1139 865 tenetur
1168 829 1397 866 auctoritas
1419 827 1662 878 providendi
1691 834 1735 867 ut
1755 842 1796 868 o-

214 891 378 932 mnibus
400 892 452 932 sit
481 891 611 931 libera
632 890 812 931 facultas
833 893 1083 943 procurandi
1099 893 1177 933 sibi
1194 894 1342 942 media,
1365 894 1512 946 quibus
1535 894 1661 935 vitam
1680 896 1795 935 alant

216 966 256 999 et
276 966 484 1000 tueantur.
516 959 632 1004 Quae
654 958 832 998 facultas
861 972 944 998 non
968 959 1090 999 modo
1121 960 1378 1012 protegenda
1400 968 1474 1010 est,
1505 968 1549 1000 ut
1579 975 1604 1001 a
1624 961 1792 1001 nemine

217 1024 466 1077 impediatur
497 1022 637 1075 (quod
658 1022 840 1062 iustitiae
861 1025 977 1075 est);
1010 1024 1083 1064 sed
1106 1025 1230 1064 etiam
1257 1025 1544 1077 promovenda
1574 1031 1614 1064 et
1643 1025 1791 1065 sociali

215 1092 372 1132 auxilio
402 1091 592 1139 fovenda,
624 1089 733 1141 quod
762 1089 813 1129 ad
838 1089 1020 1129 officium
1050 1090 1353 1131 beneficentiae
1382 1091 1571 1143 pertinet.
1605 1091 1713 1130 Hinc
1746 1097 1788 1129 ut

214 1155 553 1196 consociationes
575 1156 858 1204 efformentur,
872 1156 925 1194 ad
940 1155 1186 1195 industriam
1205 1156 1268 1196 vel
1289 1156 1586 1195 commercium
1602 1162 1794 1208 spectan-

213 1228 288 1269 tes,
315 1220 381 1260 ubi
404 1220 620 1272 operosior
648 1220 786 1272 populi
817 1233 915 1272 pars
947 1221 1116 1261 tutelam
1148 1227 1187 1260 et
1217 1220 1457 1261 adiumenta
1486 1220 1684 1269 inveniat;
1707 1225 1793 1259 tum

211 1284 396 1338 impense
428 1284 659 1324 curandum
682 1290 745 1323 est
775 1291 819 1323 ut
835 1283 968 1324 civilis
999 1284 1188 1324 caritatis
1218 1285 1481 1325 exercendae
1505 1285 1694 1324 instituta
1711 1286 1791 1325 flo-

213 1357 394 1398 rescant,
427 1351 479 1389 ad
508 1349 691 1401 inopiam
723 1356 762 1389 et
791 1361 1017 1388 aerumnas
1048 1347 1322 1401 indigentium
1351 1349 1650 1388 sublevandas.

271 1417 418 1463 Quoad
435 1415 640 1467 publicam
662 1427 761 1454 vero
779 1414 1108 1466 prosperitatem,
1127 1427 1234 1466 quae
1255 1414 1431 1465 emergit
1453 1427 1505 1453 ex
1526 1414 1668 1466 populi
1687 1414 1797 1452 mul-

217 1483 403 1530 titudine,
435 1481 659 1533 opulentia,
692 1480 890 1521 facilitate
921 1480 1195 1533 comparandi
1224 1493 1274 1519 ea
1304 1479 1466 1528 omnia,
1498 1493 1605 1532 quae
1635 1478 1797 1519 suavio-

209 1563 296 1590 rem
326 1549 454 1587 vitam
485 1547 696 1595 efficiant3
728 1546 807 1586 tria
837 1546 1100 1599 potissimum
1132 1546 1439 1586 consideranda
1469 1552 1575 1586 sunt.
1610 1546 1794 1585 Primum

214 1621 290 1661 est,
320 1627 403 1652 non
426 1612 564 1664 populi
594 1611 869 1664 frequentiam
898 1611 1158 1651 indefinitam
1188 1611 1241 1650 ad
1261 1611 1301 1649 id
1332 1611 1533 1658 conferre,
1555 1610 1629 1650 sed
1660 1611 1786 1650 talem

214 1677 414 1731 quaerite
444 1676 696 1729 respondeat
726 1675 875 1715 mediis
906 1689 997 1715 eam
1028 1675 1166 1715 alendi
1198 1680 1237 1714 et
1256 1674 1471 1723 educandi,
1494 1680 1537 1714 ut
1567 1674 1790 1714 incolumis

210 1752 249 1786 et
270 1746 374 1785 bene
394 1752 558 1784 morata
579 1749 780 1782 servetur.
813 1742 984 1790 Deinde,
1008 1742 1262 1794 opulentiam
1293 1740 1559 1793 reipublicae,
1581 1753 1665 1780 non
1687 1746 1787 1780 tunc

212 1809 371 1857 haberi,
394 1821 487 1848 cum
510 1820 607 1860 pars
630 1812 791 1846 tantum
813 1806 963 1845 civium
986 1805 1140 1846 divitiis
1161 1805 1358 1853 abundat,
1379 1805 1508 1844 altera
1530 1816 1628 1843 vero
1650 1803 1793 1856 inopia

213 1877 424 1930 premitur:
455 1875 495 1913 in
525 1875 606 1914 hoc
637 1873 747 1912 enim
777 1872 914 1925 potius
945 1872 1135 1924 tyrannis
1166 1872 1371 1923 quaedam
1394 1870 1685 1910 aristocratica
1708 1883 1796 1910 cer-

210 1945 342 1992 nitur,
374 1943 448 1982 sed
478 1948 577 1981 tunc
607 1953 756 1980 revera
787 1940 1008 1988 exsistere,
1043 1952 1137 1978 cum
1169 1938 1260 1978 sine
1290 1938 1414 1977 ullius
1446 1937 1597 1976 iniuria
1627 1936 1796 1976 divitiae

209 2011 251 2050 in
286 2010 438 2049 multos
470 2007 765 2048 diffunduntur.
798 2006 914 2052 Quae
954 2018 1057 2045 sane
1089 2005 1253 2044 diffusio
1285 2018 1368 2044 non
1399 2004 1458 2043 sic
1489 2004 1676 2057 urgenda
1707 2009 1793 2050 est,

215 2084 257 2117 ut
287 2078 350 2117 ius
380 2074 645 2128 proprietatis
675 2074 784 2126 quod
813 2087 838 2112 a
869 2080 1021 2112 natura
1051 2072 1262 2125 procedit,
1294 2072 1379 2111 ulla
1409 2071 1571 2111 ratione
1601 2072 1792 2111 laedatur

213 2148 285 2181 aut
315 2141 469 2180 iniusto
491 2139 619 2179 limite
650 2144 898 2179 coarctetur.
931 2139 1063 2176 Immo
1094 2150 1194 2189 prae
1225 2136 1357 2176 oculis
1385 2136 1623 2176 habendum
1646 2141 1721 2184 est,
1744 2148 1795 2176 ne

214 2205 448 2259 proprietas
478 2203 602 2242 nimis
632 2202 866 2243 minutatim
890 2207 1004 2242 secta
1035 2200 1297 2257 dissipationi
1326 2201 1462 2253 potius
1483 2200 1738 2241 assimiletur
1756 2205 1796 2238 et

212 2271 371 2311 sociale
403 2283 556 2322 corpus
586 2278 768 2308 enervet.
801 2268 989 2320 Denique
1011 2266 1202 2307 suavitas
1234 2266 1345 2306 vitae
1374 2266 1705 2306 mediocritatem
1727 2264 1800 2305 ali-

211 2350 335 2388 quam
366 2335 443 2374 sibi
474 2334 686 2382 vindicat,
718 2346 824 2385 quae
856 2331 1018 2372 virtutis
1050 2331 1217 2384 propria
1249 2337 1336 2380 est,
1368 2344 1518 2383 nempe
1549 2337 1592 2370 ut
1623 2344 1648 2370 a
1668 2344 1794 2383 prae-

208 2402 363 2452 scripto
394 2399 567 2440 rationis
596 2398 658 2438 sic
688 2404 960 2450 temperetur,
993 2403 1036 2436 ut
1068 2397 1189 2436 bonis
1220 2396 1406 2436 moribus
1437 2410 1521 2436 non
1553 2401 1720 2436 noceat.
1752 2396 1796 2435 Si

213 2465 324 2504 enim
356 2477 537 2504 excessu
569 2476 646 2503 suo
668 2462 832 2502 animos
864 2461 1045 2501 emolliat
1077 2468 1115 2501 et
1138 2461 1363 2502 sensilibus
1395 2461 1676 2513 voluptatibus
1696 2459 1794 2499 affi-

208 2537 292 2583 gat,
324 2531 376 2568 ad
397 2529 693 2582 perfectionem
717 2528 917 2568 socialem
946 2527 1156 2580 pertinere
1180 2540 1263 2567 non
1286 2516 1446 2579 poterit:
1471 2527 1676 2580 siquidem
1698 2527 1796 2566 finis

211 2593 381 2634 socialis
412 2594 453 2631 in
483 2593 627 2632 ordine
658 2592 806 2632 morali
837 2592 1082 2644 praesertim
1113 2592 1219 2632 situs
1256 2599 1345 2640 est,
1392 2593 1444 2631 ad
1465 2604 1587 2644 quem
1623 2590 1796 2642 proinde

211 2660 475 2701 referendum
498 2666 560 2700 est
590 2659 787 2712 quidquid
818 2659 1064 2699 societatem
1086 2659 1246 2699 attinet.

266 2726 353 2764 113.
383 2725 497 2765 Bona
527 2724 778 2776 spiritualia.
819 2723 1067 2763 Huiusmodi
1099 2723 1211 2763 bona
1254 2724 1307 2763 ad
1335 2724 1554 2763 scientiam
1593 2730 1633 2764 et
1663 2723 1795 2763 virtu-

208 2797 293 2831 tem
326 2799 591 2838 revocantur,
624 2803 675 2830 ex
699 2791 850 2843 quibus
879 2790 1069 2843 proxime
1100 2790 1200 2829 ordo
1222 2789 1393 2829 moralis
1424 2790 1624 2842 exsurgit.
1657 2790 1796 2836 Quare

211 2858 264 2897 ad
284 2870 334 2896 ea
351 2857 615 2909 potissimum
636 2857 679 2895 in
700 2857 862 2897 civibus
880 2870 929 2896 ac
951 2857 992 2895 in
1015 2863 1103 2897 tota
1122 2854 1337 2908 republica
1357 2856 1657 2907 promovenda,
1674 2856 1797 2896 bene·
1837 2889 1846 2901 .

215 2923 298 2962 fica
315 2922 583 2962 auctoritatis
595 2921 704 2962 actio
717 2921 959 2961 incumbere
978 2920 1110 2969 debet,
1129 2919 1188 2961 ita
1203 2925 1355 2968 tamen,
1369 2925 1411 2959 ut
1427 2919 1616 2973 proprios
1631 2919 1794 2967 limites,
