<?xml version="1.0" encoding="UTF-8"?>
<!DOCTYPE html PUBLIC "-//W3C//DTD XHTML 1.0 Transitional//EN"
    "http://www.w3.org/TR/xhtml1/DTD/xhtml1-transitional.dtd">
<html xmlns="http://www.w3.org/1999/xhtml" xml:lang="en" lang="en">
 <head>
  <title>
</title>
<meta http-equiv="Content-Type" content="text/html;charset=utf-8" />
  <meta name='ocr-system' content='tesseract 3.04.00' />
  <meta name='ocr-capabilities' content='ocr_page ocr_carea ocr_par ocr_line ocrx_word'/>
</head>
<body>
  <div class='ocr_page' id='page_1' title='image "./institutioneseth00libe_0059.png"; bbox 0 0 1970 3203; ppageno 0'>
   <div class='ocr_carea' id='block_1_1' title="bbox 217 173 1704 212">
    <p class='ocr_par' dir='ltr' id='par_1_1' title="bbox 217 173 1704 212">
     <span class='ocr_line' id='line_1_1' title="bbox 217 173 1704 212; baseline -0.001 0"><span class='ocrx_word' id='word_1_1' title='bbox 217 185 353 212; x_wconf 86' lang='lat' dir='ltr'><strong>CAPUT</strong></span> <span class='ocrx_word' id='word_1_2' title='bbox 382 184 421 210; x_wconf 89' lang='lat'>11.</span> <span class='ocrx_word' id='word_1_3' title='bbox 450 183 503 210; x_wconf 88' lang='lat' dir='ltr'>DE</span> <span class='ocrx_word' id='word_1_4' title='bbox 532 182 796 210; x_wconf 85' lang='lat' dir='ltr'>OPERATIONE</span> <span class='ocrx_word' id='word_1_5' title='bbox 812 184 990 210; x_wconf 85' lang='lat' dir='ltr'><strong>HUMANA</strong></span> <span class='ocrx_word' id='word_1_6' title='bbox 1011 183 1152 210; x_wconf 79' lang='lat' dir='ltr'>PROUT</span> <span class='ocrx_word' id='word_1_7' title='bbox 1172 183 1416 210; x_wconf 83' lang='lat' dir='ltr'>ORDINATUR.</span> <span class='ocrx_word' id='word_1_8' title='bbox 1435 184 1477 210; x_wconf 90' lang='lat' dir='ltr'>IN</span> <span class='ocrx_word' id='word_1_9' title='bbox 1499 184 1626 210; x_wconf 79' lang='lat' dir='ltr'>FINEM</span> <span class='ocrx_word' id='word_1_10' title='bbox 1655 173 1704 210; x_wconf 77' lang='grc'>55</span> 
     </span>
    </p>
   </div>
   <div class='ocr_carea' id='block_1_2' title="bbox 128 259 1710 2906">
    <p class='ocr_par' dir='ltr' id='par_1_2' title="bbox 128 259 1704 826">
     <span class='ocr_line' id='line_1_2' title="bbox 136 259 1704 313; baseline 0 -13"><span class='ocrx_word' id='word_1_11' title='bbox 136 262 232 302; x_wconf 89' lang='lat' dir='ltr'>licet</span> <span class='ocrx_word' id='word_1_12' title='bbox 260 274 286 300; x_wconf 91' lang='lat' dir='ltr'>a</span> <span class='ocrx_word' id='word_1_13' title='bbox 313 261 525 300; x_wconf 84' lang='lat' dir='ltr'>voluntate</span> <span class='ocrx_word' id='word_1_14' title='bbox 553 261 712 299; x_wconf 87' lang='lat' dir='ltr'>moveri</span> <span class='ocrx_word' id='word_1_15' title='bbox 742 259 930 307; x_wconf 89' lang='lat' dir='ltr'>debeant,</span> <span class='ocrx_word' id='word_1_16' title='bbox 960 267 1100 301; x_wconf 89' lang='lat' dir='ltr'>tamen</span> <span class='ocrx_word' id='word_1_17' title='bbox 1129 261 1374 313; x_wconf 81' lang='lat' dir='ltr'>quandoque</span> <span class='ocrx_word' id='word_1_18' title='bbox 1394 260 1446 300; x_wconf 88' lang='lat' dir='ltr'>ab</span> <span class='ocrx_word' id='word_1_19' title='bbox 1468 266 1642 300; x_wconf 78' lang='lat' dir='ltr'>externa</span> <span class='ocrx_word' id='word_1_20' title='bbox 1663 262 1704 300; x_wconf 87' lang='lat' dir='ltr'>vi</span> 
     </span>
     <span class='ocr_line' id='line_1_3' title="bbox 136 323 1700 375; baseline -0.002 -10"><span class='ocrx_word' id='word_1_21' title='bbox 136 325 190 365; x_wconf 87' lang='lat' dir='ltr'>ad</span> <span class='ocrx_word' id='word_1_22' title='bbox 218 332 356 365; x_wconf 83' lang='lat' dir='ltr'>actum</span> <span class='ocrx_word' id='word_1_23' title='bbox 386 323 682 371; x_wconf 87' lang='lat' dir='ltr'>inflectuntur;</span> <span class='ocrx_word' id='word_1_24' title='bbox 713 323 865 374; x_wconf 90' lang='lat' dir='ltr'>optime</span> <span class='ocrx_word' id='word_1_25' title='bbox 895 324 1126 363; x_wconf 76' lang='lat' dir='ltr'>consistere</span> <span class='ocrx_word' id='word_1_26' title='bbox 1153 329 1328 375; x_wconf 77' lang='lat' dir='ltr'>possunt</span> <span class='ocrx_word' id='word_1_27' title='bbox 1367 337 1460 363; x_wconf 90' lang='lat' dir='ltr'>cum</span> <span class='ocrx_word' id='word_1_28' title='bbox 1491 324 1700 363; x_wconf 88' lang='lat' dir='ltr'>contrario</span> 
     </span>
     <span class='ocr_line' id='line_1_4' title="bbox 134 388 1696 442; baseline -0.001 -12"><span class='ocrx_word' id='word_1_29' title='bbox 134 388 358 430; x_wconf 85' lang='lat' dir='ltr'>voluntatis</span> <span class='ocrx_word' id='word_1_30' title='bbox 387 388 570 440; x_wconf 85' lang='lat' dir='ltr'>irnperio.</span> <span class='ocrx_word' id='word_1_31' title='bbox 603 388 740 434; x_wconf 81' lang='lat' dir='ltr'>Quare</span> <span class='ocrx_word' id='word_1_32' title='bbox 760 421 769 436; x_wconf 96' lang='lat'>,</span> <span class='ocrx_word' id='word_1_33' title='bbox 799 395 920 440; x_wconf 90' lang='lat' dir='ltr'>prout</span> <span class='ocrx_word' id='word_1_34' title='bbox 948 396 1140 441; x_wconf 88' lang='lat' dir='ltr'>respectu</span> <span class='ocrx_word' id='word_1_35' title='bbox 1169 390 1394 430; x_wconf 86' lang='lat' dir='ltr'>voluntatis</span> <span class='ocrx_word' id='word_1_36' title='bbox 1424 396 1665 442; x_wconf 71' lang='lat' dir='ltr'>spectantur</span> <span class='ocrx_word' id='word_1_37' title='bbox 1688 422 1696 437; x_wconf 90' lang='lat'>,</span> 
     </span>
     <span class='ocr_line' id='line_1_5' title="bbox 128 454 1696 508; baseline 0 -13"><span class='ocrx_word' id='word_1_38' title='bbox 128 454 299 496; x_wconf 87' lang='lat' dir='ltr'>violenti</span> <span class='ocrx_word' id='word_1_39' title='bbox 332 454 493 494; x_wconf 87' lang='lat' dir='ltr'>dicendi</span> <span class='ocrx_word' id='word_1_40' title='bbox 524 460 640 502; x_wconf 88' lang='lat' dir='ltr'>sunt,</span> <span class='ocrx_word' id='word_1_41' title='bbox 670 467 753 493; x_wconf 89' lang='lat' dir='ltr'>non</span> <span class='ocrx_word' id='word_1_42' title='bbox 783 460 988 506; x_wconf 85' lang='lat' dir='ltr'>quatenus</span> <span class='ocrx_word' id='word_1_43' title='bbox 1019 455 1312 495; x_wconf 87' lang='lat' dir='ltr'>consideratur</span> <span class='ocrx_word' id='word_1_44' title='bbox 1340 455 1530 504; x_wconf 78' lang='lat' dir='ltr'>facultas,</span> <span class='ocrx_word' id='word_1_45' title='bbox 1562 470 1586 495; x_wconf 91' lang='lat' dir='ltr'>a</span> <span class='ocrx_word' id='word_1_46' title='bbox 1615 469 1696 508; x_wconf 86' lang='lat' dir='ltr'>qua</span> 
     </span>
     <span class='ocr_line' id='line_1_6' title="bbox 131 518 1697 572; baseline 0 -14"><span class='ocrx_word' id='word_1_47' title='bbox 131 518 368 558; x_wconf 76' lang='lat' dir='ltr'>immediate</span> <span class='ocrx_word' id='word_1_48' title='bbox 398 518 637 569; x_wconf 84' lang='lat' dir='ltr'>procedunt,</span> <span class='ocrx_word' id='word_1_49' title='bbox 669 518 742 557; x_wconf 88' lang='lat' dir='ltr'>sed</span> <span class='ocrx_word' id='word_1_50' title='bbox 762 523 966 570; x_wconf 88' lang='lat' dir='ltr'>quatenus</span> <span class='ocrx_word' id='word_1_51' title='bbox 989 518 1277 558; x_wconf 78' lang='lat' dir='ltr'>consideratur</span> <span class='ocrx_word' id='word_1_52' title='bbox 1297 519 1556 572; x_wconf 90' lang='lat' dir='ltr'>principium,</span> <span class='ocrx_word' id='word_1_53' title='bbox 1579 519 1697 558; x_wconf 86' lang='lat' dir='ltr'>cuius</span> 
     </span>
     <span class='ocr_line' id='line_1_7' title="bbox 131 583 1696 637; baseline 0.001 -13"><span class='ocrx_word' id='word_1_54' title='bbox 131 584 326 637; x_wconf 76' lang='lat' dir='ltr'>potestati</span> <span class='ocrx_word' id='word_1_55' title='bbox 357 583 642 623; x_wconf 75' lang='lat' dir='ltr'>subiiciuntur.</span> <span class='ocrx_word' id='word_1_56' title='bbox 674 585 725 623; x_wconf 89' lang='lat' dir='ltr'>Et</span> <span class='ocrx_word' id='word_1_57' title='bbox 753 597 869 631; x_wconf 79' lang='lat' dir='ltr'>sane,</span> <span class='ocrx_word' id='word_1_58' title='bbox 901 583 941 622; x_wconf 93' lang='lat' dir='ltr'>in</span> <span class='ocrx_word' id='word_1_59' title='bbox 972 589 1133 624; x_wconf 87' lang='lat' dir='ltr'>tantum</span> <span class='ocrx_word' id='word_1_60' title='bbox 1164 584 1220 622; x_wconf 91' lang='lat' dir='ltr'>illi</span> <span class='ocrx_word' id='word_1_61' title='bbox 1250 592 1369 625; x_wconf 86' lang='lat' dir='ltr'>actus</span> <span class='ocrx_word' id='word_1_62' title='bbox 1391 586 1596 626; x_wconf 86' lang='lat' dir='ltr'>rationem</span> <span class='ocrx_word' id='word_1_63' title='bbox 1619 600 1696 626; x_wconf 80' lang='lat' dir='ltr'>vo-</span> 
     </span>
     <span class='ocr_line' id='line_1_8' title="bbox 132 647 1702 700; baseline 0.002 -14"><span class='ocrx_word' id='word_1_64' title='bbox 132 647 297 687; x_wconf 88' lang='lat' dir='ltr'>luntarii</span> <span class='ocrx_word' id='word_1_65' title='bbox 326 647 497 686; x_wconf 87' lang='lat' dir='ltr'>induere</span> <span class='ocrx_word' id='word_1_66' title='bbox 527 647 787 699; x_wconf 88' lang='lat' dir='ltr'>potuissent,</span> <span class='ocrx_word' id='word_1_67' title='bbox 817 647 858 686; x_wconf 91' lang='lat' dir='ltr'>in</span> <span class='ocrx_word' id='word_1_68' title='bbox 889 653 1090 700; x_wconf 88' lang='lat' dir='ltr'>quantum</span> <span class='ocrx_word' id='word_1_69' title='bbox 1121 661 1174 687; x_wconf 80' lang='lat' dir='ltr'>ex</span> <span class='ocrx_word' id='word_1_70' title='bbox 1203 649 1481 700; x_wconf 84' lang='lat' dir='ltr'>applicatione</span> <span class='ocrx_word' id='word_1_71' title='bbox 1517 656 1555 689; x_wconf 91' lang='lat' dir='ltr'>et</span> <span class='ocrx_word' id='word_1_72' title='bbox 1584 650 1702 689; x_wconf 88' lang='lat' dir='ltr'>iussu</span> 
     </span>
     <span class='ocr_line' id='line_1_9' title="bbox 133 711 1702 763; baseline 0 -12"><span class='ocrx_word' id='word_1_73' title='bbox 133 711 359 751; x_wconf 83' lang='lat' dir='ltr'>voluntatis</span> <span class='ocrx_word' id='word_1_74' title='bbox 387 711 703 763; x_wconf 87' lang='lat' dir='ltr'>processissent.</span> <span class='ocrx_word' id='word_1_75' title='bbox 733 712 780 751; x_wconf 90' lang='lat' dir='ltr'>Id</span> <span class='ocrx_word' id='word_1_76' title='bbox 809 716 946 750; x_wconf 91' lang='lat' dir='ltr'>autem</span> <span class='ocrx_word' id='word_1_77' title='bbox 975 711 1016 749; x_wconf 90' lang='lat' dir='ltr'>in</span> <span class='ocrx_word' id='word_1_78' title='bbox 1047 724 1149 750; x_wconf 88' lang='lat' dir='ltr'>casu</span> <span class='ocrx_word' id='word_1_79' title='bbox 1179 725 1261 751; x_wconf 88' lang='lat' dir='ltr'>non</span> <span class='ocrx_word' id='word_1_80' title='bbox 1291 712 1462 760; x_wconf 90' lang='lat' dir='ltr'>obtinet,</span> <span class='ocrx_word' id='word_1_81' title='bbox 1495 714 1567 753; x_wconf 89' lang='lat' dir='ltr'>sed</span> <span class='ocrx_word' id='word_1_82' title='bbox 1598 726 1702 753; x_wconf 88' lang='lat' dir='ltr'>con—</span> 
     </span>
     <span class='ocr_line' id='line_1_10' title="bbox 134 774 700 826; baseline 0 -12"><span class='ocrx_word' id='word_1_83' title='bbox 134 774 305 814; x_wconf 87' lang='lat' dir='ltr'>trarium</span> <span class='ocrx_word' id='word_1_84' title='bbox 336 787 506 826; x_wconf 88' lang='lat' dir='ltr'>prorsus</span> <span class='ocrx_word' id='word_1_85' title='bbox 536 775 700 816; x_wconf 87' lang='lat' dir='ltr'>accidit.</span> 
     </span>
    </p>

    <p class='ocr_par' dir='ltr' id='par_1_3' title="bbox 134 840 1706 1153">
     <span class='ocr_line' id='line_1_11' title="bbox 186 840 1703 892; baseline 0.002 -14"><span class='ocrx_word' id='word_1_86' title='bbox 186 840 368 879; x_wconf 86' lang='lat' dir='ltr'>Adverte</span> <span class='ocrx_word' id='word_1_87' title='bbox 396 846 535 879; x_wconf 85' lang='lat' dir='ltr'>tamen</span> <span class='ocrx_word' id='word_1_88' title='bbox 565 840 675 892; x_wconf 90' lang='lat' dir='ltr'>quod</span> <span class='ocrx_word' id='word_1_89' title='bbox 703 846 745 880; x_wconf 88' lang='lat' dir='ltr'>ut</span> <span class='ocrx_word' id='word_1_90' title='bbox 774 846 894 880; x_wconf 87' lang='lat' dir='ltr'>actus</span> <span class='ocrx_word' id='word_1_91' title='bbox 923 840 1159 881; x_wconf 88' lang='lat' dir='ltr'>huiusmodi</span> <span class='ocrx_word' id='word_1_92' title='bbox 1189 854 1287 881; x_wconf 87' lang='lat' dir='ltr'>vere</span> <span class='ocrx_word' id='word_1_93' title='bbox 1318 842 1398 880; x_wconf 91' lang='lat' dir='ltr'>sint</span> <span class='ocrx_word' id='word_1_94' title='bbox 1418 842 1703 889; x_wconf 83' lang='lat' dir='ltr'>involuntarii‚</span> 
     </span>
     <span class='ocr_line' id='line_1_12' title="bbox 135 906 1706 958; baseline 0.001 -13"><span class='ocrx_word' id='word_1_95' title='bbox 135 919 312 945; x_wconf 90' lang='lat' dir='ltr'>necesse</span> <span class='ocrx_word' id='word_1_96' title='bbox 342 911 403 946; x_wconf 94' lang='lat' dir='ltr'>est</span> <span class='ocrx_word' id='word_1_97' title='bbox 423 912 465 945; x_wconf 89' lang='lat' dir='ltr'>ut</span> <span class='ocrx_word' id='word_1_98' title='bbox 485 906 690 954; x_wconf 83' lang='lat' dir='ltr'>voluntas,</span> <span class='ocrx_word' id='word_1_99' title='bbox 711 913 908 958; x_wconf 88' lang='lat' dir='ltr'>quantum</span> <span class='ocrx_word' id='word_1_100' title='bbox 927 912 1076 958; x_wconf 88' lang='lat' dir='ltr'>potest,</span> <span class='ocrx_word' id='word_1_101' title='bbox 1098 912 1194 946; x_wconf 86' lang='lat' dir='ltr'>actu</span> <span class='ocrx_word' id='word_1_102' title='bbox 1216 907 1400 947; x_wconf 90' lang='lat' dir='ltr'>obsistat.</span> <span class='ocrx_word' id='word_1_103' title='bbox 1419 908 1552 948; x_wconf 85' lang='lat' dir='ltr'>Secus</span> <span class='ocrx_word' id='word_1_104' title='bbox 1570 908 1706 947; x_wconf 92' lang='lat' dir='ltr'>subie-</span> 
     </span>
     <span class='ocr_line' id='line_1_13' title="bbox 136 969 1704 1022; baseline 0 -13"><span class='ocrx_word' id='word_1_105' title='bbox 136 975 245 1009; x_wconf 90' lang='lat' dir='ltr'>ctum</span> <span class='ocrx_word' id='word_1_106' title='bbox 274 982 357 1008; x_wconf 90' lang='lat' dir='ltr'>non</span> <span class='ocrx_word' id='word_1_107' title='bbox 389 975 500 1009; x_wconf 89' lang='lat' dir='ltr'>esset</span> <span class='ocrx_word' id='word_1_108' title='bbox 529 969 713 1009; x_wconf 86' lang='lat' dir='ltr'>renitens</span> <span class='ocrx_word' id='word_1_109' title='bbox 733 1002 742 1017; x_wconf 95' lang='lat'>,</span> <span class='ocrx_word' id='word_1_110' title='bbox 773 970 1121 1022; x_wconf 83' lang='lat' dir='ltr'>quemadmodum</span> <span class='ocrx_word' id='word_1_111' title='bbox 1152 970 1372 1022; x_wconf 84' lang='lat' dir='ltr'>requiritur</span> <span class='ocrx_word' id='word_1_112' title='bbox 1412 970 1464 1009; x_wconf 89' lang='lat' dir='ltr'>ad</span> <span class='ocrx_word' id='word_1_113' title='bbox 1494 970 1704 1009; x_wconf 88' lang='lat' dir='ltr'>notionem</span> 
     </span>
     <span class='ocr_line' id='line_1_14' title="bbox 136 1035 1699 1087; baseline -0.001 -12"><span class='ocrx_word' id='word_1_114' title='bbox 136 1035 370 1083; x_wconf 88' lang='lat' dir='ltr'>violentiae,</span> <span class='ocrx_word' id='word_1_115' title='bbox 401 1035 475 1075; x_wconf 88' lang='lat' dir='ltr'>sed</span> <span class='ocrx_word' id='word_1_116' title='bbox 505 1035 657 1087; x_wconf 86' lang='lat' dir='ltr'>aliquid</span> <span class='ocrx_word' id='word_1_117' title='bbox 686 1037 796 1074; x_wconf 87' lang='lat' dir='ltr'>actui</span> <span class='ocrx_word' id='word_1_118' title='bbox 826 1035 1043 1083; x_wconf 84' lang='lat' dir='ltr'>conferret,</span> <span class='ocrx_word' id='word_1_119' title='bbox 1074 1035 1264 1074; x_wconf 87' lang='lat' dir='ltr'>nimirum</span> <span class='ocrx_word' id='word_1_120' title='bbox 1295 1036 1521 1087; x_wconf 87' lang='lat' dir='ltr'>potentiam</span> <span class='ocrx_word' id='word_1_121' title='bbox 1551 1036 1699 1075; x_wconf 85' lang='lat' dir='ltr'>saltem</span> 
     </span>
     <span class='ocr_line' id='line_1_15' title="bbox 134 1100 1272 1153; baseline 0 -13"><span class='ocrx_word' id='word_1_122' title='bbox 134 1101 362 1153; x_wconf 85' lang='lat' dir='ltr'>passivam,</span> <span class='ocrx_word' id='word_1_123' title='bbox 392 1100 434 1139; x_wconf 89' lang='lat' dir='ltr'>in</span> <span class='ocrx_word' id='word_1_124' title='bbox 465 1114 546 1153; x_wconf 90' lang='lat' dir='ltr'>qua</span> <span class='ocrx_word' id='word_1_125' title='bbox 575 1101 703 1141; x_wconf 84' lang='lat' dir='ltr'>motio</span> <span class='ocrx_word' id='word_1_126' title='bbox 734 1101 803 1140; x_wconf 91' lang='lat' dir='ltr'>illa</span> <span class='ocrx_word' id='word_1_127' title='bbox 833 1107 1007 1141; x_wconf 83' lang='lat' dir='ltr'>externa</span> <span class='ocrx_word' id='word_1_128' title='bbox 1036 1101 1272 1152; x_wconf 82' lang='lat' dir='ltr'>recipiatur:</span> 
     </span>
    </p>

    <p class='ocr_par' dir='ltr' id='par_1_4' title="bbox 138 1165 1706 1282">
     <span class='ocr_line' id='line_1_16' title="bbox 188 1165 1706 1217; baseline -0.001 -13"><span class='ocrx_word' id='word_1_129' title='bbox 188 1166 249 1205; x_wconf 80' lang='lat'>47.</span> <span class='ocrx_word' id='word_1_130' title='bbox 283 1165 538 1204; x_wconf 75' lang='lat' dir='ltr'>PRoposmo</span> <span class='ocrx_word' id='word_1_131' title='bbox 568 1166 624 1203; x_wconf 65' lang='lat'>4³.</span> <span class='ocrx_word' id='word_1_132' title='bbox 660 1165 1033 1217; x_wconf 70' lang='lat' dir='ltr'>Concupiscentia,</span> <span class='ocrx_word' id='word_1_133' title='bbox 1065 1166 1103 1204; x_wconf 70' lang='lat' dir='ltr'>si</span> <span class='ocrx_word' id='word_1_134' title='bbox 1132 1168 1192 1204; x_wconf 72' lang='lat' dir='ltr'>est</span> <span class='ocrx_word' id='word_1_135' title='bbox 1221 1165 1391 1204; x_wconf 77' lang='lat' dir='ltr'>omnino</span> <span class='ocrx_word' id='word_1_136' title='bbox 1422 1165 1670 1204; x_wconf 74' lang='lat' dir='ltr'>antecedens</span> <span class='ocrx_word' id='word_1_137' title='bbox 1697 1196 1706 1212; x_wconf 93' lang='lat'>,</span> 
     </span>
     <span class='ocr_line' id='line_1_17' title="bbox 138 1230 1111 1282; baseline 0 -13"><span class='ocrx_word' id='word_1_138' title='bbox 138 1233 266 1282; x_wconf 71' lang='lat' dir='ltr'>auyct</span> <span class='ocrx_word' id='word_1_139' title='bbox 295 1230 601 1278; x_wconf 72' lang='lat' dir='ltr'>voluntarium,</span> <span class='ocrx_word' id='word_1_140' title='bbox 632 1230 706 1269; x_wconf 76' lang='lat' dir='ltr'>scd</span> <span class='ocrx_word' id='word_1_141' title='bbox 734 1231 892 1268; x_wconf 69' lang='lat' dir='ltr'>minuit</span> <span class='ocrx_word' id='word_1_142' title='bbox 921 1230 1111 1270; x_wconf 64' lang='lat' dir='ltr'>liberum.</span> 
     </span>
    </p>

    <p class='ocr_par' dir='ltr' id='par_1_5' title="bbox 137 1295 1707 1545">
     <span class='ocr_line' id='line_1_18' title="bbox 189 1295 1703 1349; baseline -0.001 -15"><span class='ocrx_word' id='word_1_143' title='bbox 189 1296 311 1335; x_wconf 90' lang='lat' dir='ltr'>Prob.</span> <span class='ocrx_word' id='word_1_144' title='bbox 343 1295 477 1348; x_wconf 89' lang='lat' dir='ltr'>prima</span> <span class='ocrx_word' id='word_1_145' title='bbox 505 1309 613 1347; x_wconf 83' lang='lat' dir='ltr'>pars.</span> <span class='ocrx_word' id='word_1_146' title='bbox 645 1296 933 1335; x_wconf 87' lang='lat' dir='ltr'>Voluntarium</span> <span class='ocrx_word' id='word_1_147' title='bbox 963 1296 1109 1335; x_wconf 90' lang='lat' dir='ltr'>dicitur</span> <span class='ocrx_word' id='word_1_148' title='bbox 1139 1309 1191 1336; x_wconf 82' lang='lat' dir='ltr'>ex</span> <span class='ocrx_word' id='word_1_149' title='bbox 1221 1297 1302 1335; x_wconf 91' lang='lat' dir='ltr'>hoc</span> <span class='ocrx_word' id='word_1_150' title='bbox 1320 1330 1330 1343; x_wconf 90' lang='lat'>,</span> <span class='ocrx_word' id='word_1_151' title='bbox 1362 1297 1469 1349; x_wconf 90' lang='lat' dir='ltr'>quod</span> <span class='ocrx_word' id='word_1_152' title='bbox 1498 1296 1538 1334; x_wconf 90' lang='lat' dir='ltr'>in</span> <span class='ocrx_word' id='word_1_153' title='bbox 1568 1296 1703 1347; x_wconf 85' lang='lat' dir='ltr'>ipsum</span> 
     </span>
     <span class='ocr_line' id='line_1_19' title="bbox 137 1362 1704 1413; baseline -0.001 -12"><span class='ocrx_word' id='word_1_154' title='bbox 137 1362 265 1401; x_wconf 86' lang='lat' dir='ltr'>fertur</span> <span class='ocrx_word' id='word_1_155' title='bbox 293 1363 498 1402; x_wconf 89' lang='lat' dir='ltr'>voluntas.</span> <span class='ocrx_word' id='word_1_156' title='bbox 529 1362 652 1413; x_wconf 88' lang='lat' dir='ltr'>Atqui</span> <span class='ocrx_word' id='word_1_157' title='bbox 682 1362 1023 1413; x_wconf 85' lang='lat' dir='ltr'>concupiscentia</span> <span class='ocrx_word' id='word_1_158' title='bbox 1052 1362 1258 1402; x_wconf 81' lang='lat' dir='ltr'>illecebris</span> <span class='ocrx_word' id='word_1_159' title='bbox 1286 1362 1372 1402; x_wconf 85' lang='lat' dir='ltr'>suis</span> <span class='ocrx_word' id='word_1_160' title='bbox 1402 1363 1513 1401; x_wconf 90' lang='lat' dir='ltr'>hunc</span> <span class='ocrx_word' id='word_1_161' title='bbox 1549 1367 1704 1402; x_wconf 84' lang='lat' dir='ltr'>motum</span> 
     </span>
     <span class='ocr_line' id='line_1_20' title="bbox 138 1426 1707 1479; baseline -0.001 -14"><span class='ocrx_word' id='word_1_162' title='bbox 138 1427 363 1467; x_wconf 86' lang='lat' dir='ltr'>voluntatis</span> <span class='ocrx_word' id='word_1_163' title='bbox 392 1433 528 1479; x_wconf 78' lang='lat' dir='ltr'>auget.</span> <span class='ocrx_word' id='word_1_164' title='bbox 561 1428 684 1478; x_wconf 82' lang='lat' dir='ltr'>Ergo,</span> <span class='ocrx_word' id='word_1_165' title='bbox 715 1426 749 1465; x_wconf 90' lang='lat' dir='ltr'>si</span> <span class='ocrx_word' id='word_1_166' title='bbox 780 1427 1058 1465; x_wconf 85' lang='lat' dir='ltr'>voluntarium</span> <span class='ocrx_word' id='word_1_167' title='bbox 1089 1428 1374 1467; x_wconf 86' lang='lat' dir='ltr'>consideretur</span> <span class='ocrx_word' id='word_1_168' title='bbox 1400 1441 1453 1467; x_wconf 79' lang='lat' dir='ltr'>ex</span> <span class='ocrx_word' id='word_1_169' title='bbox 1474 1435 1589 1479; x_wconf 89' lang='lat' dir='ltr'>parte</span> <span class='ocrx_word' id='word_1_170' title='bbox 1612 1433 1707 1466; x_wconf 85' lang='lat' dir='ltr'>ten-</span> 
     </span>
     <span class='ocr_line' id='line_1_21' title="bbox 140 1492 1579 1545; baseline -0.001 -12"><span class='ocrx_word' id='word_1_171' title='bbox 140 1494 303 1534; x_wconf 89' lang='lat' dir='ltr'>dentiae</span> <span class='ocrx_word' id='word_1_172' title='bbox 333 1492 559 1532; x_wconf 78' lang='lat' dir='ltr'>voluntatis</span> <span class='ocrx_word' id='word_1_173' title='bbox 588 1492 629 1531; x_wconf 90' lang='lat' dir='ltr'>in</span> <span class='ocrx_word' id='word_1_174' title='bbox 659 1492 863 1533; x_wconf 89' lang='lat' dir='ltr'>obiectum</span> <span class='ocrx_word' id='word_1_175' title='bbox 886 1525 895 1541; x_wconf 91' lang='lat'>,</span> <span class='ocrx_word' id='word_1_176' title='bbox 925 1498 1101 1544; x_wconf 76' lang='lat' dir='ltr'>augetur</span> <span class='ocrx_word' id='word_1_177' title='bbox 1133 1493 1171 1531; x_wconf 83' lang='lat' dir='ltr'>vi</span> <span class='ocrx_word' id='word_1_178' title='bbox 1201 1493 1579 1545; x_wconf 84' lang='lat' dir='ltr'>concupiscentiae.</span> 
     </span>
    </p>

    <p class='ocr_par' dir='ltr' id='par_1_6' title="bbox 137 1556 1710 1793">
     <span class='ocr_line' id='line_1_22' title="bbox 192 1556 1708 1609; baseline 0 -14"><span class='ocrx_word' id='word_1_179' title='bbox 192 1557 314 1596; x_wconf 91' lang='lat' dir='ltr'>Prob.</span> <span class='ocrx_word' id='word_1_180' title='bbox 328 1556 513 1596; x_wconf 91' lang='lat' dir='ltr'>secunda</span> <span class='ocrx_word' id='word_1_181' title='bbox 528 1569 637 1608; x_wconf 87' lang='lat' dir='ltr'>pars.</span> <span class='ocrx_word' id='word_1_182' title='bbox 654 1557 844 1596; x_wconf 88' lang='lat' dir='ltr'>Libertas</span> <span class='ocrx_word' id='word_1_183' title='bbox 860 1557 901 1595; x_wconf 93' lang='lat' dir='ltr'>in</span> <span class='ocrx_word' id='word_1_184' title='bbox 918 1557 1095 1609; x_wconf 86' lang='lat' dir='ltr'>quadam</span> <span class='ocrx_word' id='word_1_185' title='bbox 1112 1556 1389 1597; x_wconf 81' lang='lat' dir='ltr'>indifferentia</span> <span class='ocrx_word' id='word_1_186' title='bbox 1405 1557 1606 1596; x_wconf 89' lang='lat' dir='ltr'>consistit.</span> <span class='ocrx_word' id='word_1_187' title='bbox 1627 1556 1708 1595; x_wconf 85' lang='lat' dir='ltr'>Sed</span> 
     </span>
     <span class='ocr_line' id='line_1_23' title="bbox 140 1619 1705 1672; baseline -0.003 -11"><span class='ocrx_word' id='word_1_188' title='bbox 140 1620 480 1672; x_wconf 86' lang='lat' dir='ltr'>concupiscentia</span> <span class='ocrx_word' id='word_1_189' title='bbox 509 1620 774 1667; x_wconf 87' lang='lat' dir='ltr'>antecedens,</span> <span class='ocrx_word' id='word_1_190' title='bbox 804 1620 884 1659; x_wconf 86' lang='lat' dir='ltr'>hoc</span> <span class='ocrx_word' id='word_1_191' title='bbox 904 1620 994 1671; x_wconf 88' lang='lat' dir='ltr'>ipso</span> <span class='ocrx_word' id='word_1_192' title='bbox 1016 1620 1123 1672; x_wconf 85' lang='lat' dir='ltr'>quod</span> <span class='ocrx_word' id='word_1_193' title='bbox 1158 1621 1412 1660; x_wconf 85' lang='lat' dir='ltr'>voluntatem</span> <span class='ocrx_word' id='word_1_194' title='bbox 1439 1620 1480 1658; x_wconf 89' lang='lat' dir='ltr'>in</span> <span class='ocrx_word' id='word_1_195' title='bbox 1501 1619 1705 1659; x_wconf 87' lang='lat' dir='ltr'>obiectum</span> 
     </span>
     <span class='ocr_line' id='line_1_24' title="bbox 138 1684 1710 1738; baseline -0.003 -12"><span class='ocrx_word' id='word_1_196' title='bbox 138 1687 408 1727; x_wconf 85' lang='lat' dir='ltr'>vehementer</span> <span class='ocrx_word' id='word_1_197' title='bbox 421 1685 606 1734; x_wconf 91' lang='lat' dir='ltr'>inclinat,</span> <span class='ocrx_word' id='word_1_198' title='bbox 623 1685 943 1725; x_wconf 84' lang='lat' dir='ltr'>indifferentiam</span> <span class='ocrx_word' id='word_1_199' title='bbox 959 1685 1115 1724; x_wconf 84' lang='lat' dir='ltr'>minuit.</span> <span class='ocrx_word' id='word_1_200' title='bbox 1134 1687 1244 1738; x_wconf 80' lang='lat' dir='ltr'>Ergo</span> <span class='ocrx_word' id='word_1_201' title='bbox 1263 1699 1315 1725; x_wconf 81' lang='lat' dir='ltr'>ex</span> <span class='ocrx_word' id='word_1_202' title='bbox 1333 1686 1414 1725; x_wconf 89' lang='lat' dir='ltr'>hac</span> <span class='ocrx_word' id='word_1_203' title='bbox 1430 1692 1546 1737; x_wconf 88' lang='lat' dir='ltr'>parte</span> <span class='ocrx_word' id='word_1_204' title='bbox 1564 1684 1710 1723; x_wconf 88' lang='lat' dir='ltr'>minuit</span> 
     </span>
     <span class='ocr_line' id='line_1_25' title="bbox 137 1752 325 1793; baseline -0.016 0"><span class='ocrx_word' id='word_1_205' title='bbox 137 1752 325 1793; x_wconf 91' lang='lat' dir='ltr'>liberum.</span> 
     </span>
    </p>

    <p class='ocr_par' dir='ltr' id='par_1_7' title="bbox 142 1816 1706 1930">
     <span class='ocr_line' id='line_1_26' title="bbox 191 1816 1706 1869; baseline -0.004 -10"><span class='ocrx_word' id='word_1_206' title='bbox 191 1818 254 1860; x_wconf 76' lang='lat'>48.</span> <span class='ocrx_word' id='word_1_207' title='bbox 285 1818 537 1857; x_wconf 67' lang='lat' dir='ltr'>PssoroslTio</span> <span class='ocrx_word' id='word_1_208' title='bbox 567 1816 622 1855; x_wconf 65' lang='lat'>5³.</span> <span class='ocrx_word' id='word_1_209' title='bbox 659 1816 1008 1868; x_wconf 72' lang='lat' dir='ltr'>Concupiscentia</span> <span class='ocrx_word' id='word_1_210' title='bbox 1039 1829 1295 1869; x_wconf 72' lang='lat' dir='ltr'>consequens</span> <span class='ocrx_word' id='word_1_211' title='bbox 1326 1818 1387 1856; x_wconf 76' lang='lat' dir='ltr'>ita</span> <span class='ocrx_word' id='word_1_212' title='bbox 1408 1819 1538 1868; x_wconf 69' lang='lat' dir='ltr'>ctzcyct</span> <span class='ocrx_word' id='word_1_213' title='bbox 1565 1817 1706 1854; x_wconf 72' lang='lat' dir='ltr'>volun—</span> 
     </span>
     <span class='ocr_line' id='line_1_27' title="bbox 142 1881 940 1930; baseline -0.001 -8"><span class='ocrx_word' id='word_1_214' title='bbox 142 1883 329 1930; x_wconf 74' lang='lat' dir='ltr'>tarium,</span> <span class='ocrx_word' id='word_1_215' title='bbox 362 1884 408 1920; x_wconf 77' lang='grc' dir='ltr'>ιιί</span> <span class='ocrx_word' id='word_1_216' title='bbox 436 1895 520 1920; x_wconf 83' lang='lat' dir='ltr'>non</span> <span class='ocrx_word' id='word_1_217' title='bbox 551 1882 721 1920; x_wconf 73' lang='lat' dir='ltr'>minuat</span> <span class='ocrx_word' id='word_1_218' title='bbox 751 1881 940 1921; x_wconf 72' lang='lat' dir='ltr'>liberum.</span> 
     </span>
    </p>

    <p class='ocr_par' dir='ltr' id='par_1_8' title="bbox 140 1944 1709 2192">
     <span class='ocr_line' id='line_1_28' title="bbox 193 1944 1709 1997; baseline -0.002 -12"><span class='ocrx_word' id='word_1_219' title='bbox 193 1947 315 1986; x_wconf 86' lang='lat' dir='ltr'>Prob.</span> <span class='ocrx_word' id='word_1_220' title='bbox 347 1946 426 1992; x_wconf 80' lang='lat' dir='ltr'>Qui</span> <span class='ocrx_word' id='word_1_221' title='bbox 456 1947 542 1985; x_wconf 86' lang='lat' dir='ltr'>vult</span> <span class='ocrx_word' id='word_1_222' title='bbox 572 1959 756 1993; x_wconf 89' lang='lat' dir='ltr'>causam,</span> <span class='ocrx_word' id='word_1_223' title='bbox 787 1946 873 1984; x_wconf 83' lang='lat' dir='ltr'>vult</span> <span class='ocrx_word' id='word_1_224' title='bbox 903 1947 1107 1992; x_wconf 84' lang='lat' dir='ltr'>effectum.</span> <span class='ocrx_word' id='word_1_225' title='bbox 1139 1946 1251 1997; x_wconf 81' lang='lat' dir='ltr'>Ergo</span> <span class='ocrx_word' id='word_1_226' title='bbox 1281 1944 1511 1983; x_wconf 85' lang='lat' dir='ltr'>imminutio</span> <span class='ocrx_word' id='word_1_227' title='bbox 1541 1944 1612 1983; x_wconf 90' lang='lat' dir='ltr'>illa</span> <span class='ocrx_word' id='word_1_228' title='bbox 1637 1944 1709 1982; x_wconf 91' lang='lat' dir='ltr'>in-</span> 
     </span>
     <span class='ocr_line' id='line_1_29' title="bbox 140 2009 1708 2063; baseline -0.002 -11"><span class='ocrx_word' id='word_1_229' title='bbox 140 2011 396 2052; x_wconf 86' lang='lat' dir='ltr'>differentiae</span> <span class='ocrx_word' id='word_1_230' title='bbox 425 2019 464 2051; x_wconf 89' lang='lat' dir='ltr'>et</span> <span class='ocrx_word' id='word_1_231' title='bbox 493 2011 734 2063; x_wconf 89' lang='lat' dir='ltr'>aequilibrii‚</span> <span class='ocrx_word' id='word_1_232' title='bbox 764 2025 870 2063; x_wconf 82' lang='lat' dir='ltr'>quae</span> <span class='ocrx_word' id='word_1_233' title='bbox 899 2012 1086 2051; x_wconf 88' lang='lat' dir='ltr'>nascitur</span> <span class='ocrx_word' id='word_1_234' title='bbox 1106 2025 1157 2051; x_wconf 78' lang='lat' dir='ltr'>ex</span> <span class='ocrx_word' id='word_1_235' title='bbox 1178 2009 1519 2063; x_wconf 89' lang='lat' dir='ltr'>concupiscentia</span> <span class='ocrx_word' id='word_1_236' title='bbox 1555 2023 1708 2050; x_wconf 89' lang='lat' dir='ltr'>conse—</span> 
     </span>
     <span class='ocr_line' id='line_1_30' title="bbox 140 2073 1708 2128; baseline -0.003 -13"><span class='ocrx_word' id='word_1_237' title='bbox 140 2081 300 2128; x_wconf 85' lang='lat' dir='ltr'>quente,</span> <span class='ocrx_word' id='word_1_238' title='bbox 332 2089 426 2114; x_wconf 89' lang='lat' dir='ltr'>cum</span> <span class='ocrx_word' id='word_1_239' title='bbox 457 2088 509 2114; x_wconf 86' lang='lat' dir='ltr'>ex</span> <span class='ocrx_word' id='word_1_240' title='bbox 538 2074 627 2127; x_wconf 90' lang='lat' dir='ltr'>ipso</span> <span class='ocrx_word' id='word_1_241' title='bbox 656 2088 734 2115; x_wconf 89' lang='lat' dir='ltr'>usu</span> <span class='ocrx_word' id='word_1_242' title='bbox 753 2075 956 2116; x_wconf 86' lang='lat' dir='ltr'>libertatis</span> <span class='ocrx_word' id='word_1_243' title='bbox 977 2076 1186 2128; x_wconf 89' lang='lat' dir='ltr'>procedat,</span> <span class='ocrx_word' id='word_1_244' title='bbox 1207 2075 1294 2113; x_wconf 87' lang='lat' dir='ltr'>iure</span> <span class='ocrx_word' id='word_1_245' title='bbox 1315 2074 1543 2125; x_wconf 85' lang='lat' dir='ltr'>meritoque</span> <span class='ocrx_word' id='word_1_246' title='bbox 1565 2073 1708 2125; x_wconf 88' lang='lat' dir='ltr'>impu-</span> 
     </span>
     <span class='ocr_line' id='line_1_31' title="bbox 141 2138 1392 2192; baseline -0.002 -13"><span class='ocrx_word' id='word_1_247' title='bbox 141 2145 250 2181; x_wconf 85' lang='lat' dir='ltr'>tatur</span> <span class='ocrx_word' id='word_1_248' title='bbox 278 2140 431 2192; x_wconf 84' lang='lat' dir='ltr'>agenti;</span> <span class='ocrx_word' id='word_1_249' title='bbox 462 2145 581 2191; x_wconf 91' lang='lat' dir='ltr'>prout</span> <span class='ocrx_word' id='word_1_250' title='bbox 609 2139 734 2180; x_wconf 87' lang='lat' dir='ltr'>libere</span> <span class='ocrx_word' id='word_1_251' title='bbox 765 2152 810 2179; x_wconf 88' lang='lat' dir='ltr'>se</span> <span class='ocrx_word' id='word_1_252' title='bbox 841 2140 892 2179; x_wconf 89' lang='lat' dir='ltr'>ad</span> <span class='ocrx_word' id='word_1_253' title='bbox 923 2140 1178 2192; x_wconf 86' lang='lat' dir='ltr'>operandum</span> <span class='ocrx_word' id='word_1_254' title='bbox 1208 2138 1392 2178; x_wconf 88' lang='lat' dir='ltr'>inflectit.</span> 
     </span>
    </p>

    <p class='ocr_par' dir='ltr' id='par_1_9' title="bbox 128 2203 1706 2387">
     <span class='ocr_line' id='line_1_32' title="bbox 193 2203 1706 2257; baseline -0.003 -12"><span class='ocrx_word' id='word_1_255' title='bbox 193 2207 256 2246; x_wconf 85' lang='lat'>49.</span> <span class='ocrx_word' id='word_1_256' title='bbox 286 2207 544 2246; x_wconf 66' lang='lat' dir='ltr'>Paoposmo</span> <span class='ocrx_word' id='word_1_257' title='bbox 571 2205 629 2245; x_wconf 57' lang='lat'>6³.</span> <span class='ocrx_word' id='word_1_258' title='bbox 663 2205 782 2250; x_wconf 72' lang='lat' dir='ltr'>Quae</span> <span class='ocrx_word' id='word_1_259' title='bbox 812 2219 860 2245; x_wconf 72' lang='lat' dir='ltr'>cx</span> <span class='ocrx_word' id='word_1_260' title='bbox 890 2209 1000 2244; x_wconf 77' lang='lat' dir='ltr'>metu</span> <span class='ocrx_word' id='word_1_261' title='bbox 1025 2205 1150 2256; x_wconf 78' lang='lat' dir='ltr'>fiunt,</span> <span class='ocrx_word' id='word_1_262' title='bbox 1181 2217 1444 2257; x_wconf 75' lang='lat' dir='ltr'>quamquam</span> <span class='ocrx_word' id='word_1_263' title='bbox 1465 2203 1538 2243; x_wconf 74' lang='lat' dir='ltr'>suh</span> <span class='ocrx_word' id='word_1_264' title='bbox 1561 2203 1706 2255; x_wconf 73' lang='lat' dir='ltr'>aliquo</span> 
     </span>
     <span class='ocr_line' id='line_1_33' title="bbox 128 2268 1703 2323; baseline -0.003 -14"><span class='ocrx_word' id='word_1_265' title='bbox 128 2275 330 2323; x_wconf 68' lang='lat' dir='ltr'>respecta</span> <span class='ocrx_word' id='word_1_266' title='bbox 360 2271 654 2310; x_wconf 76' lang='lat' dir='ltr'>involuntaria</span> <span class='ocrx_word' id='word_1_267' title='bbox 674 2270 888 2318; x_wconf 66' lang='lat' dir='ltr'>dicantar,</span> <span class='ocrx_word' id='word_1_268' title='bbox 906 2275 1138 2322; x_wconf 73' lang='lat' dir='ltr'>propterca</span> <span class='ocrx_word' id='word_1_269' title='bbox 1159 2270 1284 2322; x_wconf 73' lang='lat' dir='ltr'>qaod,</span> <span class='ocrx_word' id='word_1_270' title='bbox 1309 2268 1393 2308; x_wconf 75' lang='lat' dir='ltr'>nisi</span> <span class='ocrx_word' id='word_1_271' title='bbox 1414 2270 1547 2307; x_wconf 68' lang='lat' dir='ltr'>metus</span> <span class='ocrx_word' id='word_1_272' title='bbox 1573 2281 1703 2319; x_wconf 65' lang='lat' dir='ltr'>aryc-</span> 
     </span>
     <span class='ocr_line' id='line_1_34' title="bbox 142 2331 1703 2387; baseline -0.003 -15"><span class='ocrx_word' id='word_1_273' title='bbox 142 2336 216 2382; x_wconf 65' lang='grc' dir='ltr'>νεῖ,</span> <span class='ocrx_word' id='word_1_274' title='bbox 239 2333 607 2385; x_wconf 71' lang='lat' dir='ltr'>minz&#39;mcficr‘cnt;</span> <span class='ocrx_word' id='word_1_275' title='bbox 632 2336 771 2372; x_wconf 77' lang='lat' dir='ltr'>tamen</span> <span class='ocrx_word' id='word_1_276' title='bbox 792 2334 980 2373; x_wconf 69' lang='lat' dir='ltr'>absolate</span> <span class='ocrx_word' id='word_1_277' title='bbox 1000 2336 1036 2374; x_wconf 79' lang='lat' dir='ltr'>ct</span> <span class='ocrx_word' id='word_1_278' title='bbox 1054 2334 1305 2387; x_wconf 72' lang='lat' dir='ltr'>simpliciter</span> <span class='ocrx_word' id='word_1_279' title='bbox 1319 2336 1422 2372; x_wconf 68' lang='lat' dir='ltr'>sunt</span> <span class='ocrx_word' id='word_1_280' title='bbox 1443 2331 1703 2370; x_wconf 74' lang='lat' dir='ltr'>voluntaria.</span> 
     </span>
    </p>

    <p class='ocr_par' dir='ltr' id='par_1_10' title="bbox 136 2395 1702 2906">
     <span class='ocr_line' id='line_1_35' title="bbox 194 2395 1702 2451; baseline -0.003 -14"><span class='ocrx_word' id='word_1_281' title='bbox 194 2398 315 2438; x_wconf 87' lang='lat' dir='ltr'>Proh.</span> <span class='ocrx_word' id='word_1_282' title='bbox 347 2398 462 2450; x_wconf 87' lang='lat' dir='ltr'>Opus</span> <span class='ocrx_word' id='word_1_283' title='bbox 492 2398 680 2438; x_wconf 85' lang='lat' dir='ltr'>absolute</span> <span class='ocrx_word' id='word_1_284' title='bbox 710 2404 750 2438; x_wconf 87' lang='lat' dir='ltr'>et</span> <span class='ocrx_word' id='word_1_285' title='bbox 778 2399 1020 2451; x_wconf 88' lang='lat' dir='ltr'>simpliciter</span> <span class='ocrx_word' id='word_1_286' title='bbox 1049 2397 1306 2438; x_wconf 87' lang='lat' dir='ltr'>considerari</span> <span class='ocrx_word' id='word_1_287' title='bbox 1329 2397 1449 2437; x_wconf 87' lang='lat' dir='ltr'>debet</span> <span class='ocrx_word' id='word_1_288' title='bbox 1475 2395 1702 2435; x_wconf 82' lang='lat' dir='ltr'>secundum</span> 
     </span>
     <span class='ocr_line' id='line_1_36' title="bbox 136 2460 1697 2519; baseline -0.003 -17"><span class='ocrx_word' id='word_1_289' title='bbox 136 2463 190 2512; x_wconf 90' lang='lat' dir='ltr'>id,</span> <span class='ocrx_word' id='word_1_290' title='bbox 219 2464 327 2516; x_wconf 90' lang='lat' dir='ltr'>quod</span> <span class='ocrx_word' id='word_1_291' title='bbox 347 2470 443 2503; x_wconf 89' lang='lat' dir='ltr'>actu</span> <span class='ocrx_word' id='word_1_292' title='bbox 465 2471 538 2512; x_wconf 90' lang='lat' dir='ltr'>est,</span> <span class='ocrx_word' id='word_1_293' title='bbox 559 2477 642 2503; x_wconf 92' lang='lat' dir='ltr'>non</span> <span class='ocrx_word' id='word_1_294' title='bbox 664 2477 762 2503; x_wconf 83' lang='lat' dir='ltr'>vero</span> <span class='ocrx_word' id='word_1_295' title='bbox 784 2464 1013 2504; x_wconf 88' lang='lat' dir='ltr'>secundum</span> <span class='ocrx_word' id='word_1_296' title='bbox 1032 2464 1085 2511; x_wconf 89' lang='lat' dir='ltr'>id,</span> <span class='ocrx_word' id='word_1_297' title='bbox 1107 2463 1216 2516; x_wconf 89' lang='lat' dir='ltr'>quod</span> <span class='ocrx_word' id='word_1_298' title='bbox 1236 2463 1341 2502; x_wconf 86' lang='lat' dir='ltr'>alias</span> <span class='ocrx_word' id='word_1_299' title='bbox 1363 2468 1474 2502; x_wconf 89' lang='lat' dir='ltr'>esset</span> <span class='ocrx_word' id='word_1_300' title='bbox 1494 2461 1535 2499; x_wconf 90' lang='lat' dir='ltr'>in</span> <span class='ocrx_word' id='word_1_301' title='bbox 1559 2460 1697 2519; x_wconf 81' lang='lat' dir='ltr'>diver-</span> 
     </span>
     <span class='ocr_line' id='line_1_37' title="bbox 138 2524 1698 2579; baseline -0.003 -13"><span class='ocrx_word' id='word_1_302' title='bbox 138 2526 197 2566; x_wconf 89' lang='lat' dir='ltr'>sis</span> <span class='ocrx_word' id='word_1_303' title='bbox 225 2541 363 2567; x_wconf 88' lang='lat' dir='ltr'>rerum</span> <span class='ocrx_word' id='word_1_304' title='bbox 393 2526 611 2566; x_wconf 88' lang='lat' dir='ltr'>adiunctis.</span> <span class='ocrx_word' id='word_1_305' title='bbox 641 2526 766 2579; x_wconf 90' lang='lat' dir='ltr'>Atqui</span> <span class='ocrx_word' id='word_1_306' title='bbox 795 2540 911 2579; x_wconf 84' lang='lat' dir='ltr'>opus,</span> <span class='ocrx_word' id='word_1_307' title='bbox 942 2539 995 2565; x_wconf 78' lang='lat' dir='ltr'>ex</span> <span class='ocrx_word' id='word_1_308' title='bbox 1022 2533 1135 2566; x_wconf 89' lang='lat' dir='ltr'>metu</span> <span class='ocrx_word' id='word_1_309' title='bbox 1155 2531 1383 2578; x_wconf 84' lang='lat' dir='ltr'>peractum,</span> <span class='ocrx_word' id='word_1_310' title='bbox 1405 2525 1635 2565; x_wconf 88' lang='lat' dir='ltr'>secundum</span> <span class='ocrx_word' id='word_1_311' title='bbox 1657 2524 1698 2562; x_wconf 88' lang='lat' dir='ltr'>id</span> 
     </span>
     <span class='ocr_line' id='line_1_38' title="bbox 139 2591 1701 2645; baseline -0.004 -12"><span class='ocrx_word' id='word_1_312' title='bbox 139 2594 246 2645; x_wconf 87' lang='lat' dir='ltr'>quod</span> <span class='ocrx_word' id='word_1_313' title='bbox 277 2600 373 2633; x_wconf 88' lang='lat' dir='ltr'>actu</span> <span class='ocrx_word' id='word_1_314' title='bbox 404 2598 477 2640; x_wconf 88' lang='lat' dir='ltr'>est,</span> <span class='ocrx_word' id='word_1_315' title='bbox 506 2606 654 2644; x_wconf 89' lang='lat' dir='ltr'>reapse</span> <span class='ocrx_word' id='word_1_316' title='bbox 683 2595 906 2645; x_wconf 87' lang='lat' dir='ltr'>respondet</span> <span class='ocrx_word' id='word_1_317' title='bbox 936 2591 1126 2632; x_wconf 89' lang='lat' dir='ltr'>electioni</span> <span class='ocrx_word' id='word_1_318' title='bbox 1158 2592 1393 2639; x_wconf 85' lang='lat' dir='ltr'>voluntatis,</span> <span class='ocrx_word' id='word_1_319' title='bbox 1423 2605 1449 2630; x_wconf 90' lang='lat' dir='ltr'>a</span> <span class='ocrx_word' id='word_1_320' title='bbox 1469 2604 1560 2642; x_wconf 81' lang='lat' dir='ltr'>qua,</span> <span class='ocrx_word' id='word_1_321' title='bbox 1584 2596 1701 2642; x_wconf 90' lang='lat' dir='ltr'>prout</span> 
     </span>
     <span class='ocr_line' id='line_1_39' title="bbox 138 2653 1698 2708; baseline -0.004 -12"><span class='ocrx_word' id='word_1_322' title='bbox 138 2656 206 2696; x_wconf 91' lang='lat' dir='ltr'>hic</span> <span class='ocrx_word' id='word_1_323' title='bbox 235 2663 275 2696; x_wconf 90' lang='lat' dir='ltr'>et</span> <span class='ocrx_word' id='word_1_324' title='bbox 301 2670 412 2695; x_wconf 92' lang='lat' dir='ltr'>nunc</span> <span class='ocrx_word' id='word_1_325' title='bbox 437 2655 637 2704; x_wconf 86' lang='lat' dir='ltr'>obiicitur,</span> <span class='ocrx_word' id='word_1_326' title='bbox 667 2655 897 2707; x_wconf 86' lang='lat' dir='ltr'>praefertur</span> <span class='ocrx_word' id='word_1_327' title='bbox 926 2656 1126 2708; x_wconf 88' lang='lat' dir='ltr'>opposito.</span> <span class='ocrx_word' id='word_1_328' title='bbox 1160 2655 1271 2707; x_wconf 82' lang='lat' dir='ltr'>Ergo</span> <span class='ocrx_word' id='word_1_329' title='bbox 1307 2654 1497 2694; x_wconf 88' lang='lat' dir='ltr'>absolute</span> <span class='ocrx_word' id='word_1_330' title='bbox 1529 2659 1567 2693; x_wconf 92' lang='lat' dir='ltr'>et</span> <span class='ocrx_word' id='word_1_331' title='bbox 1596 2653 1698 2691; x_wconf 89' lang='lat' dir='ltr'>sim-</span> 
     </span>
     <span class='ocr_line' id='line_1_40' title="bbox 138 2719 1698 2774; baseline -0.003 -14"><span class='ocrx_word' id='word_1_332' title='bbox 138 2721 298 2773; x_wconf 84' lang='lat' dir='ltr'>pliciter</span> <span class='ocrx_word' id='word_1_333' title='bbox 325 2722 602 2762; x_wconf 81' lang='lat' dir='ltr'>voluntarium</span> <span class='ocrx_word' id='word_1_334' title='bbox 635 2727 709 2771; x_wconf 80' lang='lat' dir='ltr'>est;</span> <span class='ocrx_word' id='word_1_335' title='bbox 731 2722 840 2770; x_wconf 88' lang='lat' dir='ltr'>licet,</span> <span class='ocrx_word' id='word_1_336' title='bbox 862 2721 958 2774; x_wconf 89' lang='lat' dir='ltr'>quia</span> <span class='ocrx_word' id='word_1_337' title='bbox 979 2721 1149 2761; x_wconf 87' lang='lat' dir='ltr'>semotis</span> <span class='ocrx_word' id='word_1_338' title='bbox 1170 2721 1250 2760; x_wconf 88' lang='lat' dir='ltr'>illis</span> <span class='ocrx_word' id='word_1_339' title='bbox 1272 2719 1596 2760; x_wconf 86' lang='lat' dir='ltr'>circumstantiis</span> <span class='ocrx_word' id='word_1_340' title='bbox 1617 2730 1698 2756; x_wconf 89' lang='lat' dir='ltr'>non</span> 
     </span>
     <span class='ocr_line' id='line_1_41' title="bbox 143 2786 1702 2840; baseline -0.004 -14"><span class='ocrx_word' id='word_1_341' title='bbox 143 2787 271 2836; x_wconf 88' lang='lat' dir='ltr'>fieret,</span> <span class='ocrx_word' id='word_1_342' title='bbox 301 2789 568 2840; x_wconf 83' lang='lat' dir='ltr'>hypothetice</span> <span class='ocrx_word' id='word_1_343' title='bbox 597 2788 649 2828; x_wconf 87' lang='lat' dir='ltr'>sit</span> <span class='ocrx_word' id='word_1_344' title='bbox 669 2787 999 2827; x_wconf 88' lang='lat' dir='ltr'>involuntarium.</span> <span class='ocrx_word' id='word_1_345' title='bbox 1024 2787 1092 2827; x_wconf 84' lang='lat' dir='ltr'>Sic</span> <span class='ocrx_word' id='word_1_346' title='bbox 1114 2793 1330 2834; x_wconf 90' lang='lat' dir='ltr'>mercator,</span> <span class='ocrx_word' id='word_1_347' title='bbox 1361 2786 1428 2837; x_wconf 87' lang='lat' dir='ltr'>qui</span> <span class='ocrx_word' id='word_1_348' title='bbox 1458 2788 1702 2835; x_wconf 88' lang='lat' dir='ltr'>tempestate</span> 
     </span>
     <span class='ocr_line' id='line_1_42' title="bbox 147 2847 1701 2906; baseline -0.004 -15"><span class='ocrx_word' id='word_1_349' title='bbox 147 2852 302 2900; x_wconf 86' lang='lat' dir='ltr'>oborta,</span> <span class='ocrx_word' id='word_1_350' title='bbox 330 2853 371 2891; x_wconf 88' lang='lat' dir='ltr'>in</span> <span class='ocrx_word' id='word_1_351' title='bbox 403 2867 518 2892; x_wconf 91' lang='lat' dir='ltr'>mare</span> <span class='ocrx_word' id='word_1_352' title='bbox 546 2853 920 2906; x_wconf 73' lang='lat' dir='ltr'>proiicit‘merces,</span> <span class='ocrx_word' id='word_1_353' title='bbox 950 2866 1001 2891; x_wconf 92' lang='lat' dir='ltr'>ne</span> <span class='ocrx_word' id='word_1_354' title='bbox 1032 2851 1294 2903; x_wconf 81' lang='lat' dir='ltr'>naufragium</span> <span class='ocrx_word' id='word_1_355' title='bbox 1325 2851 1508 2890; x_wconf 84' lang='lat' dir='ltr'>incurrat</span> <span class='ocrx_word' id='word_1_356' title='bbox 1524 2863 1533 2898; x_wconf 73' lang='lat'><em>3</em></span> <span class='ocrx_word' id='word_1_357' title='bbox 1566 2847 1701 2899; x_wconf 85' lang='lat' dir='ltr'>proie—</span> 
     </span>
    </p>
   </div>
  </div>
 </body>
</html>
