1970 3203
200 200 250 242 18
880 211 1100 239 ETHICA

198 290 306 342 quod
328 289 521 330 rationali
540 288 779 342 appetitioni
802 289 1036 340 respondet.
1055 289 1170 336 Quae
1191 297 1330 329 autem
1362 291 1612 343 respondent
1644 290 1782 331 sensi-

200 353 292 403 bus,
311 354 345 393 si
368 354 517 393 rationi
535 366 614 393 non
636 354 891 392 reluctentur
908 366 985 392 nec
1002 352 1155 392 bonum
1177 353 1363 393 adimant
1379 354 1436 394 illi
1457 354 1650 403 debitum,
1676 354 1786 394 bona

201 419 474 468 habebuntur;
498 420 559 459 sin
583 419 715 466 aliter,
738 419 814 459 etsi
836 426 1029 471 respectu
1051 419 1237 471 corporis
1267 419 1377 458 bona
1402 419 1481 459 dici
1510 421 1685 473 possint,
1717 427 1783 460 ta—

200 499 296 526 men
327 491 522 538 respectu
552 484 745 532 hominis,
777 484 967 524 absolute
998 487 1186 537 spectati,
1217 494 1316 525 sunt
1345 487 1468 525 mala.

250 550 284 591 7.
314 555 483 600 Bonum,
522 551 564 590 in
593 551 704 602 quod
734 563 923 603 quaeque
952 555 1105 592 natura
1133 552 1281 600 tendit,
1312 556 1378 592 est
1408 552 1502 592 finis
1529 553 1631 593 eius.
1653 552 1781 597 Finis,

198 630 223 655 α
249 617 454 668 finiendo,
487 614 636 655 dicitur
665 614 716 663 id,
740 614 846 667 quod
869 615 1064 654 terminat
1092 614 1256 667 aliquid.
1280 615 1349 654 Sic
1370 621 1566 667 punctum
1602 624 1665 655 est
1684 615 1780 655 finis

199 682 348 729 lineae,
367 688 407 721 et
424 682 540 721 calor
559 688 621 720 est
638 680 734 720 finis
750 680 1050 719 calefactionis.
1070 681 1208 727 Quare
1225 694 1308 720 vox
1329 680 1399 720 illa
1416 682 1468 720 ad
1484 681 1778 734 appetitionem

196 749 401 788 translata
421 747 632 799 significat
648 746 700 794 id,
718 746 826 799 quod
843 746 976 798 ipsam
994 746 1199 785 terminat.
1214 747 1351 799 Atqui,
1367 753 1410 785 ut
1425 746 1506 785 iam
1526 746 1780 787 demonstra-

199 812 348 859 vimus,
367 811 520 851 bonum
537 818 600 850 est
620 810 731 858 illud,
747 809 855 862 quod
873 809 1067 848 terminat
1083 809 1391 862 appetitionem.
1411 811 1522 863 Ergo
1538 810 1693 849 bonum
1710 817 1772 849 est

199 877 240 917 id
270 878 379 930 quod
409 876 622 917 constituit
651 877 776 914 finem
807 875 867 914 rei
898 875 1210 928 cuiuscumque.
1233 875 1366 924 Illud,
1389 875 1446 915 ad
1474 876 1591 928 quod
1611 876 1782 929 aliquid

199 944 331 983 tendit
360 944 434 993 (ait
467 943 506 982 S.
526 943 731 992 Thomas)
755 954 850 980 cum
872 944 994 981 extra
1018 941 1155 994 ipsum
1178 942 1335 994 fuerit,
1353 946 1392 981 et
1414 942 1456 981 in
1477 955 1561 994 quo
1581 941 1770 994 quiescit,

195 1021 291 1046 cum
324 1007 462 1059 ipsum
492 1006 701 1054 habuerit,
732 1008 792 1045 est
816 1005 919 1056 finis
949 1005 1050 1044 eius.
1090 1005 1431 1059 Unumquodque
1452 1010 1606 1053 autem,
1628 1005 1774 1058 siper-

185 1074 380 1124 feetione
401 1071 591 1125 propr-ia
620 1075 779 1119 eareat,
805 1072 851 1110 in
880 1071 1017 1123 ipsam
1048 1075 1252 1120 movetur,
1283 1077 1492 1124 quantum
1516 1072 1560 1111 in
1579 1084 1621 1110 se
1642 1074 1713 1119 est3
1735 1070 1773 1110 si

195 1153 292 1178 vero
323 1151 417 1178 eam
447 1138 610 1186 habeat,
640 1138 686 1177 in
710 1137 801 1189 ipsa
825 1137 1014 1189 quiescit.
1034 1137 1158 1176 Finis
1181 1137 1315 1189 zyi'tur
1348 1137 1684 1190 uniuscuiusque
1706 1135 1772 1175 rei

189 1208 252 1244 est
282 1207 374 1244 eius
396 1204 620 1257 perfectio.
650 1203 865 1255 Persectz‘o
897 1205 1040 1242 autem
1083 1202 1309 1242 cuiuslibet
1336 1206 1398 1243 est
1440 1203 1599 1243 bonum
1629 1203 1775 1255 ipsius.

198 1269 538 1323 Unumquodque
571 1269 705 1322 igitur
735 1269 971 1307 ordinatur·
1002 1269 1045 1307 in
1074 1267 1242 1316 bonum,
1272 1269 1384 1309 sieut
1414 1269 1457 1308 in
1477 1270 1618 1322 finem
1648 1269 1722 1319 (1).
1755 1282 1772 1304 >2

239 1337 275 1377 8.
308 1337 423 1377 Finis
451 1336 619 1388 proprie
642 1338 708 1375 est
726 1335 881 1375 bonum
901 1334 1138 1375 honestum.
1162 1335 1208 1373 In
1231 1334 1351 1374 bonis
1372 1341 1511 1374 autem
1531 1334 1611 1374 tria
1631 1333 1776 1374 consi-

188 1400 324 1440 derari
346 1406 532 1451 possunt:
557 1398 734 1445 utilitas,
757 1399 968 1447 honestus,
992 1399 1200 1450 voluptas.
1220 1398 1388 1439 Utilitas
1411 1405 1474 1438 est
1496 1397 1694 1438 habilitas
1715 1397 1775 1436 rei

184 1465 237 1504 ad
259 1465 355 1505 boni
375 1464 553 1504 alicuius
573 1464 848 1516 adeptionem.
870 1464 1033 1503 Bonum
1055 1462 1225 1515 proinde
1245 1463 1322 1503 sub
1342 1465 1424 1504 hoc
1443 1469 1638 1516 respectu
1657 1462 1772 1510 utile,

185 1531 344 1570 dicitur.
365 1531 567 1582 Exemplo
584 1530 637 1569 sit
654 1530 772 1570 cibus
785 1530 920 1582 quoad
934 1529 1127 1569 alendam
1139 1529 1277 1576 vitam,
1295 1537 1365 1570 aut
1383 1530 1560 1582 pecunia
1573 1536 1768 1581 respectu

184 1610 322 1636 rerum
341 1596 624 1636 emendarum.
649 1596 864 1636 Honestas
881 1602 943 1635 est
964 1595 1269 1643 convenientia,
1294 1609 1417 1647 quam
1437 1596 1556 1634 iuxta
1579 1595 1767 1635 ordinem

183 1662 358 1702 rationis
378 1662 531 1701 bonum
549 1667 695 1712 suapte
717 1661 752 1699 vi
768 1661 895 1700 habet
911 1673 1006 1700 cum
1023 1667 1174 1700 natura
1189 1674 1312 1713 quam
1334 1661 1513 1713 respicit,
1533 1666 1656 1713 atque
1676 1660 1769 1700 ideo

183 1728 337 1768 bonum
352 1728 575 1768 honestum
592 1726 691 1765 illud
703 1726 945 1779 appellatur,
962 1726 1070 1778 quod
1081 1732 1298 1778 propterea
1309 1726 1528 1778 appetitur,
1541 1726 1637 1779 quia
1648 1726 1769 1766 decet

184 1800 223 1834 et
252 1807 325 1845 per
342 1807 387 1834 se
407 1806 551 1833 amore
581 1798 644 1832 est
674 1792 857 1844 (lignum.
884 1792 1089 1844 Exemplo
1111 1792 1164 1831 sit
1194 1792 1372 1831 scientia
1392 1798 1464 1832 aut
1494 1793 1637 1840 virtus
1663 1805 1770 1844 quae

183 1866 433 1912 appetuntur
452 1859 503 1899 ob
521 1858 730 1911 propriam
758 1857 997 1897 bonitatem.
1016 1858 1062 1897 Id
1096 1870 1195 1897 vero
1226 1871 1309 1897 non
1336 1857 1524 1910 prohibet
1544 1858 1767 1911 quominus

182 1925 293 1965 bona
309 1924 587 1974 honesta,etsi
604 1937 791 1976 quaeque
809 1924 849 1963 in
867 1935 942 1964 suo
956 1923 1099 1963 ordine
1116 1929 1281 1976 propter
1298 1936 1343 1963 se
1361 1931 1621 1976 appetantur,
1642 1923 1764 1976 dirigi

182 1995 321 2029 tamen
342 1990 503 2042 possint
523 1989 576 2028 ad
597 1988 758 2041 potiora
778 1987 899 2035 bona,
918 2000 1025 2039 quae
1045 1987 1171 2027 etiam
1192 1987 1370 2026 honesta
1386 1987 1481 2027 sint.
1501 1987 1584 2026 Sub
1607 1987 1688 2026 hoc
1706 2000 1768 2026 re-

181 2061 328 2107 spectu
361 2055 577 2094 utilitatem
599 2054 724 2094 etiam
746 2053 1009 2106 participant.
1033 2053 1219 2105 Denique
1243 2053 1433 2104 voluptas
1460 2059 1523 2092 est
1552 2052 1669 2105 quies
1698 2052 1769 2091 illa

180 2132 304 2170 quam
326 2118 533 2170 appetitus
553 2118 595 2157 in
617 2117 885 2170 possessione
901 2117 999 2156 boni
1026 2116 1249 2169 experitur,
1266 2122 1306 2157 et
1325 2117 1478 2156 bonum
1501 2116 1577 2156 sub
1599 2116 1680 2156 hoc
1703 2129 1768 2155 re-

180 2187 326 2233 spectu
349 2181 593 2222 delectabile
614 2188 890 2233 nuncupatur.
913 2181 1119 2232 Exemplo
1140 2180 1193 2220 sit
1212 2180 1362 2221 iterum
1383 2180 1502 2220 cibus
1523 2186 1563 2219 et
1591 2179 1767 2220 scientia

181 2260 354 2299 quorum
385 2247 453 2287 ille
485 2247 694 2295 sensilem,
726 2248 832 2287 haec
863 2246 1123 2299 spiritualem
1154 2246 1471 2287 delectationem
1508 2247 1640 2295 affert3
1669 2245 1767 2286 licet

180 2313 457 2353 communiter
478 2313 724 2354 delectabile
744 2313 895 2353 bonum
916 2313 958 2352 id
978 2312 1151 2360 dicatur,
1174 2312 1282 2364 quod
1298 2318 1464 2365 propter
1483 2313 1616 2352 solam
1638 2313 1762 2352 volu-

182 2385 355 2429 ptatem,
388 2385 429 2418 et
459 2379 623 2432 quidem
655 2379 865 2427 sensilem,
897 2378 1218 2430 concupiscitur.

235 2446 445 2493 Iamvero,
476 2445 586 2497 quod
609 2445 895 2485 tantummodo
917 2444 1014 2484 utile
1046 2450 1108 2484 est
1124 2457 1201 2485 nec
1218 2444 1341 2484 aliam
1364 2458 1438 2498 per
1457 2458 1502 2486 se
1532 2445 1757 2486 bonitatem

181 2508 415 2560 participat,
437 2509 602 2561 proprie
632 2521 716 2548 non
738 2516 913 2558 amatur,
936 2508 1010 2548 sed
1030 2508 1071 2547 in
1091 2508 1180 2560 ipso
1202 2514 1366 2548 amatur
1393 2509 1546 2548 bonum
1567 2508 1676 2557 illud,
1708 2507 1760 2547 ad

178 2574 289 2627 quod
312 2575 626 2627 adipiscendum
659 2582 720 2614 est
741 2581 896 2627 aptum.
928 2575 1132 2626 Voluptas
1162 2587 1235 2614 seu
1253 2574 1470 2614 delectatio
1493 2574 1605 2626 diligi
1622 2579 1758 2627 potest

179 2644 223 2677 ut
244 2637 340 2690 quid
371 2650 632 2688 consequens
656 2637 967 2690 possessionem
990 2638 1098 2687 boni,
1121 2643 1244 2690 atque
1265 2637 1356 2678 ideo
1378 2643 1543 2690 propter
1559 2638 1660 2678 illud
1680 2651 1759 2689 ap-

177 2700 340 2753 petitur,
358 2713 442 2740 non
459 2701 623 2754 quidem
641 2708 854 2753 tamquam
872 2701 1053 2741 medium
1067 2707 1231 2754 propter
1249 2703 1373 2742 finem
1393 2701 1628 2754 (ridiculum
1651 2701 1760 2741 enim

219 2915 268 2958 (1)
297 2915 451 2948 Summa
478 2914 619 2947 Contra
646 2913 819 2952 Gentiles,
842 2914 896 2946 lib.
924 2914 979 2953 Ill,
1003 2924 1077 2956 cap.
1104 2915 1147 2947 16.
