1970 3203
127 237 203 279 188
222 251 289 278 lUS
309 252 511 278 NATURAE
527 263 539 268 -
556 252 664 279 PARS
687 252 791 279 1-1US
809 253 1249 281 INDlVlDUALE-CAPUT
1266 254 1318 281 lv.
1336 255 1388 282 DE
1405 255 1573 285 OFFICHS
1591 257 1680 286 ECC.

124 324 177 363 ab
208 324 389 373 homine,
420 325 486 377 qui
518 325 639 365 datae
669 325 767 365 fidei
798 325 946 366 deesse
976 326 1132 379 nequit,
1168 327 1271 367 tanti
1303 328 1422 378 valet,
1453 330 1595 381 quanti
1626 342 1703 382 pe-

125 390 251 429 cunia
280 403 386 443 quae
417 391 550 431 otiose
581 391 622 430 in
653 391 822 431 scriniis
853 401 1144 432 conservatur.
1165 393 1292 445 quue
1323 394 1428 434 adeo
1459 408 1602 435 verum
1634 402 1713 444 est,

86 483 91 492 2
125 460 167 493 ut
197 467 324 506 saepe
354 455 577 505 pecuniam
608 455 719 508 apud
750 455 855 495 alios
887 456 1095 508 deponere
1125 457 1364 506 soleamus,
1399 465 1575 510 accepta
1604 472 1709 511 syn-

125 521 300 572 grapha,
324 533 431 572 quae
454 520 565 560 aliud
586 521 774 573 profecto
797 535 880 561 non
898 528 960 562 est
981 521 1061 561 nisi
1082 522 1262 574 pecunia
1285 523 1505 575 promissa;
1527 532 1570 565 at
1590 538 1713 566 nemo

124 585 165 625 id
195 585 355 625 faciens
386 586 516 626 credit
547 601 592 627 se
624 587 763 628 minus
794 589 988 641 accipere
1018 602 1144 641 quam
1175 590 1378 643 deposuit.

179 651 367 704 Denique
397 652 431 691 si
462 652 552 703 quis
583 653 764 703 obiiciat,
787 655 1010 706 pecuniam
1033 668 1128 695 esse
1158 655 1426 705 fructiferam,
1451 671 1502 698 ac
1533 659 1708 711 proinde

124 717 252 768 pluris
283 718 589 760 aestimandam
609 754 618 769 ‚
649 734 774 774 quam
805 722 857 762 sit
887 722 978 762 eius
1005 723 1124 763 valor
1153 724 1357 774 actualis;
1389 727 1705 778 respondemus,

125 794 216 821 eam
247 794 342 822 esse
372 782 629 825 fructiferam
660 799 744 825 non
775 799 848 838 per
877 799 935 835 se,
966 787 1040 826 sed
1071 787 1122 827 ob
1158 787 1404 828 industriam
1436 789 1704 841 possidentis.

125 847 263 893 Quare
294 847 329 886 si
358 848 412 887 ad
441 848 551 888 hanc
580 850 829 890 industriam
859 851 1047 891 ordinem
1077 851 1238 891 nullum
1267 859 1366 893 ante
1396 853 1622 902 exhibeat,
1658 868 1708 895 eo

123 910 233 962 quod
263 913 514 952 commercio
545 914 756 954 destinata
785 928 868 954 non
894 922 1006 964 erat3
1038 929 1121 955 non
1152 916 1279 955 alium
1309 917 1508 966 valorem,
1540 925 1708 970 praeter

126 976 407 1028 obsignatum,
426 979 621 1019 continet.
636 981 755 1027 Quod
776 983 809 1021 si
832 981 1029 1034 deinceps
1047 983 1297 1023 mutuatario
1314 984 1475 1023 lucrum
1492 984 1701 1037 importat,

124 1041 325 1081 iniustum
357 1051 419 1082 est
449 1051 491 1083 ut
522 1058 620 1096 pars
651 1046 740 1086 eius
771 1047 975 1087 mutuanti
1006 1049 1153 1089 cedat:
1198 1055 1283 1088 tum
1314 1049 1410 1102 quia
1439 1063 1507 1090 res
1538 1050 1706 1089 domino

126 1105 236 1145 utilis
268 1119 362 1146 esse
393 1107 514 1148 debet
546 1110 637 1161 (per
657 1117 843 1150 mutuum
875 1118 1013 1151 autem
1036 1112 1266 1164 proprietas
1297 1113 1511 1165 pecuniae,
1542 1121 1586 1154 ut
1608 1113 1704 1162 dixi,

124 1169 166 1207 in
196 1172 495 1211 mutuat-arium
526 1175 732 1214 translata
753 1180 858 1227 est);
890 1183 975 1215 tum
994 1176 1118 1215 etiam
1149 1176 1245 1228 quia
1275 1190 1326 1216 ex
1348 1177 1470 1216 huius
1499 1176 1707 1216 industria

122 1237 287 1276 lucrum
318 1239 542 1288 enascitur,
573 1240 773 1281 iniustum
804 1248 942 1282 autem
974 1242 1037 1282 est
1067 1242 1239 1282 alterius
1263 1243 1494 1283 industriae
1523 1242 1703 1282 fructum

123 1302 201 1342 sibi
234 1316 450 1355 usurpare.

174 1370 238 1410 88.
268 1371 314 1411 In
343 1372 481 1412 locum
511 1385 667 1413 usurae
686 1374 803 1415 licite
834 1374 1111 1415 substituitur
1129 1375 1295 1415 lucrum
1315 1374 1463 1426 legale.
1486 1375 1575 1414 Etsi
1598 1387 1707 1426 quae

123 1432 317 1483 diximus,
340 1449 441 1475 vera
463 1436 557 1485 sint;
580 1443 720 1478 tamen
751 1444 886 1490 potest
906 1439 1104 1486 societaS,
1135 1439 1188 1478 acl
1214 1439 1514 1478 commercium
1536 1451 1705 1490 promo-

124 1500 323 1549 vendum,
354 1503 521 1542 sancire
552 1512 597 1544 ut
625 1504 693 1556 qui
724 1505 945 1556 pecuniam
975 1512 1161 1544 mutuam
1193 1505 1376 1557 accipit,
1408 1505 1560 1558 aliquid
1591 1505 1705 1544 danti

123 1565 336 1615 retribuat,
368 1569 475 1620 quod
507 1570 677 1609 lucram
707 1572 844 1623 legale
866 1571 946 1611 dici
976 1577 1126 1623 potest.
1149 1572 1256 1611 Nam
1289 1571 1330 1610 in
1362 1571 1572 1624 praesenti
1594 1584 1706 1611 com-

125 1631 270 1670 mercii
301 1633 572 1684 amplitudine
603 1640 643 1674 et
671 1635 902 1675 industriae
932 1635 1128 1675 vastitate
1150 1635 1352 1675 mutuatio
1384 1635 1588 1687 pecuniae
1617 1648 1702 1674 non

125 1697 244 1737 modo
275 1698 512 1747 utilissima,
544 1713 687 1739 verum
710 1701 834 1743 etiam
857 1701 1027 1742 omnino
1058 1701 1303 1741 necessaria
1331 1701 1477 1741 evasit.
1509 1702 1565 1740 At
1585 1700 1708 1740 valde

127 1761 350 1802 difficulter
378 1762 667 1803 invenirentur
696 1765 763 1817 qui
794 1779 886 1805 eam
918 1772 1107 1805 mutuam
1139 1765 1297 1813 darent,
1329 1765 1364 1805 si
1389 1765 1505 1804 nulla
1535 1764 1712 1804 utilitate

126 1826 419 1875 allicerentur;
452 1840 503 1866 ex
524 1841 605 1880 quo
626 1829 883 1869 commercia
913 1835 953 1869 et
971 1842 1109 1868 rerum
1132 1828 1483 1868 elaborandarum
1504 1827 1712 1867 industria

125 1903 327 1942 magnum
360 1891 651 1931 detrimentum
675 1899 885 1945 caperent.
919 1892 1109 1932 Societas
1130 1893 1266 1945 igitur,
1299 1898 1343 1931 ut
1365 1892 1472 1931 bono
1495 1890 1708 1931 communi

125 1956 366 2008 prospiciat,
399 1957 507 1996 sicut
536 1958 773 2010 vectigalia,
805 1959 969 2007 tributa,
1000 1959 1036 1999 ei
1066 1958 1150 1997 alia
1179 1971 1310 1998 onera
1338 1971 1411 2010 pro
1442 1957 1613 2010 publica
1635 1957 1709 1996 uti-

126 2022 240 2062 litate
262 2023 477 2075 imponere
499 2031 660 2076 potest;
691 2024 750 2063 ita
770 2024 894 2064 etiam
924 2025 989 2064 ius
1019 2024 1147 2064 habet
1171 2023 1381 2064 statuendi
1402 2030 1444 2063 ut
1473 2023 1541 2076 qui
1571 2023 1703 2062 bene-

124 2086 264 2125 ficium
296 2094 464 2127 mutuae
496 2088 698 2139 pecuniae
728 2088 807 2127 frui
838 2088 1059 2137 desiderat,
1091 2089 1408 2128 determinatum
1438 2088 1599 2128 lucrum
1625 2100 1708 2126 mu-

125 2152 268 2191 tuandi
290 2153 501 2204 rependat.
527 2156 645 2194 Tunc
667 2154 807 2195 licebit
828 2155 928 2195 illud
950 2155 1145 2207 accipere
1166 2169 1191 2195 a
1213 2154 1477 2203 mutuatario;
1500 2153 1703 2206 siquidem

126 2231 209 2258 non
229 2218 433 2271 accipitur
454 2227 496 2259 ut
519 2233 658 2269 usura,
682 2222 755 2261 sed
785 2228 828 2261 ut
850 2221 1080 2274 praemium
1113 2235 1139 2261 a
1160 2223 1251 2273 lege
1272 2227 1453 2262 cautum.
1476 2221 1530 2260 At
1551 2234 1602 2260 ne
1624 2221 1705 2261 hoc

126 2285 285 2324 lucrum
316 2286 451 2337 legale
481 2286 522 2325 in
551 2300 724 2326 usuram
759 2287 1013 2341 degeneret,
1053 2301 1158 2340 opus
1190 2293 1254 2327 est
1288 2295 1332 2326 ut
1365 2287 1474 2327 intra
1503 2286 1706 2327 terminos

126 2351 400 2400 contineatur,
433 2352 500 2405 qui
522 2353 585 2392 vel
607 2353 659 2392 ab
689 2353 781 2405 ipsa
801 2355 893 2405 lege
915 2353 1072 2393 definiti
1103 2353 1197 2403 sint,
1224 2354 1285 2393 vel
1308 2353 1533 2406 probentur
1552 2366 1578 2392 a
1599 2352 1702 2392 viris

126 2417 323 2456 iustitiam
355 2428 396 2459 et
424 2419 687 2459 honestatem
719 2421 963 2460 colentibus.

178 2483 285 2523 Vide
313 2490 440 2524 totam
473 2485 584 2525 hanc
615 2486 665 2524 de
694 2499 822 2526 usura
852 2485 1184 2526 controversiam
1216 2487 1326 2538 apud
1361 2485 1654 2540 Taparellium,
1685 2498 1711 2524 a

128 2560 209 2599 quo
240 2547 443 2599 profunde
473 2556 513 2588 et
545 2549 863 2602 diligentissime
893 2555 1146 2602 pertractata
1176 2557 1240 2589 est
1263 2551 1336 2602 (1).

170 2687 220 2727 (1)
246 2687 387 2729 Sa99i0
412 2688 589 2720 {corotico
614 2688 653 2721 cli
679 2688 818 2721 Dis-ino
843 2689 1035 2726 naturale,
1061 2688 1159 2720 Diss.
1184 2689 1243 2727 Vl,
1267 2698 1295 2720 c.
1318 2689 1348 2726 4,
1371 2698 1402 2720 a.
1424 2688 1452 2719 4.

645 2821 751 2847 ΓΙΝῙΞ
781 2821 891 2847 IURls
921 2820 1200 2847 lNDIVIDUALIS
