1970 3203
467 189 604 225 CAPUT
632 198 670 224 11.
697 199 750 225 DE
781 197 949 226 OFFICxls
979 199 1150 227 HOMINIS
1179 199 1292 226 ERGA
1321 199 1439 226 DEUM
1662 189 1741 229 147

170 280 232 315 ter
251 274 475 327 procedere
496 274 651 314 veritas
667 280 814 326 potest,
835 275 914 315 nisi
936 275 1129 328 dogmate
1150 276 1411 329 imponendo,
1429 283 1467 316 et
1487 277 1740 330 exquirendo

167 350 358 386 assensu,
381 343 549 389 propter
577 338 907 378 infallibilitatem
938 353 1020 390 qua
1048 341 1185 391 pollet.
1212 342 1274 379 En
1305 341 1441 381 Fides.
1471 342 1578 380 Dum
1607 342 1648 380 id
1678 355 1742 382 ve-

164 402 267 442 ritas
296 409 494 455 praestat,
525 417 600 443 suo
630 403 718 443 iure
747 404 899 453 utitur3
931 404 1048 456 eique
1079 405 1282 457 refragari
1311 419 1429 446 mens
1458 407 1612 460 nequit,
1642 408 1740 460 quin

163 479 209 505 se
240 466 536 517 perduellionis
567 467 725 519 flagitio
756 468 1021 507 contaminet.
1044 469 1162 508 Haec
1192 470 1353 521 quidem
1384 485 1410 510 a
1437 471 1610 520 ratione,
1632 472 1667 511 si
1697 478 1741 510 ut

163 529 267 568 ratio
300 529 394 569 duci
430 530 541 578 velit,
573 531 791 571 detrectari
820 544 904 570 non
934 538 1119 583 possunt.

179 633 182 637 ,
224 593 354 633 Obiic.
386 594 461 633 III.
485 595 701 635 Revelatio
723 596 942 647 opponitur
970 595 1149 636 libertati
1170 598 1463 638 conscientiae.
1486 600 1540 638 At
1570 600 1738 641 libertas

168 658 450 699 conscientiae
482 660 534 698 ad
563 660 628 699 ius
656 667 832 701 naturae
861 662 1047 713 pertinet.

217 724 267 762 R.
300 722 402 762 Dist.
437 723 667 782 Qpponitur
695 724 873 763 libertati
903 725 1125 777 legitimae,
1150 739 1272 778 negyoe
1289 726 1583 778 intemperanti
1613 735 1652 768 et
1673 743 1740 769 ve-

166 802 297 829 sanae
329 790 520 829 concedo.
1540 845 1543 849 .

221 855 332 894 Vera
360 854 641 895 conscientiae
670 855 840 895 libertas
868 856 910 894 in
938 857 1019 896 hoc
1051 857 1131 896 sita
1160 862 1223 896 est
1243 890 1251 905 ‚
1291 863 1334 896 ut
1362 858 1487 897 homo
1519 872 1545 897 a
1573 860 1739 899 nemine

165 919 352 970 impediri
369 920 527 968 debeat,
545 920 766 972 quominus
787 921 828 959 in
850 922 982 961 Deum
1002 927 1045 961 ut
1074 923 1115 961 in
1137 922 1346 974 proprium
1367 924 1492 963 finem
1513 937 1559 963 se
1581 925 1741 964 ordinet

165 984 282 1022 iuxta
311 983 477 1023 ductum
499 990 537 1024 et
558 984 858 1036 praescriptum
879 985 1008 1037 ipsius
1029 986 1117 1033 Dei,
1140 999 1165 1024 a
1185 999 1264 1037 quo
1294 987 1502 1038 quaelibet
1533 993 1739 1035 creatura,

165 1055 251 1090 tota
280 1056 437 1101 quanta
466 1055 558 1097 est,
590 1050 803 1101 dependet.
834 1052 888 1089 At
918 1050 1085 1089 minime
1115 1052 1295 1103 postulat
1324 1052 1365 1090 in
1409 1053 1533 1092 homo
1564 1053 1616 1092 ab
1646 1053 1738 1105 ipso

165 1115 289 1154 ductu
319 1120 359 1154 et
387 1114 644 1166 praescripto
676 1115 751 1154 Dei
781 1115 997 1164 eximatur;
1026 1116 1107 1155 nisi
1128 1116 1295 1156 nomine
1318 1116 1517 1156 libertatis
1539 1118 1667 1157 stulta
1698 1118 1742 1156 li-

165 1177 304 1217 centia
333 1184 373 1216 et
402 1177 630 1228 perduellio
660 1177 928 1229 intelligatur.

219 1242 348 1281 Obiic.
380 1243 450 1282 IV.
483 1244 540 1282 Ut
570 1243 675 1282 fides
711 1249 996 1283 consentanea
1025 1244 1079 1283 sit
1108 1244 1283 1292 rationi,
1321 1245 1441 1285 debet
1472 1245 1598 1285 homo
1628 1254 1741 1286 certo

166 1307 276 1347 scire
300 1309 430 1347 Deum
454 1321 547 1347 esse
568 1309 794 1360 loquutum.
823 1309 947 1361 Atqui
969 1306 1094 1349 homo
1125 1311 1237 1349 hanc
1254 1311 1546 1351 certitudinem
1564 1325 1648 1351 non
1670 1326 1744 1352 as-

171 1373 367 1421 sequitur.
400 1374 442 1412 Si
472 1375 580 1413 enim
611 1382 915 1426 assequeretur,
934 1375 986 1414 ad
1003 1375 1146 1415 Fidem
1176 1383 1408 1428 cogeretur;
1441 1390 1642 1417 assensus
1663 1392 1741 1418 au-

168 1446 252 1479 tem
282 1438 395 1479 Fidei
427 1439 547 1478 debet
577 1452 671 1478 esse
700 1440 814 1487 liber,
844 1446 888 1479 ut
917 1441 969 1480 sit
998 1441 1245 1481 meritorius.

224 1505 272 1543 R.
309 1505 430 1543 Cone.
453 1504 553 1543 mai.
575 1510 614 1543 et
637 1517 741 1556 nesso
763 1505 865 1544 min.
882 1506 947 1544 Ad
966 1506 1123 1556 probat.
1143 1506 1236 1545 dist:
1257 1507 1298 1546 Si
1316 1508 1603 1547 certitudinem
1626 1509 1740 1549 illam

168 1574 465 1620 assequeretur
494 1581 541 1607 ex
565 1569 832 1620 argumentis
855 1569 1107 1617 intrinsecis,
1126 1570 1178 1609 ad
1198 1570 1340 1610 Fidem
1361 1578 1591 1623 cogeretur,
1612 1576 1736 1612 tran-

168 1639 268 1680 seat;
291 1633 325 1672 si
356 1645 409 1671 ex
438 1632 696 1683 argumentis
725 1639 883 1672 tantum
914 1633 1174 1681 extrinsecis,
1198 1647 1315 1686 neyo.
1338 1636 1457 1681 Quod
1486 1649 1585 1675 vero
1616 1644 1743 1677 actus

167 1696 264 1735 fidei
294 1696 443 1735 debeat
472 1708 565 1735 esse
595 1696 711 1744 liber,
741 1704 784 1735 ut
813 1697 864 1736 sit
893 1697 1139 1745 meritorius
1170 1697 1344 1738 libenter
1374 1700 1657 1740 concedimus.

222 1761 351 1799 Deum
373 1772 466 1799 esse
487 1760 701 1812 loquutum
724 1766 764 1799 et
783 1761 1079 1800 manifestasse
1101 1761 1311 1813 dogmata,
1333 1777 1439 1815 quae
1471 1765 1742 1805 Revelatione

169 1825 444 1872 continentur,
463 1825 694 1866 certissime
716 1832 881 1865 constat
898 1839 949 1865 ex
966 1827 1180 1867 miraculis
1198 1834 1236 1866 et
1252 1829 1491 1879 prophetiis,
1509 1831 1742 1883 ceterisque

166 1888 425 1940 argumentis
442 1901 548 1940 quae
565 1889 720 1928 motiva
736 1889 1031 1938 credibilitatis,
1045 1899 1349 1943 nuncupantur.
1366 1894 1486 1932 Unde
1506 1894 1742 1934 Richardus

167 1964 193 1989 a
223 1952 262 1990 S.
290 1951 801 2005 Victoredmemorabilem
830 1953 943 1991 illam
973 1954 1142 2004 protulit
1169 1955 1445 1995 sententiam:
1478 1957 1674 2006 Domine,
1704 1960 1746 1998 si

166 2015 328 2062 falsum
359 2024 419 2055 esc
446 2015 561 2067 quod
590 2016 812 2064 eredimus,
848 2030 873 2055 a
906 2020 941 2056 te
970 2017 1132 2069 decepti
1156 2031 1334 2058 sumus:
1371 2020 1452 2059 ista
1484 2021 1594 2060 enim
1625 2023 1742 2062 nobis

166 2080 229 2120 eis
247 2081 384 2133 signis
400 2082 653 2134 confirmata
675 2087 784 2129 sunt,
808 2095 918 2134 quae
940 2084 1110 2122 nonnisi
1131 2097 1155 2122 α
1180 2084 1579 2137 tefieripotuernnt
1597 2089 1670 2139 (l).
1688 2092 1743 2129 At

171 2146 327 2187 motiva
348 2148 417 2187 illa
437 2148 693 2187 constituunt
713 2157 1003 2200 argumentum
1021 2149 1314 2198 extrinsecum,
1332 2158 1416 2190 tum
1437 2153 1571 2205 quoad
1586 2153 1742 2194 factum

168 2212 303 2264 ipsum
323 2214 591 2253 revelationis
611 2221 697 2253 tum
718 2215 854 2266 quoad
871 2215 1066 2255 veritates
1088 2229 1191 2267 quae
1212 2229 1284 2267 per
1302 2216 1454 2257 factum
1477 2219 1574 2258 illud
1603 2221 1740 2259 mani—

170 2275 383 2315 festantur.
400 2277 509 2316 Hinc
531 2278 574 2316 fit
597 2284 639 2316 ut
659 2291 870 2326 assensus,
888 2279 956 2330 qui
978 2279 1110 2326 datur,
1131 2279 1319 2320 libertate
1340 2294 1422 2320 non
1444 2289 1599 2331 careat;
1620 2284 1741 2336 idque

171 2339 221 2378 ob
243 2340 447 2391 duplicem
478 2354 663 2380 causam:
685 2355 810 2380 unam
846 2342 1108 2391 obiectivam,
1131 2344 1305 2384 alteram
1336 2345 1619 2385 subiectivam.

222 2405 361 2444 Causa
378 2405 584 2445 obiectiva
599 2412 662 2445 est
678 2407 865 2447 carentia
880 2407 1030 2459 proprii
1048 2408 1189 2447 motivi
1207 2410 1342 2461 quoad
1360 2410 1579 2459 obiectum,
1590 2425 1740 2465 nempe

168 2468 358 2508 carentia
375 2468 547 2508 visionis
564 2469 622 2508 rei
643 2483 748 2521 quae
769 2471 1023 2523 proponitur,
1044 2472 1085 2511 in
1107 2486 1187 2523 qua
1209 2473 1367 2513 visione
1390 2475 1605 2515 dumtaxat
1621 2491 1740 2517 mens

165 2532 434 2584 conquiescit.
457 2533 661 2572 Audiatur
678 2534 718 2572 S.
734 2535 920 2574 Thomas
937 2548 945 2574 τ
971 2550 990 2573 (ε
1012 2536 1120 2582 Quia
1135 2536 1372 2576 intellectus
1390 2540 1599 2590 (respectu
1617 2545 1737 2580 actus

166 2597 308 2649 Fidei)
325 2611 410 2637 non
422 2599 501 2638 hoc
519 2599 640 2638 modo
661 2599 906 2639 terminatur
923 2601 976 2639 ad
996 2615 1135 2649 unum,
1153 2607 1196 2641 ut
1217 2603 1269 2641 ad
1285 2604 1493 2655 proprium
1517 2607 1738 2645 terminum

167 2663 428 2714 perducatur,
440 2665 508 2716 qui
529 2671 591 2704 est
612 2664 715 2703 visio
733 2665 909 2705 alicuius
929 2665 1211 2718 intelligibilis,
1229 2669 1324 2708 inde
1345 2676 1407 2708 est
1431 2670 1539 2721 quod
1555 2671 1642 2710 eius
1659 2685 1742 2710 mo-

169 2735 237 2769 tus
257 2731 439 2770 nondum
462 2737 524 2770 est
544 2731 762 2783 quietatus,
787 2732 860 2771 sed
881 2732 1018 2771 adhuc
1039 2732 1164 2772 habet
1189 2733 1486 2786 cogitationem
1507 2744 1548 2776 et
1567 2736 1741 2789 inquisi-

225 2883 275 2924 (1)
301 2884 354 2917 De
387 2885 581 2925 Trinitate,
603 2887 660 2919 lib.
683 2887 705 2919 l.
730 2898 757 2920 c.
780 2888 807 2920 2.
