1970 3203
239 214 375 241 CAPUT
391 214 428 240 11.
446 213 498 239 DE
515 213 780 241 OPERATIONE
797 216 970 243 HUMANA
990 218 1129 245 PROUT
1147 219 1392 245 ORDINATUR
1407 220 1446 245 IN
1464 220 1590 247 FINEM
1646 208 1696 246 65

745 366 990 408 ARTlCULUS
1022 370 1091 408 VI.

638 494 704 533 De
733 495 883 535 merito
915 500 954 535 et
982 497 1185 538 demerito

174 625 237 664 61.
267 626 367 674 Quid
395 626 592 666 meritum
621 627 689 667 vel
718 627 978 669 demeritum.
1001 631 1201 670 Actiones
1226 633 1450 682 humanae,
1489 648 1563 675 seu
1594 649 1619 675 a
1649 637 1701 676 li-

121 688 221 728 bera
250 689 460 729 voluntate
481 690 765 741 procedentes,
788 691 934 743 triplici
955 692 1215 744 potissimum
1238 704 1410 747 aspectu
1436 699 1702 740 considerari

124 761 325 806 possunt:
357 754 543 804 scilicet,
580 756 716 808 quoad
746 756 930 797 ordinem
961 758 1146 807 rationis,
1169 760 1270 812 ipsis
1300 775 1325 801 a
1355 771 1506 803 natura
1530 767 1702 816 praesti-

124 825 284 869 tutum,
316 821 451 872 quoad
480 821 723 870 subiectum,
754 822 862 874 quod
892 836 1036 863 earum
1067 834 1129 865 est
1158 840 1302 877 causa,
1337 830 1473 881 quoad
1505 832 1621 880 alios,
1653 833 1694 872 in

125 897 296 936 quorum
327 885 649 924 emolumentum
679 886 744 925 vel
775 885 1065 927 detrimentum
1096 889 1259 930 cedunt.
1293 891 1378 931 Sub
1409 892 1542 944 prima
1577 895 1699 934 habi-

123 947 276 995 tudine,
308 948 583 989 moralitatem
612 949 837 1001 important
857 964 865 998 ;
888 951 965 989 sub
986 953 1184 1001 secunda,
1214 954 1589 1007 imputabilitatem;
1613 959 1690 997 sub

124 1014 257 1062 tertia,
288 1014 421 1054 meriti
452 1016 518 1055 vel
549 1015 734 1055 demeriti
766 1016 975 1056 notionem
1006 1017 1191 1067 induunt,
1222 1034 1328 1073 quae
1357 1022 1459 1061 nihil
1495 1030 1557 1063 est
1588 1024 1699 1063 aliud

121 1079 202 1119 nisi
235 1081 461 1132 Conyrztae
491 1081 782 1121 retributionis
813 1083 1038 1135 eael'gyentc'a.
1062 1086 1190 1125 Porro
1216 1087 1440 1135 retributio,
1472 1102 1578 1141 quae
1608 1104 1696 1130 me—

119 1143 196 1184 rito
227 1143 408 1192 debetur,
439 1144 599 1193 dicitur,
617 1145 879 1198 praemium;
902 1147 1127 1197 retributio,
1150 1163 1255 1201 quae
1276 1151 1449 1191 debetur
1483 1153 1698 1203 demerito,

121 1211 268 1251 dicitur
290 1224 444 1264 poena.

671 1339 1139 1380 PROPOSITIONES.

175 1468 236 1506 62.
271 1467 519 1506 Pssoposrrio
550 1466 606 1506 1³.
637 1466 777 1505 Homo
809 1467 972 1506 aetcbas
1000 1468 1088 1506 suis
1103 1472 1244 1521 potest
1262 1471 1380 1523 apud
1396 1472 1506 1512 alios
1538 1477 1697 1515 meret-i

124 1534 186 1572 rel
214 1532 438 1571 demereri.

177 1598 298 1637 Prob.
332 1598 469 1636 Homo
490 1596 655 1636 actibus
676 1597 763 1636 suis
783 1604 918 1649 potest
938 1598 1092 1650 aliquid
1112 1599 1294 1649 efficere,
1311 1603 1418 1653 quod
1448 1603 1489 1642 in
1520 1606 1691 1645 alterius

121 1663 442 1703 emolumentum
473 1661 618 1709 cedat;
650 1660 746 1713 quin
776 1661 829 1700 ad
850 1661 902 1709 id,
920 1662 1110 1701 mercede
1133 1670 1265 1714 pacta,
1291 1678 1343 1705 ex
1363 1667 1561 1717 peculiari
1584 1668 1694 1708 obli-

120 1728 288 1781 gatione
318 1733 521 1766 teneatur.
553 1727 598 1766 In
631 1739 679 1766 eo
709 1739 812 1766 casu
842 1727 948 1766 ratio
978 1727 1134 1767 ordinis
1165 1735 1204 1768 et
1225 1730 1386 1771 debitae
1409 1734 1690 1784 proportionis

118 1795 302 1846 postulat
331 1799 374 1832 ut
403 1793 449 1840 is,
472 1791 539 1844 qui
561 1805 690 1844 opera
705 1792 876 1832 alterius
897 1800 1046 1833 auctus
1068 1799 1142 1842 est,
1164 1794 1297 1835 vicem.
1320 1796 1375 1835 illi
1405 1799 1615 1850 rependat,
1638 1814 1689 1840 ac

117 1857 373 1900 tantumdem
402 1857 548 1896 reddat
577 1856 626 1895 de
655 1855 776 1895 bonis
805 1856 904 1903 suis,
935 1862 1132 1908 quantum
1163 1860 1347 1911 recepit;
1386 1862 1532 1902 saltem
1555 1862 1689 1914 ipsum

116 1930 358 1976 compenset
386 1922 494 1974 grati
536 1921 662 1961 animi
693 1934 834 1961 sensu.
866 1922 912 1960 Id
940 1935 1039 1962 vero
1071 1936 1153 1962 non
1184 1930 1247 1963 est
1275 1925 1415 1974 aliud,
1462 1926 1542 1966 nisi
1575 1929 1686 1968 actui

116 1990 254 2029 inesse
284 1986 536 2039 exigentiam
567 1985 752 2037 praemii,
783 1998 931 2037 nempe
961 1987 1167 2027 meritum.

171 2053 413 2095 Consimilis
432 2051 694 2092 ratiocinatio
711 2053 784 2091 fiat
801 2065 874 2103 pro
890 2052 1135 2100 actionibus,
1157 2067 1262 2106 quae
1284 2061 1432 2095 contra
1452 2056 1493 2096 in
1516 2059 1690 2098 alterius

118 2121 407 2162 detrimentum
437 2124 626 2169 vergunt.
658 2117 715 2156 Iis
745 2117 879 2164 enim,
910 2131 962 2156 ex
992 2119 1136 2157 eodem
1167 2119 1323 2159 ordinis
1353 2122 1579 2175 principio,
1611 2124 1685 2164 de-

116 2185 243 2226 bitum
274 2183 380 2223 inest
409 2180 612 2221 subeundi
643 2194 833 2232 poenam,
864 2194 1013 2233 nempe
1045 2188 1088 2221 ut
1117 2183 1279 2223 auctori
1301 2186 1557 2226 tantumdem
1590 2187 1686 2227 boni

120 2250 319 2294 dematur,
349 2251 549 2298 quantum
577 2244 666 2296 ipse
696 2244 813 2284 alteri
843 2245 1009 2284 actione
1039 2259 1117 2285 sua
1145 2247 1325 2288 abstulit.

168 2315 284 2353 Nota
305 2326 318 2351 .·
348 2311 404 2351 Ut
432 2310 524 2363 quis
553 2311 661 2361 apud
697 2312 871 2350 alterum
902 2316 1121 2358 mereatur,
1153 2326 1258 2364 opus
1287 2327 1370 2353 non
1401 2322 1463 2354 est
1492 2329 1544 2356 ex
1574 2318 1686 2357 nullo

116 2378 253 2419 officio
283 2377 337 2416 ad
365 2375 572 2415 actionem
605 2374 899 2426 praestandam
930 2375 1159 2427 adstringi;
1191 2377 1265 2416 sed
1305 2379 1483 2427 sufficit,
1516 2386 1557 2418 ut
1588 2380 1683 2428 dixi,

114 2451 156 2484 ut
185 2444 238 2484 ad
265 2443 379 2482 illam
409 2454 462 2480 ex
491 2440 688 2491 peculiari
710 2446 927 2480 contractu
946 2454 1030 2480 non
1052 2447 1251 2490 teneatur,
1277 2450 1447 2495 recepta
1477 2447 1683 2486 mercede.

118 2508 160 2547 Si
190 2507 299 2547 enim
328 2505 369 2544 id
397 2506 481 2552 fiat,
511 2503 703 2543 meritum
732 2504 889 2542 nullum
921 2504 1026 2552 erit;
1057 2512 1278 2557 propterea
1313 2509 1421 2559 quod
1451 2515 1547 2549 tunc
1579 2510 1686 2549 actio

115 2571 184 2618 illi,
214 2571 254 2609 in
277 2569 393 2609 cuius
413 2569 568 2607 bonurn
586 2566 705 2615 cedit,
731 2567 884 2606 directe
903 2568 1084 2616 debetur,
1106 2574 1316 2621 tamquam
1337 2571 1489 2624 aliquid
1509 2574 1562 2612 ad
1577 2575 1685 2625 quod

112 2637 178 2676 ius
199 2634 430 2687 acquisivit.
454 2634 730 2685 Quamquam,
749 2646 797 2672 eo
815 2632 938 2672 etiam
961 2646 1072 2681 casu,
1088 2634 1158 2686 qui
1178 2635 1380 2675 actionem
1401 2638 1516 2689 ponit
1536 2639 1684 2678 mereri

113 2700 272 2751 poterit,
295 2705 462 2752 propter
481 2697 733 2750 peculiarem
756 2696 1012 2748 diligentiam
1033 2697 1099 2736 vel
1121 2698 1375 2740 celeritatem
1396 2707 1467 2739 aut
1487 2701 1683 2741 adiuncta

116 2762 215 2810 alia,
244 2770 410 2814 praeter
439 2766 684 2801 consuetum
706 2759 890 2799 ordinem
914 2760 1162 2812 conquisita.
1186 2762 1268 2801 Sed
1294 2763 1470 2815 quoties,
1495 2765 1608 2803 nulla
1627 2779 1692 2817 pe-

118 2825 264 2866 culiari
293 2826 485 2877 pactione
516 2830 706 2877 cogente,
737 2827 829 2876 quis
858 2823 898 2862 in
929 2823 1082 2862 bonum
1099 2825 1269 2865 alterius
1282 2833 1484 2877 ¹operatur
1495 2840 1504 2874 ;
1526 2827 1687 2865 etiamsi

121 2890 302 2930 officium
333 2891 501 2943 aliquod
531 2896 570 2930 et
599 2890 807 2942 generalis
835 2889 1032 2942 obligatio
1076 2890 1116 2929 id
1148 2892 1406 2943 praecipiat;
1436 2898 1574 2933 tannen
1603 2893 1689 2932 eius

174 2963 177 2966 ’
199 2965 630 2999 LmERATonE—Ethiccc
654 2969 689 2997 et
714 2966 775 2997 Ius
799 2969 973 2998 naturae.
1607 2970 1625 2999 5
