1970 3203
203 174 283 215 150
539 186 604 213 IUS
634 184 836 211 NATURAE
857 193 878 199 -
898 183 1007 209 PARS
1036 182 1059 208 1.
1089 182 1155 209 IUS
1183 182 1451 209 lNDIVIDUALE

255 264 319 304 48.
339 263 479 312 Quoad
497 263 771 303 voluntatem.
790 260 935 307 Quoad
952 259 1209 299 voluntatem
1227 259 1347 300 debet
1362 260 1487 300 homo
1508 260 1625 300 iuxta
1642 266 1784 300 rectae

202 326 377 366 rationis
406 326 612 379 principia
642 325 796 364 bonum
826 322 1019 377 prosequi
1050 324 1287 376 malumque
1331 324 1549 373 aversari;
1590 329 1713 377 atque
1743 324 1785 363 in

212 399 387 445 utroque
417 394 498 431 hoc
519 391 731 431 actionum
752 403 907 443 genere
923 383 1118 441 legitimis
1139 388 1307 428 motivis
1326 388 1492 441 impelli,
1523 402 1628 442 quae
1652 388 1785 428 ordini

203 471 354 505 reruni,
372 471 476 510 quas
498 456 681 509 respicit,
704 463 799 508 apte
820 454 1113 508 respondeant.
1137 453 1410 493 Potissimum
1431 454 1494 494 sic
1514 455 1643 495 vitam
1666 468 1787 494 suam

201 521 392 562 instituat
421 526 583 572 oportet
601 534 610 567 3
640 527 684 561 ut
704 521 757 560 ad
777 519 1042 572 adeptionem
1065 518 1196 557 ultimi
1216 518 1325 566 finis,
1346 518 1387 557 in
1418 532 1497 571 quo
1535 532 1776 572 supremum

201 588 290 627 eius
306 588 460 627 bonum
479 586 683 635 consistit,
701 600 746 626 se
764 585 1177 637 dirigatassidueque
1198 591 1457 636 promoveat.
1480 585 1620 632 Quare
1643 592 1785 631 cetera

202 653 312 692 bona
342 651 404 691 sic
435 657 630 704 appetere
652 657 692 691 et
713 649 951 690 consectari
974 648 1106 697 debet,
1129 654 1173 687 ut
1193 648 1330 700 ipsum
1360 648 1456 687 inde
1477 661 1562 687 non
1593 662 1784 698 avocent,

204 719 280 758 sed
311 718 453 758 iuvent
484 717 647 769 potius;
678 723 803 769 atque
834 717 899 755 vel
930 715 971 754 in
1001 715 1151 756 virtute
1183 714 1266 754 sint
1296 714 1451 766 posita,
1483 715 1557 754 vel·
1578 716 1630 755 ad
1660 728 1784 755 exer-

200 783 378 822 cendam
396 783 589 823 virtutem
612 782 785 821 reddant
807 779 1070 832 paratiorem.
1094 778 1294 818 Ordinem
1315 791 1477 830 quoque
1497 777 1540 817 in
1561 779 1783 830 appetendi

199 849 468 889 facultatibus
498 854 691 901 procuret
721 859 898 886 necesse
929 852 999 894 est,
1030 852 1070 885 et
1100 844 1486 898 concupiscentiam
1519 843 1580 884 sic
1611 858 1783 898 compe—

198 919 303 962 scat,
330 920 374 953 ut
403 914 510 953 haec
544 912 622 952 sibi
653 911 910 950 dominatum
935 922 1020 948 non
1061 914 1244 961 arroget,
1279 908 1353 947 sed
1390 907 1517 947 menti
1552 907 1782 948 subiaceat.

199 978 257 1017 Ut
285 976 395 1016 enim
427 983 540 1016 recte
580 975 776 1015 observat
820 973 1078 1013 Heineccius
1120 974 1206 1024 (1):
1239 987 1259 1011 α
1293 973 1428 1024 Saepe
1458 972 1536 1012 soli
1565 972 1622 1011 illi
1652 973 1783 1012 animi

197 1044 375 1096 impetus
405 1043 618 1082 hominem
647 1042 704 1081 ita
734 1041 776 1080 in
799 1047 1068 1081 transversus
1088 1047 1230 1092 agunt,
1252 1045 1298 1079 ut
1317 1040 1401 1079 fine
1432 1052 1508 1079 suo
1539 1039 1721 1088 excidat,
1743 1047 1782 1080 et

197 1112 265 1150 vel
295 1124 401 1150 vera
431 1110 628 1149 felicitate
667 1113 812 1149 careat
833 1140 843 1156 ,
881 1108 947 1147 vel
976 1107 1134 1146 tristem
1174 1106 1361 1146 eiusdem
1408 1105 1534 1145 faciat
1563 1105 1783 1144 iacturam.

197 1177 426 1217 Praeterea
456 1175 690 1228 generatim
720 1188 804 1214 non
834 1174 959 1214 saciet
979 1187 1162 1226 unquam
1184 1173 1367 1212 officium
1389 1172 1576 1225 quisquis
1605 1173 1803 1213 affectus.

197 1253 283 1280 non
316 1240 445 1280 habet
474 1239 515 1278 in
546 1246 753 1292 potestate
772 1272 783 1286 ,
815 1239 965 1292 quippe
994 1238 1064 1290 qui
1092 1237 1151 1276 ita
1180 1242 1424 1289 pervertunt
1453 1243 1492 1276 et
1522 1236 1781 1289 distorquent

197 1306 326 1346 animi
357 1306 570 1354 iudicium,
603 1312 646 1345 ut
675 1305 778 1345 nihil
808 1312 923 1345 recte
953 1310 993 1344 et
1023 1303 1167 1343 ordine
1197 1305 1282 1343 fiat.
1314 1303 1424 1344 Hinc
1457 1303 1645 1343 Statius:

444 1463 577 1470 .....
601 1439 653 1470 Ne
674 1438 820 1470 fraenos
845 1436 959 1469 animo
984 1436 1152 1478 permitte
1175 1436 1313 1475 calenti,

444 1491 500 1522 Da
524 1490 681 1532 spatium
704 1492 923 1529 tenuemque
946 1498 1095 1527 moram,
1119 1489 1215 1521 mala
1237 1491 1366 1522 cuncta
1388 1488 1571 1521 ministrat

445 1545 606 1586 Impetus
634 1544 694 1585 (2).

195 1665 399 1708 Nimirum
440 1665 547 1704 ratio
578 1665 697 1717 ipsa,
742 1665 808 1704 cui
839 1664 987 1704 fraena
1029 1665 1275 1712 traduntur,
1306 1663 1464 1704 tamdiu
1508 1667 1656 1715 potens
1686 1668 1749 1702 est
1771 1694 1780 1710 ‚

198 1731 397 1785 quamdiu
427 1730 608 1770 deducta
637 1736 701 1769 est
730 1729 783 1768 ab
813 1728 1046 1768 affectibus.
1066 1728 1108 1767 Si
1131 1727 1298 1767 miscuit
1327 1741 1374 1768 se
1404 1728 1485 1767 illis
1510 1734 1549 1767 et
1579 1727 1781 1779 inquina-

196 1795 256 1836 vit
277 1810 286 1844 ;
308 1808 391 1834 non
410 1800 547 1846 potest
562 1793 789 1841 continere,
807 1805 912 1845 quos
927 1792 1175 1832 submovere
1192 1792 1406 1844 potuisset.
1427 1793 1648 1831 Commota
1669 1791 1780 1830 enim

197 1870 238 1903 et
267 1874 477 1901 concussa
506 1874 626 1900 mens
658 1859 694 1900 ei
724 1859 879 1906 servit,
911 1872 937 1897 a
965 1872 1045 1911 quo
1076 1858 1300 1910 impellitur
1330 1860 1404 1910 (3).
1438 1873 1457 1896 »
1501 1859 1637 1911 Atque
1668 1857 1779 1896 hanc

196 1926 308 1965 vitae
338 1924 641 1964 ordinationem
662 1924 787 1963 homo
819 1922 1030 1970 obtinebit,
1050 1922 1084 1962 si
1114 1922 1276 1962 idoneis
1298 1922 1522 1962 virtutibus
1551 1935 1702 1962 ornare
1733 1934 1780 1961 se

197 1990 389 2037 studeat3
421 1988 571 2041 quibus
602 1994 642 2028 et
663 1987 871 2040 prudens,
903 1993 943 2027 et
974 1986 1122 2035 iustus,
1143 1993 1183 2027 et
1199 1987 1352 2039 sortis,
1383 1993 1423 2027 et
1455 1990 1700 2040 temperans
1718 1986 1780 2025 ef-

197 2052 377 2092 ficiatur.

251 2117 315 2157 49.
345 2117 472 2156 Error
499 2116 875 2157 rationalistarum.
909 2116 1031 2164 Hinc,
1065 2116 1262 2168 quoniam
1284 2130 1422 2157 sermo
1456 2121 1519 2156 est
1549 2116 1598 2155 de
1629 2115 1782 2164 studio⁷

198 2193 278 2233 quo
309 2180 436 2219 homo
467 2192 512 2219 se
530 2180 583 2218 ad
614 2180 806 2219 virtutem
837 2187 1095 2232 promoveat,
1116 2181 1387 2233 praetermitti
1409 2180 1577 2220 omnino
1609 2193 1692 2218 non
1716 2180 1782 2219 de-

200 2246 298 2286 bent
328 2259 390 2294 ea,
422 2259 528 2298 quae
558 2253 730 2286 nostrae
760 2247 910 2286 aetatis
940 2247 1228 2287 rationalistae
1266 2248 1416 2288 docent
1447 2248 1498 2287 de
1528 2247 1696 2287 motivis
1727 2249 1781 2287 ad

201 2310 458 2349 voluntatem
488 2309 846 2349 determinandam
876 2310 1049 2350 idoneis.
1081 2313 1137 2351 Ut
1161 2312 1272 2351 enim
1293 2313 1399 2351 alias
1433 2312 1626 2359 diximus,
1649 2313 1780 2361 Kant,

197 2378 430 2417 recentium
461 2377 817 2418 rationalistarum
849 2385 979 2430 pater,
1011 2379 1060 2418 de
1090 2379 1282 2418 elateriis
1312 2379 1536 2427 disserens,
1566 2392 1673 2431 quae
1705 2392 1780 2418 vo—

199 2445 401 2485 luntatem
431 2444 507 2485 rite
524 2445 577 2484 ad
597 2445 808 2497 agendum
830 2445 1058 2496 impellant,
1080 2452 1295 2498 tamquam
1318 2458 1391 2498 pro
1413 2445 1607 2485 tribunali
1630 2445 1781 2484 decer-

199 2509 260 2548 nit
289 2510 478 2559 regulam
511 2522 749 2560 supremam
781 2509 908 2549 officii
928 2509 969 2548 in
999 2510 1081 2549 hoc
1103 2509 1260 2562 reponi,
1290 2510 1400 2562 quod
1440 2509 1550 2549 actio
1582 2514 1782 2548 exeratur

200 2587 226 2613 a
253 2573 422 2626 priori:
453 2580 662 2624 quatenus
692 2587 843 2626 nempe
873 2575 1008 2622 homo,
1038 2573 1081 2612 in
1113 2573 1262 2614 officiis
1301 2573 1389 2614 suis
1419 2571 1665 2624 implendis,
1696 2586 1782 2612 non

202 2639 316 2679 aliud
344 2646 531 2691 spectet,
562 2640 643 2679 nisi
673 2640 1013 2689 observantiam,
1045 2654 1168 2693 quam
1209 2641 1276 2681 lex
1307 2640 1385 2681 sibi
1424 2640 1639 2688 vindicat,
1671 2645 1710 2680 et
1739 2640 1781 2679 in

242 2783 293 2823 (1)
318 2783 429 2814 Elem.
457 2781 558 2814 Iul-is
582 2783 668 2814 Nat.
694 2787 730 2816 ct
755 2784 853 2816 Gcnt.
881 2783 898 2824 ἓ
923 2785 991 2816 140.

244 2836 294 2875 (2)
329 2834 502 2867 Thebaid.
526 2835 583 2867 lib.
608 2836 653 2873 X,
670 2846 705 2867 ·v.
729 2837 800 2874 626,

246 2887 296 2930 (3)
321 2888 475 2926 SENECA,
498 2887 551 2920 De
576 2889 649 2927 ἱνα,
673 2888 728 2920 lib.
754 2890 795 2920 V.
