1970 3203
207 240 342 267 CAPUT
370 240 406 265 11.
437 239 490 266 DE
511 239 774 266 OPERATIONE
796 241 973 268 HUMANA
994 241 1136 269 PROUT
1156 241 1397 268 ORDINATUR
1416 242 1458 268 IN
1479 242 1605 269 FINEM
1634 230 1684 270 47

126 315 251 368 telligi
278 320 425 367 potest;
447 322 567 368 prout
586 329 734 367 nempe
764 330 788 356 a
810 317 997 365 Robinet‚
1021 319 1085 357 vel
1107 332 1132 357 a
1151 318 1387 359 recentibus
1407 319 1684 371 Phrenologis

125 379 366 431 explicatur.
385 379 469 427 Ille,
489 380 691 431 Sensismi
708 380 838 432 elapsi
860 381 1016 420 saeculi
1036 381 1188 421 deliriis
1209 381 1456 434 exagitatus,
1477 381 1685 430 iudicium,

122 458 201 498 quo
231 445 384 484 bonum
411 458 437 484 a
456 445 567 484 malo
589 444 848 494 discernitur,
869 446 1011 486 sensui
1042 446 1204 486 cuidam
1224 447 1386 487 interno
1408 447 1559 496 tribuit,
1582 456 1687 488 cete-

116 509 173 549 ris
195 508 373 561 quinque
404 508 678 549 exterioribus
699 510 892 561 analogo.
913 509 982 550 Ait
1012 509 1121 548 enim
1137 516 1351 550 auctorem
1373 517 1545 551 naturae
1565 511 1685 551 nobis

121 572 320 612 indidisse
351 572 664 624 dispositionem
685 573 908 625 quamdam
938 573 1137 625 probandi
1161 574 1383 613 nonnullas
1412 573 1611 622 actiones,
1633 581 1690 614 at-

118 649 196 688 que
216 635 319 674 alias
340 635 602 687 reprobandi.
620 637 742 675 Hanc
756 636 1078 688 dispositionem,
1091 649 1215 688 quam
1231 636 1470 676 instinctum
1486 639 1688 678 moralem

121 701 313 754 appellat,
334 714 419 740 non
440 714 534 741 esse
556 701 667 741 aliud
687 701 767 741 nisi
788 715 957 742 sensum
978 702 1198 754 quemdam
1224 701 1472 750 interiorem,
1494 702 1561 754 qui
1581 704 1690 755 opti-

121 780 188 807 me
218 766 476 806 assimilatur
495 767 635 819 gustui
657 767 787 807 dulcis
808 775 848 808 et
868 768 1010 807 amari.
1034 768 1134 807 Eius
1155 780 1301 807 vocem
1327 781 1421 807 esse
1442 776 1687 820 promptam,

120 831 299 878 facilem,
329 829 599 879 infallibilem,
621 844 700 870 nec
722 831 774 871 ab
808 832 900 871 idea
919 833 1004 871 ulla
1028 837 1099 870 aut
1122 832 1440 871 ratiocinatione
1469 833 1687 873 anteverti.

125 899 231 936 Tum
248 909 454 948 organum
475 896 512 936 ei
532 896 755 946 constituit,
778 898 885 949 quod
904 898 1061 937 morale
1081 897 1279 937 nominat.
1298 898 1347 937 Et
1367 897 1557 950 quamvis
1576 897 1691 950 igno-

125 971 209 1003 tum
231 963 282 1003 sit
303 963 370 1003 ubi
391 963 584 1011 resideat,
606 971 746 1005 tamen
767 964 979 1016 probabile
1000 969 1116 1016 putat
1131 963 1230 1002 illud
1245 963 1389 1015 reponi
1410 963 1452 1002 in
1470 962 1585 1002 fibris
1606 964 1690 1015 qui-

123 1029 299 1070 busdam
320 1029 559 1077 moralibus,
581 1029 622 1069 in
643 1030 811 1070 cerebro
833 1029 1141 1078 exsistentibus,
1166 1043 1271 1082 quae
1292 1029 1536 1070 relationem
1552 1030 1685 1070 habe-

122 1099 195 1133 ant
225 1106 318 1132 cum
339 1105 498 1144 organo
529 1092 644 1132 visus
673 1099 713 1133 et
742 1094 919 1133 auditus·
951 1093 1124 1133 Obiecta
1153 1092 1272 1141 enim,
1298 1107 1403 1145 quae
1434 1094 1511 1133 hos
1539 1106 1689 1133 sensus

120 1159 360 1211 impellunt,
390 1159 569 1199 honesta
599 1166 669 1198 aut
698 1160 832 1212 turpia
861 1173 887 1198 a
915 1159 1034 1199 nobis
1063 1158 1324 1211 potissimum
1354 1158 1587 1198 iudicantur
1616 1161 1690 1211 (1).

180 1225 291 1264 Huic
311 1225 436 1264 affine
457 1230 521 1264 est
537 1232 815 1265 commentum
833 1226 1204 1277 Phrenologorum,
1220 1225 1329 1276 apud
1351 1238 1454 1277 quos
1484 1226 1525 1264 in
1560 1226 1695 1265 Gallia

124 1288 466 1337 materialismus‚
497 1303 522 1328 a
550 1288 815 1341 philosophia
843 1289 1118 1341 propulsatus,
1148 1289 1392 1328 indecorum
1424 1289 1501 1328 sibi
1530 1290 1693 1341 asylum

121 1353 292 1393 invenit.
323 1353 376 1392 Hi
407 1353 597 1393 diversas
627 1353 847 1393 facultates
877 1353 1061 1393 morales
1092 1366 1165 1404 per
1195 1352 1363 1392 totidem
1386 1354 1595 1393 humanae
1616 1355 1695 1393 cal-

124 1430 202 1456 vae
221 1417 582 1468 protuberationes
612 1422 651 1456 et
680 1417 838 1456 cerebri
868 1417 1220 1457 conformationes
1252 1418 1475 1469 explicant3
1497 1432 1522 1456 a
1545 1418 1692 1470 quibus

123 1480 222 1519 illae
243 1480 503 1532 dependeant
521 1480 563 1518 in
585 1481 808 1532 operando,
831 1488 873 1519 ut
893 1481 1007 1520 visus
1027 1481 1078 1519 ab
1104 1482 1236 1530 oculo,
1258 1488 1297 1520 et
1318 1481 1482 1520 auditus
1504 1481 1556 1520 ab
1577 1495 1689 1522 aure.

127 1543 287 1583 Exinde
317 1543 503 1595 singulos
532 1544 723 1584 homines
752 1545 805 1583 ad
835 1546 1040 1584 actionem
1070 1557 1196 1583 unam
1216 1545 1364 1596 potius,
1401 1558 1525 1596 quam
1554 1546 1691 1593 aliam,

126 1609 400 1650 exserendam
419 1608 501 1648 vim
518 1610 657 1648 sortiri
673 1610 749 1656 sic,
767 1616 810 1649 ut
831 1611 883 1649 ad
905 1623 978 1649 eas
997 1610 1247 1650 necessitate
1267 1624 1520 1662 organorum
1541 1618 1582 1652 et
1601 1625 1694 1651 con-

127 1675 242 1714 flictu
270 1680 411 1714 mutuo
431 1675 769 1727 propensionum‚
786 1675 836 1715 iis
857 1676 1090 1722 affixarum,
1108 1675 1444 1716 determinentur.
1467 1678 1617 1724 Quare,
1639 1677 1696 1716 fa-

124 1738 293 1778 talismo
324 1739 503 1791 quodam
531 1738 709 1788 invecto,
732 1739 1012 1779 moralitatem
1042 1752 1206 1779 omnem
1237 1753 1258 1779 e
1288 1739 1422 1779 medio
1443 1741 1612 1792 pellunt,
1643 1754 1693 1780 ac

127 1802 193 1842 vel
222 1802 488 1843 atrocissima
516 1802 706 1842 facinora
735 1812 952 1843 excusant.

180 1869 257 1907 His
286 1868 504 1920 explicatis
524 1868 634 1908 nullo
655 1870 823 1921 negotio
845 1870 975 1909 thesis
1008 1869 1246 1922 propositae
1278 1869 1433 1910 veritas
1459 1870 1693 1910 innotescit.

127 1932 235 1970 Nam
252 1931 444 1972 Robineti
465 1932 661 1984 opinatio,
681 1939 767 1972 tota
787 1940 942 1985 quanta
963 1940 1036 1980 est,
1054 1933 1094 1972 in
1112 1934 1326 1973 Sensismo
1348 1933 1551 1982 fundatur,
1573 1948 1694 1987 quem

121 1997 206 2036 late
222 1996 264 2036 in
281 1998 564 2050 Psychologia
579 1998 862 2038 refutavimus.
881 1999 1052 2038 Insania
1068 2012 1166 2039 vero
1186 2000 1556 2052 Phrenologorum,
1570 2014 1693 2053 prae-

122 2066 188 2099 ter
206 2060 472 2108 sensismum,
487 2060 738 2101 fatalismum
753 2062 923 2109 inducit,
937 2062 1173 2102 discrimine
1189 2063 1294 2102 inter
1311 2063 1463 2103 bonum
1482 2069 1521 2103 et
1537 2065 1693 2104 malum

125 2137 295 2176 prorsus
328 2125 467 2165 ablato
491 2126 564 2177 (2).
587 2125 680 2174 Sed,
702 2132 745 2166 ut
765 2125 995 2177 generatim
1031 2138 1119 2165 rem
1154 2126 1496 2176 demonstremus,
1519 2127 1695 2169 dicimus

173 2277 223 2317 (1)
248 2277 302 2309 De
326 2278 364 2309 Za
388 2281 535 2316 nature,
557 2277 611 2310 liv.
636 2279 677 2310 V.

169 2331 219 2372 (2)
247 2332 373 2367 Quoad
396 2332 588 2364 vanitatem
610 2333 874 2374 Phrenologiae
890 2334 1011 2366 recole
1028 2344 1120 2375 quae
1139 2335 1292 2368 diximus
1312 2336 1343 2368 in
1359 2338 1607 2380 Psyelzologyicc
1624 2350 1651 2372 c.
1667 2340 1696 2375 Ξ,

126 2388 189 2418 art.
213 2387 240 2418 52.
265 2385 496 2418 Nihilominus
512 2386 567 2417 hic
589 2396 654 2427 per
676 2389 905 2420 transennam
928 2388 1110 2421 adiicimus
1133 2390 1388 2422 auctoritatem
1412 2392 1613 2432 Magendie,
1637 2393 1696 2433 qui

123 2437 206 2470 licet
219 2438 251 2469 in
267 2447 334 2469 sua
348 2437 585 2478 physiologia
599 2447 668 2470 non
684 2448 810 2479 parum
828 2440 1118 2472 materialismum
1136 2441 1241 2478 oleat,
1257 2444 1376 2473 tamen
1392 2443 1436 2474 de
1451 2444 1695 2484 craniologico

125 2491 326 2529 systemate
343 2488 394 2520 sic
411 2488 546 2527 scribit;
565 2499 581 2517 «
593 2490 642 2521 Le
657 2491 907 2531 Phrenologia
920 2492 1217 2532 pseudo-science
1232 2493 1275 2525 de
1289 2503 1355 2525 nos
1370 2494 1484 2535 jours,
1513 2505 1650 2529 comme
1664 2498 1698 2528 e-

125 2540 236 2572 taient
251 2543 410 2580 naguere
425 2540 709 2581 1⁷astrologie,1a
725 2543 982 2581 necromancia
998 2543 1195 2581 l'alchimie,
1212 2545 1361 2585 pretend
1376 2546 1544 2578 localiser
1561 2548 1647 2579 dans
1664 2548 1697 2580 le

125 2601 279 2624 cerveau
301 2591 354 2624 les
380 2592 541 2624 diverses
567 2596 687 2625 sortes
709 2595 752 2627 de
776 2594 979 2632 memoires;
1002 2595 1090 2626 mais
1109 2605 1169 2627 ses
1188 2597 1314 2628 efforts
1332 2606 1372 2629 se
1396 2598 1578 2630 reduisent
1595 2601 1615 2630 a
1634 2600 1698 2631 des

129 2645 342 2683 assertions,
355 2646 413 2686 qui
427 2656 469 2678 ne
488 2647 712 2679 soutiennent
724 2657 790 2689 pas
804 2658 849 2680 un
861 2648 970 2680 istaut
984 2648 1168 2681 l'exarnen.
1185 2650 1254 2682 Les
1269 2650 1522 2691 cranologues,
1536 2654 1557 2683 a
1573 2652 1607 2683 la
1623 2654 1698 2684 tete

125 2699 296 2739 desquels
311 2702 366 2731 est
383 2699 415 2731 le
430 2700 580 2732 docteur
597 2700 686 2739 Gall,
701 2705 786 2733 vont
799 2701 984 2744 beaucoup
1002 2702 1083 2743 plus
1099 2702 1181 2741 loin,·
1198 2703 1241 2735 ils
1258 2704 1452 2745 n’aspirent
1468 2715 1489 2736 a
1500 2705 1573 2737 rien
1585 2706 1697 2738 moins

125 2752 209 2791 qu’a
223 2753 436 2785 determiner
451 2754 504 2785 les
526 2754 706 2796 capacites
719 2755 991 2788 intellecttielles
1008 2766 1075 2797 par
1097 2756 1132 2788 la
1149 2757 1408 2797 conformation
1425 2759 1490 2790 des
1507 2762 1644 2797 emines,
1664 2764 1697 2793 et

127 2807 272 2838 surtout
283 2816 348 2847 par
360 2807 414 2839 les
428 2808 561 2840 saillies
577 2809 714 2841 locales
733 2809 791 2849 qui
808 2810 864 2851 s'y
880 2811 1172 2850 remarquent.Un
1184 2811 1299 2851 grand
1312 2811 1595 2844 m'athematicien
1609 2814 1697 2845 offre

129 2858 283 2890 certaine
295 2859 471 2893 elevation
487 2871 555 2894 non
571 2862 641 2894 loin
655 2863 698 2894 de
711 2863 857 2896 l'orbite.
878 2864 974 2896 C'est
995 2863 1039 2901 la,
1056 2864 1133 2895 n'en
1150 2865 1281 2896 doutez
1298 2865 1405 2905 point,
1423 2856 1542 2905 s'lu'est
1567 2866 1699 2906 l'orga-

131 2920 173 2953 ne
189 2911 236 2943 du
254 2912 377 2946 calcul.
393 2914 445 2946 Un
461 2915 585 2948 artiste
600 2916 741 2948 celebre
756 2927 776 2948 a
791 2917 874 2949 telle
893 2917 1004 2949 bosse
1022 2927 1066 2949 au
1078 2917 1185 2949 front.
1199 2917 1296 2949 C'est
1309 2917 1343 2949 la
1360 2918 1477 2957 qu'est
1494 2919 1525 2950 le
1540 2919 1636 2958 siege
1654 2920 1697 2951 de
